5402 7088
992 519 1403 595 nrrnounrtcus
1635 506 1639 514 '
2033 521 2080 596 59

328 692 365 834 †
388 734 529 816 Decimo
550 751 673 816 octavo
695 763 790 816 anno
813 745 1036 834 principatus
1059 745 1255 816 Guaimarii
1281 745 1343 814 fllii
1368 745 1576 834 Guaimarii,
1601 763 1721 816 mense
1743 747 1898 836 Martio,
1921 749 2052 834 quarta
2075 749 2132 818 tn·

281 897 450 970 dictione.

326 1055 387 1124 Sic
410 1054 541 1138 incipit
564 1057 711 1123 temtus:

328 1229 348 1271 ‹
372 1209 446 1294 Ego
468 1208 643 1276 Iohannes
666 1207 826 1278 abitator
848 1205 891 1276 de
916 1202 1044 1276 tocum'
1056 1253 1252 1274 ......
1276 1206 1370 1276 fitius
1392 1205 1568 1294 quondam
1592 1204 1780 1294 maesiam,
1801 1208 1895 1277 sicut
1923 1203 2031 1275 michi
2049 1224 2133 1276 con-

282 1385 300 1422 «
324 1377 456 1448 gruum
480 1365 546 1448 est,
571 1377 662 1430 vona
688 1379 769 1430 mea
791 1359 984 1430 bolumtate
1007 1379 1070 1447 per
1094 1377 1163 1428 enc
1187 1361 1363 1430 cartulam
1386 1309 1472 1430 ante
1497 1361 1681 1446 presentia
1701 1358 1860 1430 ademari
1884 1364 2005 1430 comiti
2027 1366 2065 1432 et
2081 1363 2136 1431 iu-

281 1510 395 1580 «dici
422 1509 630 1580 venumdedi
659 1509 773 1598 adque
801 1511 847 1580 ad
873 1529 1011 1599 semper
1038 1510 1215 1581 ebandum
1247 1509 1377 1579 tradidi
1408 1512 1472 1578 tivi
1503 1511 1602 1578 Petri
1634 1511 1710 1579 tbio
1733 1529 1832 1580 meus
1854 1512 1929 1582 fltio
1951 1513 2130 1600 quondam

282 1688 299 1727 ‹
324 1664 472 1732 Iohanni
489 1681 551 1752 pro
566 1681 648 1751 pars
662 1668 699 1734 et
719 1665 796 1732 vice
820 1663 913 1750 petri
930 1664 994 1731 tilii
1012 1664 1086 1732 ursi
1115 1663 1241 1732 inclita
1269 1713 1647 1734 ...........
1673 1667 1829 1762 pertinet
1852 1667 1960 1735 abere
1984 1669 2024 1734 in
2057 1669 2132 1754 ipso

280 1839 298 1877 ‹
324 1816 440 1884 locum
474 1816 627 1885 baniara
653 1816 716 1904 qui
748 1822 803 1885 est
829 1821 928 1887 terra
959 1835 1041 1886 cum
1064 1817 1220 1886 arbustis
1255 1821 1291 1888 at
1314 1819 1434 1887 insitis
1459 1824 1496 1888 et
1526 1867 1867 1888 ..........
1891 1816 2133 1890 mitilianense

285 1991 304 2030 ‹
330 1965 420 2036 fines
443 1985 506 2055 per
529 1987 569 2038 ec
591 1968 675 2036 finis
697 1974 733 2038 et
756 1973 948 2040 mensurio.

326 2121 586 2192 Describuntur
606 2122 694 2205 fines
716 2125 750 2191 et
772 2139 962 2192 nrensnree
984 2127 1118 2211 terroe,
1143 2141 1205 2193 nec
1222 2142 1292 2194 non
1306 2126 1535 2211 confirmatio
1557 2127 1773 2197 venditionis
1792 2146 1864 2214 pro
1880 2129 2018 2198 tarenis
2033 2131 2121 2198 ann

282 2274 399 2344 decem
419 2279 453 2344 et
475 2281 561 2346 ceto.
700 2365 703 2370 ,
1652 2238 1655 2244 ,

324 2432 522 2517 Dentatus
545 2431 710 2500 notarius
732 2431 826 2501 bane
847 2431 1056 2502 cherintum
1078 2433 1249 2500 eearacit
1271 2435 1305 2500 et
1327 2449 1399 2499 nna
1424 2431 1525 2502 adest
1550 2431 1793 2518 subscriptio:

322 2554 353 2670 †
378 2583 453 2670 Ego
474 2583 537 2670 qui
561 2601 670 2670 supra
694 2582 867 2652 Ademari
894 2581 1020 2651 iudex.
1050 2603 1058 2610 ·

1003 2871 1427 2890 m

1102 3145 1300 3229 CMIX.

1057 3411 1116 3488 A.
1141 3411 1196 3486 D.
1226 3409 1356 3488 1036.
1470 3450 1475 3462 ·

326 3668 577 3737 Sumnnarinm
590 3689 602 3731 .·

322 3767 522 3910 †Decimo
544 3823 667 3889 octavo
691 3835 786 3889 anno
814 3817 1038 3906 principatus
1076 3818 1273 3890 Guaimarii
1305 3819 1371 3889 titii
1401 3821 1627 3898 Gnaimarii,
1667 3837 1788 3890 mense
1821 3819 1964 3908 Aprili,
2001 3824 2134 3908 quarta

281 3969 493 4060 indictione,

328 4131 389 4200 Sic
410 4129 537 4214 incipit
561 4131 707 4197 tentos:
1384 4227 1392 4236 ι

331 4305 349 4346 «
374 4280 663 4350 Memoratorium
687 4280 820 4350 iactum
842 4298 866 4349 a
888 4297 945 4348 me
967 4278 1065 4349 Licto
1087 4277 1162 4346 filio
1184 4277 1363 4366 quondam
1384 4276 1490 4366 Licti,
1515 4293 1556 4346 eo
1578 4276 1671 4364 quod
1694 4279 1780 4346 ante
1802 4275 1995 4363 subscripti
2019 4278 2131 4348 testes

143 4497 147 4502 .
279 4459 298 4499 ‹
324 4437 541 4503 coniunctus
564 4451 642 4501 sum
666 4433 711 4503 ad
733 4449 826 4502 vona
849 4430 1107 4502 convenientia
1129 4450 1194 4520 pro
1218 4434 1293 4504 vice
1308 4449 1389 4502 mea
1409 4433 1447 4500 et
1461 4431 1504 4501 de
1518 4431 1739 4500 consortibus
1755 4430 1843 4500 meis
1866 4449 1948 4498 cum
1963 4430 2123 4498 Iohanne

279 4606 298 4646 ‹
322 4583 396 4652 filio
419 4583 598 4672 quondam
621 4583 838 4673 Grimoaldi,
864 4584 939 4672 ipse
961 4585 1135 4654 Iohannes
1157 4601 1221 4672 pro
1244 4583 1319 4653 vice
1341 4603 1408 4653 sua
1435 4583 1537 4652 etde
1559 4583 1780 4652 consortibus
1802 4583 1903 4672 suis,
1927 4580 1973 4652 ad
1996 4580 2129 4651 facien·

278 4755 297 4795 ‹
322 4731 406 4800 dum
431 4733 528 4804 inter
551 4751 589 4803 se
612 4737 719 4806 finem
742 4737 786 4808 de
808 4737 1074 4809 causationibus
1095 4757 1164 4827 qne
1189 4739 1368 4808 internos
1392 4739 1538 4808 abemus
1565 4737 1608 4806 dc
1631 4739 1736 4808 rebus
1758 4738 1802 4807 de
1826 4737 1940 4806 locum
1963 4736 2129 4824 (tempu,

279 4910 297 4950 e
322 4885 417 4956 unde
440 4888 537 4957 inter
560 4909 625 4958 nos
647 4889 801 4978 plurime
824 4889 1047 4962 causationes
1070 4894 1216 4962 abemus
1238 4896 1274 4962 et
1297 4891 1391 4962 inter
1414 4909 1478 4961 nos
1500 4892 1663 4980 guadiati
1684 4910 1807 4962 sumus
1823 4892 1931 4961 finem
1948 4891 2044 4961 inter
2061 4907 2128 4958 nos

278 5039 405 5109 «inde
428 5041 630 5113 faciendum
655 5047 723 5113 etc:
749 5051 816 5118 etc:
845 5067 864 5112 r

322 5197 432 5266 Finis
455 5199 605 5268 tentus:

279 5373 297 5413 ι
322 5355 359 5419 et
382 5367 452 5418 unc
476 5352 618 5420 brebem
642 5352 768 5450 scripsi
792 5369 858 5442 ego
880 5354 1008 5423 Petrus
1030 5355 1182 5424 ctericus
1204 5355 1240 5423 et
1262 5350 1421 5423 notarius
1443 5351 1503 5441 qui
1532 5349 1691 5421 interfui.

324 5503 608 5590 Subscripttcnes
632 5477 800 5575 testium:

323 5628 354 5745 †
378 5658 453 5746 Ego
475 5658 537 5745 qui
560 5675 669 5746 supra
691 5660 783 5730 mari
805 5659 977 5729 diaconus
1000 5677 1056 5727 me
1079 5657 1270 5728 subscribsi

331 5789 362 5907 †
384 5813 460 5900 Ego
483 5815 544 5901 qui
570 5831 678 5900 supra
701 5813 857 5886 deuteri.
