5456 7096
610 465 676 538 toa
1283 463 1458 538 CODEX
1491 465 1757 540 CAVENSIS

555 687 646 756 rIter
671 688 738 775 ipsi
764 692 835 758 tari
860 691 904 759 ad
929 691 1099 778 completo
1122 692 1197 778 ipso
1231 693 1463 759 constitutum
1496 691 1621 760 inclita
1656 692 1733 777 ipsa
1765 692 1870 760 rebus
1907 687 2042 757 cultata
2075 691 2111 755 et
2145 690 2247 756 surta
2284 685 2406 754 remit·

553 845 632 908 tere
654 839 702 910 ad
725 847 881 910 nostram
908 845 1135 930 potestatem,
1160 846 1196 911 et
1217 841 1325 912 liceat
1350 843 1423 911 illis
1447 845 1529 912 inde
1564 845 1664 912 exire
1699 864 1779 914 cum
1810 846 1925 912 omnis
1962 845 2105 913 illorum
2140 839 2324 908 mobilem.
2363 838 2408 905 Et

559 992 665 1079 quale
689 997 844 1080 tempore
868 995 992 1062 amodo
1016 1001 1052 1063 et
1076 1013 1187 1081 usquc
1212 994 1289 1081 ipso
1312 997 1540 1064 constitutum
1565 999 1670 1066 rebus
1701 1000 1779 1085 ipsa
1809 1003 1931 1067 tenere
1963 1002 1998 1066 et
2035 997 2198 1065 lavorare
2220 990 2404 1075 noluerit,

560 1148 719 1212 autnon
742 1144 924 1230 potuerit,
951 1145 1114 1212 similiter
1139 1145 1265 1214 inclita
1299 1147 1373 1233 ipse
1405 1150 1512 1216 rebus
1535 1149 1624 1216 mihi
1649 1149 1700 1216 vel
1725 1150 1769 1218 ad
1801 1169 1895 1218 meos
1928 1149 2049 1216 credes
2084 1147 2267 1214 remittere
2302 1142 2405 1210 salba

558 1295 721 1365 laborata
744 1303 781 1366 et
804 1297 978 1384 studiata,
1004 1297 1203 1365 laciendum
1227 1299 1319 1386 quod
1343 1302 1580 1388 voluerimus,
1614 1307 1649 1368 et
1678 1300 1857 1370 retdamus
1882 1301 1914 1367 ei
1947 1299 1990 1366 de
2021 1299 2087 1385 ipsi
2112 1299 2182 1366 tari
2209 1312 2273 1383 pro
2296 1295 2413 1365 ratio·

560 1469 657 1527 nem,
683 1449 777 1518 sicut
799 1468 908 1538 supra
933 1449 1078 1537 legitur,
1102 1457 1137 1518 et
1162 1450 1269 1520 liceat
1293 1453 1365 1520 illis
1392 1452 1474 1521 inde
1501 1459 1671 1522 excutere
1698 1472 1836 1533 omnem
1865 1454 2005 1520 illorum
2041 1451 2216 1519 mobilem.
2248 1448 2347 1517 Unde
2371 1451 2410 1512 in

558 1621 600 1670 eo
625 1602 750 1670 ordine
774 1619 836 1688 per
862 1605 954 1671 bona
978 1602 1240 1672 combenientia
1264 1604 1398 1689 guadia
1422 1603 1510 1672 mihi
1536 1605 1610 1692 ipse
1626 1605 1785 1675 ademari
1811 1610 1847 1672 et
1878 1605 2050 1674 iohannes
2073 1603 2248 1670 dederunt
2277 1606 2314 1669 et
2337 1615 2407 1666 me·

560 1754 736 1823 dictorem
760 1753 848 1821 mihi
875 1761 1069 1841 posuerunt
1091 1774 1128 1822 se
1153 1757 1249 1844 ipsis,
1277 1761 1363 1843 quia
1391 1760 1485 1825 sicut
1517 1757 1612 1825 inter
1638 1775 1702 1825 nos
1729 1758 1916 1844 combenit‚
1933 1762 1969 1824 et
1986 1775 2048 1842 per
2065 1755 2143 1841 ipsa
2158 1752 2291 1841 guadia
2320 1751 2416 1820 obli·
2470 1779 2472 1784 ¹

563 1911 665 1996 gavit
689 1927 727 1976 se
750 1911 787 1975 et
813 1909 955 1975 illorum
980 1907 1158 1996 eredibuS,
1182 1915 1223 1977 ut
1245 1911 1276 1977 si
1300 1911 1422 1979 taliter
1447 1915 1569 1980 omnia
1593 1913 1837 2000 suprascripta
1861 1931 1924 2000 per
1942 1911 2144 1999 supradicto
2162 1909 2287 1978 ordine
2311 1907 2414 1975 nobis

562 2077 634 2127 non
661 2059 925 2149 adinpleverint
948 2067 984 2130 et
1007 2062 1143 2150 aliquid
1170 2063 1253 2132 inde
1276 2064 1576 2151 contradixerint,
1603 2083 1665 2151 per
1690 2067 1766 2152 ipsa
1789 2065 1923 2153 guadia
1947 2082 2009 2150 per
2033 2064 2295 2131 combenientia
2316 2061 2416 2127 Gom·

560 2229 694 2296 ponere
718 2211 893 2301 obligavit
916 2229 952 2279 se
971 2211 1044 2298 ipse
1062 2213 1222 2282 ademari
1239 2215 1391 2284 clericus
1406 2221 1442 2284 et
1459 2217 1643 2308 iohannes,
1661 2221 1697 2285 et
1715 2217 1857 2286 illorum
1872 2217 2049 2304 eredibus,
2067 2217 2155 2283 mihi
2172 2216 2311 2302 meique
2338 2230 2415 2280 ere-

562 2367 666 2435 dibus
690 2365 822 2454 biginti
848 2369 928 2436 auri
952 2367 1074 2436 solidis
1097 2371 1346 2458 constantinis,
1362 2377 1410 2457 et,
1428 2372 1519 2439 sicut
1543 2371 1676 2438 dictum
1694 2376 1759 2458 est,
1775 2371 1981 2459 adimplere,
2007 2373 2132 2440 etune
2158 2369 2304 2438 brebem
2327 2369 2415 2434 sori·

563 2520 617 2606 psi
641 2539 707 2608 ego
730 2526 852 2608 petrus
876 2524 1053 2592 notarius,

611 2647 641 2762 †
671 2675 745 2761 Ego
768 2676 987 2763 grimoaldus
1013 2697 1070 2746 me
1093 2677 1285 2764 subscripsi

610 2800 639 2914 †
666 2830 740 2914 Ego
765 2829 932 2899 alderissi
956 2831 1120 2900 notarius
1142 2850 1199 2900 me
1222 2832 1427 2918 subscripsi.

1336 3481 1662 3564 GMLXXX·

1352 3777 1409 3851 A.
1438 3778 1492 3851 D.
1522 3777 1645 3852 1041.

637 4061 645 4153 Ι
688 4067 728 4132 ln
751 4067 894 4132 nomine
917 4063 1053 4132 domini
1077 4063 1242 4132 vicesimo
1267 4066 1375 4134 tertio
1399 4084 1494 4134 anno
1519 4069 1742 4154 principatus
1766 4067 1900 4134 salerni
1935 4066 2055 4134 domni
2085 4067 2197 4135 nostri
2231 4067 2429 4136 Guaimarii

577 4217 727 4304 gloriosi
754 4219 940 4306 principis,
965 4223 1000 4286 et
1023 4222 1129 4287 tertio
1153 4237 1247 4288 anno
1271 4220 1499 4306 principatus
1522 4221 1599 4288 cius
1622 4237 1747 4306 capue,
1773 4238 1879 4305 quam
1898 4222 1934 4286 et
1956 4218 2108 4287 ducatus
2131 4217 2228 4286 illius
2251 4218 2371 4288 amalfi
2394 4225 2430 4288 et

578 4371 743 4458 sirrenti,
771 4391 890 4440 mense
914 4377 1079 4458 auguste,
1104 4389 1201 4440 nona
1225 4372 1433 4440 indictione.
1459 4371 1534 4458 Ego
1549 4378 1670 4460 petrus
1686 4375 1879 4442 monachus
1896 4377 1931 4440 ct
1948 4374 2058 4440 abbas
2082 4373 2290 4441 monasterii
2314 4373 2428 4440 sancti

570 4526 692 4614 angeli
719 4531 755 4593 et
778 4533 901 4595 sancte
925 4529 1019 4614 solie,
1038 4527 1187 4614 eoquod
1211 4530 1295 4595 ante
1323 4526 1516 4615 subscripti
1533 4527 1675 4596 idoneos
1689 4529 1852 4596 homines
1874 4545 1936 4614 per
1960 4528 2225 4611 convenientia,
2249 4544 2356 4611 quam
2388 4531 2427 4593 et

578 4698 653 4748 una
688 4699 769 4748 cum
815 4680 991 4750 iohannes
1027 4681 1179 4750 clericus
1214 4682 1426 4751 advocatum
1461 4685 1620 4767 nostrum
1656 4680 1700 4749 ad
1737 4679 1968 4750 laborandum
2002 4679 2214 4746 tradidimus
2248 4677 2340 4766 petri
2365 4675 2429 4743 filii

585 4832 768 4917 quondam
792 4833 886 4920 sithi,
912 4840 948 4900 et
972 4833 1124 4902 nicolam
1149 4853 1282 4921 genero
1297 4837 1386 4923 eius,
1405 4839 1440 4903 et
1455 4836 1548 4920 petri
1567 4834 1641 4901 filio
1658 4835 1836 4920 quondam
1852 4835 2009 4904 ferrandi
2029 4834 2151 4902 inclite
2168 4835 2277 4903 terris
2295 4833 2431 4920 bacibe‚

586 5000 660 5066 que
684 4991 770 5050 sunt
793 4985 1013 5070 pertinentes
1031 4987 1267 5073 suprascripti
1285 4985 1491 5054 monasterii
1510 5006 1531 5054 a
1549 4989 1642 5054 foras
1659 4989 1753 5055 hanc
1768 4986 2023 5056 salernitanam
2042 4987 2235 5074 civitatem,
2253 4987 2315 5057 illa
2329 4992 2432 5074 parte

588 5135 698 5204 dubio
723 5137 821 5206 lirini
850 5139 885 5205 in
910 5140 997 5226 pede
1021 5141 1063 5208 de
1087 5145 1205 5208 monte
1229 5143 1387 5228 botrano,
1412 5139 1566 5226 qualiter
1589 5145 1695 5208 antea
1719 5159 1782 5226 per
1800 5141 1940 5234 brebem
1957 5142 2030 5225 ipse
2046 5145 2140 5207 terre
2165 5145 2324 5226 tenuere3
2350 5139 2432 5209 tali·

587 5298 642 5358 ter
666 5291 745 5376 ipsc
770 5291 871 5368 modo
894 5309 1015 5358 eorum
1041 5291 1255 5360 tradidimus
1277 5291 1409 5379 taliter,
1435 5299 1474 5360 ut
1497 5292 1621 5361 amodo
1636 5294 1682 5360 ab
1700 5295 1765 5361 isto
1782 5312 1901 5360 mense
1925 5294 2096 5360 hoctuber
2119 5294 2281 5380 proximo
2305 5295 2431 5362 beatu·

586 5461 625 5508 ro
650 5447 685 5510 et
710 5461 823 5528 usque
847 5445 1004 5530 quinque
1028 5447 1116 5512 anni
1140 5443 1301 5530 completi
1327 5442 1393 5530 ipsi
1419 5447 1659 5530 prenominati
1683 5441 1863 5514 eteorum
1896 5445 2060 5513 eredibus
2096 5446 2177 5514 illut
2205 5447 2358 5516 debeant
2382 5452 2433 5514 te·

587 5613 685 5681 nere,
710 5606 746 5664 et
771 5597 870 5664 fobee
892 5605 928 5666 et
950 5615 1071 5667 omnes
1094 5617 1156 5666 suc
1183 5598 1351 5672 utilitatis
1375 5597 1422 5664 ibi
1450 5600 1585 5668 faciant
1608 5597 1702 5666 iusta
1726 5599 1913 5684 rationem,
1937 5601 1973 5665 et
1998 5597 2208 5666 annualiter
2234 5601 2308 5686 ipse
2338 5605 2434 5669 terre

584 5749 699 5819 licead
725 5749 902 5840 laborare,
920 5757 956 5820 et
972 5753 1122 5840 euitare,
1138 5757 1174 5820 et
1190 5752 1381 5839 seminare,
1400 5753 1492 5821 sicut
1508 5753 1692 5838 meruerit,
1714 5758 1749 5819 et
1765 5769 1885 5818 omnes
1905 5752 1961 5818 vel
1977 5771 2201 5840 quacumque
2219 5773 2329 5824 causa
2351 5753 2434 5823 inde
