5456 7096
1032 542 1450 623 DlPLOMATlOUS
2051 551 2120 623 159

313 774 439 843 sbiteri
465 771 776 860 venundatione,
793 775 833 842 at
854 774 1028 842 securiter
1044 780 1080 844 et
1095 776 1246 846 tirmiter
1262 777 1386 846 amodo
1405 779 1440 844 et
1457 793 1596 863 semper
1612 779 1653 844 tu
1668 779 1704 845 et
1718 779 1798 844 tuos
1814 774 1936 845 eredes
1951 773 2034 844 illut
2056 776 2167 844 abeu-

316 924 424 1012 dum,
448 913 730 1012 dominandum,
755 924 1031 1014 possidendum,
1054 927 1175 995 omnia
1199 928 1332 997 exinde
1354 928 1556 996 iaciendum
1578 927 1672 1015 quod
1694 929 1891 1016 volueritis,
1914 930 2048 1014 absque
2070 929 2167 994 omni

316 1077 576 1146 contrarietate
598 1079 726 1145 nostra
750 1081 787 1145 et
808 1076 853 1145 de
875 1077 1009 1145 nostris
1030 1078 1207 1156 eredibus;
1232 1079 1328 1148 unde
1350 1099 1373 1148 a
1396 1083 1431 1148 te
1444 1081 1669 1166 subcepimus
1692 1083 1865 1150 statutum
1882 1079 2037 1165 pretium
2054 1079 2066 1147 i
2083 1079 2169 1150 sunt

322 1232 406 1298 auri
430 1228 503 1298 tari
528 1227 598 1296 duo
622 1193 661 1296 i⁹n
685 1231 801 1295 omnis
823 1228 1095 1320 deliberatione,
1117 1231 1211 1302 siout
1235 1234 1335 1303 inter
1357 1235 1462 1303 nobis
1484 1233 1664 1321 conbenit,
1687 1234 1856 1320 finitoque
1878 1234 2032 1321 pretium
2055 1235 2171 1321 ipsum

317 1385 407 1468 aput
423 1399 488 1449 nos
506 1399 550 1451 ea
572 1383 730 1470 ratione,
746 1399 811 1450 nos
828 1383 1024 1469 supradicti
1048 1387 1151 1470 pater
1174 1388 1210 1452 et
1233 1384 1309 1453 lilio
1331 1404 1396 1473 per
1419 1385 1678 1454 combenientie
1694 1386 1830 1473 guadia
1844 1387 1912 1455 tibi
1927 1387 2077 1455 iohanni
2092 1404 2173 1474 pre·

319 1534 448 1604 sbiteri
472 1533 648 1620 dedimus,
671 1538 707 1602 et
729 1534 962 1604 mediatorem
984 1534 1051 1603 tibi
1074 1538 1255 1622 posuimus
1276 1557 1437 1607 maceras
1459 1538 1556 1606 iilius
1578 1538 1755 1625 quondam
1778 1539 1937 1624 marini3
1962 1543 1999 1608 et
2013 1558 2078 1626 per
2093 1540 2172 1628 ipsa

324 1691 460 1778 guadia
483 1689 684 1776 obligamus
709 1707 776 1759 nos
799 1693 836 1758 ct
859 1690 993 1759 nostris
1015 1689 1178 1759 eredibus
1201 1693 1326 1761 amodo
1350 1695 1387 1760 et
1409 1711 1548 1779 semper
1577 1692 1798 1763 defensemus
1819 1694 1887 1760 tibi
1909 1693 2035 1780 tuique
2058 1694 2173 1763 eredi-
2211 1791 2214 1796 μ

327 1847 392 1911 bus
416 1847 492 1912 tota
515 1849 553 1912 et
576 1843 703 1913 inclita
728 1843 974 1930 suprascripta
996 1847 1121 1912 nostra
1144 1843 1371 1914 vendictione
1394 1845 1441 1914 da
1464 1848 1629 1914 omnibus
1651 1845 1831 1914 ominibus
1844 1847 2078 1934 omnibusque
2093 1866 2176 1935 par·

324 1995 446 2083 tibus,
470 1995 528 2064 cui
554 2013 617 2083 per
641 2013 706 2064 nos
730 1994 811 2067 illut
834 2013 897 2083 per
920 2013 986 2065 nos
1009 1998 1045 2065 et
1067 1995 1201 2065 nostris
1226 1999 1392 2066 eredibus
1416 1998 1566 2087 datum,
1592 2001 1657 2067 aut
1686 1997 1908 2087 obligatum,
1933 2001 1992 2069 vel
2027 2002 2176 2072 manife-

322 2152 485 2235 statum,
515 2152 579 2219 eut
609 2169 674 2236 per
709 2149 967 2237 qualecumque
996 2151 1137 2219 ratione
1164 2148 1364 2222 alienatum
1395 2152 1580 2239 paruerit,
1609 2129 1664 2220 rel
1694 2153 1757 2239 qui
1783 2172 1847 2240 per
1873 2155 2068 2223 nostriset
2098 2153 2177 2225 illa·

323 2320 410 2370 rum
437 2319 523 2389 pars
552 2307 587 2368 et
609 2301 734 2371 datum
765 2303 847 2371 inde
875 2303 978 2370 nobis
1004 2303 1207 2389 nostrisque
1223 2303 1389 2371 eredibus
1415 2304 1616 2388 emiserint,
1641 2306 1704 2372 aut
1726 2304 1973 2391 proposuerint
1989 2303 2180 2390 quodcum·

330 2475 401 2544 que
425 2455 633 2525 causatione
649 2474 660 2540 ;
684 2453 728 2522 de
743 2453 807 2522 alii
832 2471 914 2524 vero
936 2455 1141 2522 hominibus
1156 2459 1193 2523 et
1209 2457 1370 2542 partibus
1394 2473 1536 2540 pernes
1560 2453 1647 2542 ipsis
1663 2455 1746 2524 inde
1763 2456 1865 2524 siatis
1886 2461 2049 2524 auctores
2065 2461 2101 2525 et
2120 2456 2179 2524 de-

326 2607 504 2694 ¹senseres,
527 2626 608 2675 oum
631 2607 799 2676 omnibus
822 2605 1079 2675 muniminibus
1101 2609 1138 2675 et
1162 2607 1361 2679 rationibus
1384 2626 1453 2692 que
1476 2609 1558 2677 inde
1582 2609 1688 2676 abere
1711 2609 1918 2693 potueritis3
1944 2609 2032 2676 etsi
2056 2608 2178 2677 taliter

333 2763 454 2832 omnia
476 2761 727 2850 suprascripta
750 2777 815 2829 nos
839 2765 874 2829 et
896 2762 1031 2829 nostris
1053 2760 1231 2846 eredibuS,
1257 2759 1324 2827 tibi
1348 2751 1473 2845 tuique
1496 2757 1685 2827 heredibus
1707 2777 1781 2826 non
1809 2758 2123 2846 adimpleverimus
2144 2763 2181 2828 et

331 2871 462 3003 aliquit
487 2914 570 2984 inde
593 2913 831 3001 quesierimus
855 2930 1042 2982 remanere
1064 2917 1129 2982 aut
1151 2915 1328 2998 contrane,
1352 2917 1416 2982 aut
1438 2911 1468 2978 si
1492 2929 1715 2997 quacumque
1731 2911 1956 2979 causationes
1973 2909 2057 2978 inde
2078 2910 2182 2978 nobis

334 3069 634 3156 proposuerimus,
659 3083 722 3153 per
745 3064 954 3152 supradicta
977 3064 1111 3152 guadia
1134 3083 1342 3151 componere
1364 3065 1563 3152 obligamus
1584 3082 1649 3131 nos
1663 3065 1860 3151 supradicti
1884 3064 2027 3132 alfanus
2051 3067 2087 3132 et
2103 3061 2181 3132 lan·
2245 3051 2247 3055 ’

335 3221 466 3309 dolius,
490 3225 592 3308 pater
613 3222 651 3314 et
674 3217 780 3306 illius,
806 3225 842 3287 et
864 3219 998 3286 nostris
1021 3219 1199 3305 eredibus,
1225 3217 1292 3288 tibi
1315 3218 1467 3305 predicti
1491 3217 1639 3286 iohanni
1671 3216 1860 3305 presbiteri
1883 3220 1919 3285 et
1942 3217 1988 3285 ad
2010 3217 2084 3286 tuis
2107 3233 2185 3284 ere·

336 3375 452 3463 dibus,
477 3378 540 3444 aut
562 3367 620 3442 cui
645 3378 747 3442 carta
774 3372 845 3441 ista
872 3371 910 3440 in
934 3389 1082 3442 manum
1105 3373 1287 3458 paruerit,
1312 3371 1431 3439 decem
1454 3373 1535 3440 auri
1560 3371 1688 3440 solidos
1711 3371 1979 3456 constantines,
2002 3373 2039 3438 et
2061 3367 2184 3437 omnia

336 3527 582 3615 suprascripta
605 3527 705 3594 vobis
730 3525 1012 3611 adimpleamus:
1037 3543 1102 3611 ego
1128 3523 1318 3592 iamdictus
1342 3524 1516 3592 landolfus
1538 3524 1660 3592 omnia
1683 3527 1760 3611 egit
1783 3541 1846 3611 per
1870 3522 2091 3591 absolutione
2126 3539 2186 3588 su-

340 3680 493 3770 pradicti
518 3679 674 3768 genitori
698 3695 800 3746 meus
823 3696 887 3765 per
910 3677 1117 3765 supradicta
1141 3677 1274 3764 guadia
1295 3681 1332 3746 et
1355 3677 1513 3764 obligata
1528 3694 1632 3764 pena.
1658 3678 1704 3743 Et
1726 3677 1850 3745 taliter
1872 3672 2029 3744 scribere
2045 3673 2187 3762 rogari·

337 3838 475 3903 musta
500 3838 622 3921 petrus
646 3837 683 3901 et
708 3833 870 3902 notarius
893 3837 1013 3902 actum
1035 3831 1279 3918 supradictum
1302 3833 1492 3917 paternum
1515 3829 1646 3898 finibus
1669 3831 1758 3916 aput
1775 3831 1941 3897 montem.

383 3957 415 4075 †
439 3988 611 4074 singnum
635 4005 762 4056 manus
785 3987 874 4073 ropfl
897 3986 1025 4055 iudicis

382 4111 413 4227 †
439 4158 508 4228 ego
530 4139 727 4210 mirandus.

1022 4853 1027 4862 .
1083 4785 1462 4871 GMLXXVII.

1119 5085 1178 5160 Α.
1206 5083 1261 5158 1).
1290 5083 1415 5160 1041.
1456 5033 1460 5041 ’

390 5327 426 5468 †
452 5377 494 5448 Io
517 5376 664 5447 nomine
686 5375 820 5445 domini
844 5372 1008 5443 vicesimo
1022 5372 1127 5442 tertio
1138 5389 1233 5441 anno
1249 5371 1472 5461 principatus
1488 5370 1621 5440 salerni
1637 5372 1756 5442 domni
1774 5370 1885 5440 nostri
1902 5370 2100 5440 Guaimarii
2119 5371 2196 5459 glo-

350 5534 437 5604 riosi
461 5533 638 5622 principis
660 5535 697 5602 ct
719 5531 827 5601 tertio
851 5549 946 5602 anno
966 5529 1189 5617 principatus
1212 5528 1289 5596 eius
1312 5545 1423 5613 capue
1446 5531 1482 5594 et
1503 5525 1655 5595 ducatus
1679 5522 1777 5592 illius
1799 5523 1935 5615 amald,
1960 5543 2068 5612 quam
2091 5530 2127 5594 et
2143 5545 2198 5596 se-
2296 5585 2302 5592 .

345 5689 462 5758 cundo
486 5705 582 5758 anno
605 5687 755 5757 ducatus
780 5686 858 5754 eius
881 5685 1043 5770 sirrenti,
1066 5701 1186 5752 meuse
1209 5680 1341 5770 magio,
1366 5699 1461 5751 nona
1484 5680 1690 5750 indictione.
1715 5679 2006 5750 Memoratorium
2022 5681 2196 5754 lactuma

346 5842 448 5911 nobis
471 5841 562 5929 petri
568 5890 578 5929 ,
602 5843 639 5911 et
662 5841 833 5928 iohanne,
856 5844 893 5910 et
915 5839 1106 5925 bonefacii,
1123 5841 1159 5907 et
1171 5833 1339 5921 amanda,
1351 5832 1516 5921 germani
1532 5835 1569 5900 et
1585 5831 1650 5900 filii
1663 5832 1839 5920 quondam
1854 5831 2021 5920 maraldi,
2037 5833 2087 5902 Eo
2103 5832 2197 5922 quod
