5456 7096
605 463 650 534 se
804 509 811 520 .
1087 425 1098 444 '
1243 421 1806 538 coouxcnunnsrs·

556 689 671 757 tatieu
693 691 729 756 et
749 692 791 800 at
813 689 1096 794 duaspersonas
1119 691 1266 757 omninu
1290 689 1507 758 manducare
1523 693 1558 759 et
1576 689 1707 776 vibere,
1733 693 1772 759 ut
1789 690 1886 758 iustu
1901 690 2023 758 suerit.
2041 691 2106 757 hee
2123 689 2309 755 nominata
2326 689 2400 754 ter-

556 862 612 930 ra,
636 843 792 931 qualiter
815 845 898 910 finis
920 835 997 912 eius
1021 842 1186 912 iamdicte
1209 827 1304 929 sunt,
1329 845 1375 912 ab
1399 843 1562 911 omnibus
1585 841 1764 937 ominibus
1786 843 1960 910 antistare
1983 843 2020 906 et
2044 838 2231 907 defendere
2252 835 2402 923 promit-

489 1049 496 1064 .
556 964 666 1065 timus
690 1001 725 1066 et
747 998 958 1082 obligamus3
984 1003 1068 1083 quot
1090 997 1119 1064 si
1145 997 1293 1098 minime
1316 1000 1533 1067 inantistare
1557 1003 1593 1066 et
1615 994 1804 1108 defendere
1827 993 2151 1080 noluerimus‚·aut
2176 991 2206 1057 si
2233 1006 2297 1055 nos
2312 988 2400 1075 ipsis

556 1164 619 1230 per
644 1147 770 1232 quobis
798 1146 941 1232 ingenio
968 1149 1149 1216 remobere
1174 1147 1228 1215 vel
1251 1147 1474 1236 disrumpere
1497 1151 1746 1236 quesierimuS,
1772 1151 1856 1216 tunc
1880 1145 2102 1234 obbligamus
2127 1162 2191 1211 nos
2216 1144 2279 1231 qui
2296 1161 2405 1230 supra

561 1297 768 1366 nominatus
792 1298 964 1368 iohannes
987 1303 1276 1388 archipresbiter,
1302 1303 1500 1388 obligamus
1525 1306 1559 1370 et
1583 1303 1893 1394 nostrislpostcris
1927 1301 1990 1368 tibi
2026 1298 2261 1368 rommoaidus
2297 1302 2333 1364 et
2356 1297 2402 1366 ad
2450 1379 2455 1394 ι

555 1451 628 1516 tuis
654 1451 818 1517 eredibus
841 1453 886 1518 ad
910 1420 1348 1542 componendum'bigiuti
1373 1454 1473 1520 solidi
1500 1455 1692 1541 bisanteis,
1724 1422 1764 1523 “et
1786 1473 1834 1523 an
1866 1423 2060 1521 cartulam·
2075 1431 2331 1538 pastinationis
2355 1449 2406 1516 sit

554 1603 659 1670 firma
682 1609 718 1670 et
741 1603 882 1682 stabilis
907 1604 945 1671 in
969 1609 1193 1708 perpetuum,
1217 1626 1323 1693 quarn
1347 1612 1382 1674 et
1399 1611 1433 1674 te
1445 1606 1546 1675 alferi
1564 1608 1727 1674 notarius
1744 1607 1901 1675 scribere
1919 1602 2141 1691 rogabimus,
2160 1606 2281 1669 actum
2300 1601 2406 1686 nola.¹

600 1726 630 1844 †
656 1757 729 1842 Ego
754 1757 927 1825 iohannes
958 1759 1238 1846 archipresbiter

486 1865 506 1988 Ι,
600 1879 729 1996 †Ego
753 1913 876 1997 petrus
905 1913 1080 1999 presbiter
1108 1916 1144 1996 ¹).

1590 2113 1603 2126 fl

1282 2135 1653 2148 m

1264 2381 1656 2484 'cmxxvrm
1730 2385 1776 2538 ἰ
1852 2511 1853 2514 ¹

1329 2667 1384 2740 Α.
1411 2667 1464 2800 Ρ.
1492 2665 1619 2740 1038.

507 2928 514 2948 ·
598 2869 698 3010 †In
721 2922 864 2990 nomine
880 2921 1019 2988 'domini
1049 2921 1214 2989 vicesimo
1239 2941 1333 2991 anno
1358 2923 1590 3008 principatus.
1604 2923 1724 2988 domni
1748 2911 1862 2988 n'ostri
1887 2921 2084 3007 guaimari,
2110 2927 2145 2989 at
2163 2924 2278 3008 primo
2303 2941 2402 2990 anno

553 3074 775 3160 principatus
788 3075 906 3141 donini
927 3075 1072 3142 iohanni
1092 3078 1168 3143 eius
1185 3075 1264 3162 filii,
1278 3076 1423 3160 gloriosi
1438 3076 1669 3162 principibus,
1689 3092 1806 3141 mense
1824 3075 1955 3160 magio,
1971 3078 2075 3142 sexta
2090 3075 2299 3143 indictione.
2327 3079 2398 3146 Me·

553 3227 783 3294 moratoriam
806 3189 903 3294 sactu
927 3247 949 3295 a
973 3231 1073 3295 nobis
1099 3228 1206 3315 guido
1230 3233 1266 3296 et
1289 3227 1652 3315 iohannes'germani
1678 3229 1742 3296 filii
1767 3229 1942 3315 quondam
1970 3230 2115 3296 iohanni
2134 3234 2217 3298 ante
2241 3229 2400 3300 ademari

552 3363 670 3453 comes
693 3389 728 3451 et
756 3384 864 3450 iudex
888 3383 1071 3469 prostituit
1094 3384 1240 3481 iohanni
1264 3383 1338 3448 filio
1361 3365 1538 3467 quondam
1562 3381 1708 3449 adelferi
1732 3384 1774 3450 de
1798 3386 1925 3451 sancta
1950 3383 2077 3469 maria,
2103 3403 2172 3470 que
2187 3383 2323 3452 dicitur
2348 3383 2393 3452 da

551 3541 641 3624 vico,
665 3537 819 3624 triginta
842 3539 923 3605 auri
947 3538 1019 3605 tari
1042 3539 1146 3622 boni3'
1171 3537 1264 3604 undo
1289 3554 1352 3622 pro
1374 3536 1496 3604 taliter
1514 3555 1575 3622 per
1594 3537 1854 3604 combenientia
1868 3538 1952 3604 ante
1970 3537 2086 3623 ipsum
2103 3557 2219 3606 comes
2239 3544 2274 3606 et
2290 3539 2398 3606 iudex

551 3691 687 3778 guadio
711 3692 813 3758 nobis
839 3692 952 3778 ipsum
979 3691 1150 3758 iohannes
1174 3651 1258 3766 dedi·
1278 3695 1314 3757 et
1338 3659 1567 3758 mediatorem
1592 3691 1692 3756 nobis
1717 3691 1816 3776 posui
1842 3691 1985 3777 seipsu;
2010 3697 2046 3759 et
2069 3711 2128 3776 per
2160 3693 2239 3777 ipsa
2263 3693 2397 3778 guadia

553 3847 726 3932 obligavit
750 3865 786 3912 se
811 3852 847 3914 et
870 3864 951 3912 suos
967 3845 1064 3926 ¹iiiios
1081 3848 1116 3912 et
1132 3843 1265 3929 eredes,
1284 3848 1323 3910 ut
1336 3840 1587 3910 ista-calendas
1604 3842 1710 3921 iunii,
1729 3862 1849 3910 mense
1866 3845 1965 3928 prins
1982 3844 2159 3930 beniente,
2178 3844 2255 3928 ipse
2274 3847 2398 3914 iohan-

554 4017 616 4068 nes
643 4003 679 4067 et
703 4017 784 4066 suos
806 3999 897 4064 filios
921 4001 956 4065 et
974 3959 1100 4067 ¹eredes
1117 3998 1255 4066 retdere
1272 3999 1385 4083 nobis,
1403 3998 1457 4063 vel
1471 3998 1517 4062 ad
1533 3995 1660 4063 nostris
1677 3997 1855 4080 ercdibuS,
1874 3995 1936 4064 alii
1956 3962 2109 4085 triginta
2125 3998 2206 4066 auri
2224 4000 2296 4066 tari
2312 4002 2395 4068 boni

554 4157 694 4241 pesanti
720 4155 762 4221 de
787 4157 928 4220 moneta
946 4156 1048 4238 bona,
1063 4156 1102 4219 ui
1117 4153 1195 4221 sine
1212 4153 1316 4220 iunia
1332 4152 1402 4218 illis
1418 4151 1504 4218 darc
1521 4169 1713 4236 possamus3
1732 4152 1812 4218 etsi
1831 4151 1877 4218 da
1894 4151 1963 4219 ista
1980 4152 2146 4221 calendas
2163 4155 2254 4221 iunii
2276 4171 2397 4244 mense
2458 4243 2470 4264 ο

541 4307 594 4374 ‘in
619 4313 727 4376 antea
752 4307 819 4394 ipsi
845 4308 999 4392 triginta
1022 4305 1122 4375 aurci
1141 4305 1331 4374 sublaxare
1348 4304 1574 4390 boluerimus,
1593 4309 1628 4370 ct
1641 4303 1781 4390 quando
1797 4321 1919 4370 eorum
1938 4304 2008 4371 iliis
2024 4309 2259 4392 quesierimus
2283 4309 2392 4376 recoi-

550 4463 678 4550 ligere,
703 4481 724 4529 a
748 4463 924 4548 presentis
948 4462 1021 4546 ipse
1046 4462 1219 4528 iohannes
1244 4465 1278 4527 et
1301 4477 1382 4526 suos
1405 4457 1495 4525 filios
1513 4463 1555 4527 et
1577 4458 1698 4526 eredes
1723 4459 1789 4543 ipsi
1814 4459 1995 4544 tringinta
2018 4461 2098 4528 anri
2123 4460 2238 4548 nobis,
2269 4461 2324 4528 vei
2349 4460 2393 4532 ad

552 4615 685 4683 nostris
715 4615 892 4699 enodibus
916 4631 979 4679 sen
1002 4613 1060 4679 cui
1085 4613 1228 4680 brebem
1252 4613 1319 4680 iste
1342 4614 1380 4680 in
1405 4631 1549 4680 manum
1575 4616 1748 4702 paruerit,
1773 4613 1910 4682 re'tdere
1933 4615 2013 4681 curn
2031 4615 2138 4700 prode
2156 4633 2216 4700 per
2236 4617 2394 4702 ratione,
2435 4683 2445 4700 ,

549 4771 720 4857 quomodo
744 4763 883 4836 ben'erit
906 4785 969 4853 per
991 4785 1141 4852 annum,
1166 4767 1208 4832 de
1232 4768 1390 4852 quinque
1414 4765 1485 4832 tari
1505 4766 1585 4856 boni
1603 4767 1641 4831 in
1656 4783 1734 4852 sex,
1750 4765 1984 4849 dequantum
1999 4770 2136 4850 tempus
2153 4785 2176 4832 a
2191 4783 2296 4851 super
2316 4765 2391 4851 ipso

553 4889 787 4989 constitutum
812 4924 849 4986 in
874 4882 980 4991 antea
997 4919 1067 4986 iliis
1083 4921 1254 5002 tenuerit,
1268 4921 1332 4985 toti
1351 4918 1432 4998 boni
1450 4918 1591 5002 pesanti
1609 4919 1651 4984 de
1666 4923 1807 4986 moneta
1825 4921 1928 4992 bona,
1948 4918 2042 4984 sicut
2059 4917 2305 5004 supradictum
2324 4921 2392 5004 est;

548 5082 585 5143 et
609 5077 639 5142 si
666 5075 788 5142 taliter
813 5075 887 5161 ipse
912 5075 1084 5140 iohannes
1108 5076 1143 5138 et
1168 5088 1248 5136 suos
1272 5071 1363 5136 lilios
1386 5075 1421 5137 et
1437 5072 1556 5138 eredes
1574 5073 1648 5157 ipso
1666 5074 1817 5158 pretium
1834 5072 1870 5138 in
1886 5073 2090 5157 supradicta
2109 5072 2251 5140 ratione
2276 5073 2392 5148 nobis.

549 5228 604 5296 ‘vei
629 5228 674 5296 ad
699 5230 830 5294 nostris
853 5227 1029 5312 eredibus,
1054 5243 1116 5294 seu
1140 5225 1198 5291 cui
1222 5211 1365 5290 brebem
1392 5223 1456 5290 iste
1481 5227 1519 5290 in
1544 5243 1689 5334 manum
1707 5227 1882 5310 paruerit,
1901 5242 1971 5292 non
1992 5223 2189 5308 reddiderit,
2209 5210 2247 5294 et
2262 5225 2394 5312 aliquit.

547 5381 629 5449 inde
653 5398 832 5448 removere
856 5384 921 5448 aut
944 5381 1109 5447 contrane
1134 5378 1320 5464 quesierit,
1345 5395 1408 5463 per
1424 5376 1685 5445 combenientia
1703 5396 1765 5463 per
1784 5379 1861 5463 ipsa
1878 5379 2012 5465 guadia
2028 5396 2237 5467 componere
2255 5379 2393 5468 obliga·

589 5791 610 5868 ¹)
632 5791 712 5851 Vide
737 5789 911 5852 fac-simile
936 5791 969 5852 in
993 5789 1058 5850 fine
1081 5788 1154 5852 Vot.
1244 5861 1251 5876 Ι
1318 5779 1321 5790 ’
