5406 7090
1092 509 1251 587 SAEC.
1291 509 1364 584 Xll.

989 737 1091 810 Nunc
1118 744 1151 810 te
1178 734 1322 809 Praesul
1348 735 1488 832 egregie
1527 727 1530 734 ’

991 897 1088 994 Lupe
1114 919 1279 992 rogamus
1304 903 1473 985 strenue;

985 1058 1031 1130 Ut
1055 1082 1120 1132 nos
1145 1059 1238 1134 ieras
1265 1061 1300 1134 in
1327 1058 1445 1134 ethera

987 1215 1095 1292 Prece
1120 1230 1182 1295 lua
1208 1221 1441 1296 sanctissima.

1055 1381 1126 1456 lloc
1151 1383 1257 1454 donet
1281 1389 1401 1454 saneta
1427 1381 1594 1471 Trinitas,

1053 1541 1160 1615 Trina
1180 1563 1268 1640 quae
1294 1542 1406 1638 fulget
1432 1543 1580 1616 monade

1054 1703 1118 1778 Cui
1145 1703 1224 1777 laus
1250 1705 1296 1777 sit
1314 1714 1348 1776 et
1373 1702 1485 1799 gloria

1053 1863 1121 1937 Per
1145 1861 1282 1938 infinita
1308 1861 1461 1935 saecula.
1488 1871 1611 1937 Arnen.

348 2023 377 2098 l]
404 2021 518 2099 subito
546 2023 660 2122 dopo:
694 2021 741 2098 Or
763 2055 779 2094 c
807 2025 902 2098 Deus
928 2026 987 2120 qui
1011 2023 1150 2098 beatum
1176 1997 1297 2120 lupum
1322 2021 1530 2114 antistitem,
1559 2020 1777 2098 Christianae
1803 2023 1884 2098 lidei
1905 2025 2058 2101 tribuisti
2083 2049 2164 2102 esse

302 2217 318 2254 u
348 2186 600 2273 consessorem
630 2194 764 2282 praesta
792 2195 830 2259 ut
855 2187 931 2281 ejus
957 2182 1201 2281 suffragatibus
1237 2184 1391 2274 meritis,
1414 2184 1558 2280 spiritus
1587 2185 1699 2258 sancti
1724 2185 1835 2280 gratia
1860 2209 1925 2259 nos
1950 2186 2155 2262 illuminare

301 2377 316 2416 u
346 2345 514 2441 digneris.
541 2343 608 2418 Per
633 2345 814 2418 dominum
841 2397 1105 2418 .....
1134 2343 1170 2415 in
1199 2342 1331 2417 unitate
1358 2341 1516 2438 ejusdem
1547 2371 1562 2409 r
1592 2343 1634 2440 (a)
1663 2398 1670 2413 .
1727 2391 1735 2410 ·
1790 2399 1797 2414 .
1826 2367 1863 2418 ·.

346 2505 374 2579 ll
402 2506 509 2602 loglio
535 2506 583 2580 90
609 2507 645 2578 in
671 2505 842 2578 ambedue
867 2505 900 2578 le
926 2507 1023 2578 faece
1050 2504 1187 2577 rendesi
1216 2505 1305 2576 assai
1324 2504 1485 2578 notevole
1504 2528 1564 2600 per
1583 2506 1689 2579 multe
1714 2507 1870 2582 antiione
1890 2532 1909 2581 e
1927 2513 2158 2606 responsorii,

297 2666 363 2742 che
390 2666 599 2762 riguardano
624 2687 760 2762 sempre
788 2664 824 2738 S.
853 2665 965 2760 Lupo,
993 2663 1119 2750 scritti,
1148 2687 1251 2736 meno
1278 2662 1310 2733 le
1337 2662 1517 2755 rubriche,
1544 2687 1609 2737 con
1649 2675 1818 2742 carattere
1845 2613 1930 2740 nero
1968 2670 2057 2743 assai
2088 2673 2163 2767 pic·

299 2823 391 2912 colo,
420 2822 589 2900 medella
611 2835 721 2900 steesa
747 2824 857 2896 forma
884 2823 918 2896 di
946 2823 1064 2918 quello
1091 2823 1304 2899 del'codice.

346 3146 376 3219 A
404 3148 450 3222 ud
473 3158 564 3220 cunt.
580 3155 749 3220 ——uhve
774 3145 915 3242 praesul
941 3145 1091 3241 gloriose
1117 3171 1179 3220 aue
1206 3147 1303 3220 eidus
1328 3149 1399 3244 jam
1426 3147 1578 3221 eoeleste
1605 3149 1775 3222 decorans
1800 3149 1899 3243 Lupe
1925 3125 2064 3223 caelum
2091 3175 2158 3224 nos

300 3339 316 3374 α
345 3309 500 3406 guberna
521 3309 639 3382 visens
665 3306 809 3381 humum
837 3330 925 3401 quae
951 3309 1120 3382 laetemur
1147 3307 1400 3403 triumphantes
1425 3315 1461 3380 te
1486 3317 1670 3404 patronum
1696 3319 1914 3384 venerantes.
1936 3333 2082 3384 euauae.

310 3562 313 3570 Ι
344 3469 477 3542 Α-ει
507 3469 697 3542 Conlessor
722 3468 858 3542 domini
883 3465 963 3565 lupe
990 3475 1159 3541 astantem
1199 3467 1334 3564 plebem
1361 3467 1544 3580 corrobora
1582 3475 1701 3541 sancta
1728 3467 2005 3556 intercessione,
2035 3469 2158 3564 utqui

297 3659 313 3698 u
343 3631 509 3705 vitiorum
535 3628 687 3726 pondere
700 3629 894 3726 premimur
918 3627 1145 3702 beatitudinis
1169 3637 1250 3703 tuae
1265 3627 1375 3724 gloria
1389 3627 1612 3701 sublevemur
1630 3637 1665 3701 et
1681 3635 1717 3699 te
1737 3628 1829 3700 duce
1855 3635 1995 3702 aeterna
2020 3627 2155 3724 premia

301 3821 316 3858 a
347 3814 616 3886 consequamur.
645 3811 790 3863 euouae.
819 3819 834 3857 n

345 3953 427 4026 Item
452 3949 679 4048 lleepourcrio
696 3989 745 4006 -
765 3949 1012 4024 «laudabilis
1049 3949 1105 4021 dei
1132 3949 1248 4024 cultor
1261 3949 1365 4046 lupus
1389 3958 1552 4024 terrenae
1579 3948 1760 4046 dignitatis
1777 3948 2034 4025 oblectamenta
2060 3959 2157 4047 post-

297 4141 312 4179 u
342 4134 476 4209 ponens
493 4111 602 4184 artius
622 4109 864 4208 implicabatur
881 4107 1092 4184 coelestibus
1110 4118 1144 4182 et
1162 4109 1337 4182 indelessa
1354 4110 1525 4185 virtutum
1542 4109 1748 4184 fortitudine
1774 4109 1941 4184 vitiorum
1967 4110 2153 4208 superabat

298 4305 314 4342 a
344 4273 507 4370 impetus.
535 4275 573 4369 p.
597 4311 647 4326 -
663 4293 808 4367 corpore
826 4269 968 4366 quidem
993 4272 1098 4346 terris
1123 4270 1183 4344 sed
1210 4279 1326 4345 mente
1352 4271 1543 4367 supernis,
1569 4269 1751 4346 inherebat
1788 4281 1822 4347 et
1848 4271 2037 4346 indelessa.
2069 4301 2085 4339 n

342 4489 475 4566 fl-«
504 4492 666 4570 Caritatis
692 4495 802 4590 gratia
827 4493 946 4591 Lupus
983 4495 1146 4571 dilatatus
1184 4495 1395 4570 britanniam
1434 4495 1588 4571 heretica
1614 4499 1782 4594 pravitate
1816 4511 1980 4600 corrupta
2005 4502 2158 4580 indoluit

296 4683 313 4720 α
342 4676 445 4750 quam
470 4678 552 4729 cum
579 4678 745 4752 germano
764 4655 986 4729 sanctissimo
1013 4655 1159 4730 visitans
1184 4657 1227 4731 ad
1253 4654 1333 4731 fidei
1360 4657 1555 4733 libertatem
1581 4661 1741 4757 protinus
1768 4664 2023 4738 reformavit.»

339 4845 473 4960 :1-«
502 4879 702 4955 Catholicus
727 4904 842 4955 sermo
869 4880 1040 4956 divinitus
1067 4884 1287 4959 astruebatur
1323 4885 1449 4980 quibus
1475 4909 1561 4982 gens
1597 4895 1668 4960 tota
1693 4889 1735 4960 ad
1774 4889 1961 4984 pristinum
1996 4891 2153 4989 vigorem

297 5070 313 5107 a
343 5041 500 5116 relloruit
537 5040 748 5115 libertatem.
779 5063 795 5114 n

295 5431 773 5450 m
871 5447 873 5452 ,

335 5685 379 5770 (a)
400 5687 685 5762 Quest'Orazione
709 5691 727 5749 e
751 5685 945 5750 totalmcnte
969 5685 1102 5749 diversa
1124 5687 1165 5748 da
1186 5688 1313 5768 quella,
1338 5690 1400 5752 che
1438 5692 1467 5752 si
1490 5692 1586 5773 leggc
1622 5692 1832 5759 nell'Ulttcio
1866 5695 1899 5756 di
1922 5695 1956 5758 S.
1979 5693 2070 5777 Lupo
2086 5695 2151 5760 Ve-

295 5852 393 5898 suoru
417 5853 434 5896 e
459 5833 658 5898 Confessore
682 5841 858 5916 approvato
882 5830 971 5896 dalla
992 5833 1026 5896 S.
1051 5833 1087 5898 G.
1113 5833 1164 5896 de'
1180 5835 1247 5896 Riti
1270 5855 1331 5916 per
1353 5835 1385 5897 la
1406 5837 1540 5900 Dioeesi
1564 5839 1812 5904 Beneventano.
