5402 7088
2103 483 2162 538 Ξ

2165 487 2189 540 >G

1067 417 1411 530 numantinum

1111 746 1234 809 Nomen

588 819 619 889 ρ·
747 803 779 870 ’Ξ
929 767 963 898 ’ξ
1825 877 1832 890 .

756 890 778 986 2
927 903 960 970 ..ὃ
1158 883 1195 940 et
1439 875 1649 946 membranae
1672 875 1890 943 Summanum

939 976 961 1016 :t

1978 977 2008 1027 A
1986 852 2009 970 rea

2075 769 2107 1092 Humerus

2172 927 2212 1055 Pag
2181 811 2205 897 na

747 1007 778 1069 Ε
929 1020 961 1050 '¹⁴
1041 1007 1124 1070 Anni
1145 1007 1313 1090 Principis

265 1154 2229 1204 mm

1360 1280 1497 1334 matrem
1520 1272 1608 1336 Grisi
1630 1277 1848 1358 disposuisse,
1880 1285 1917 1340 ut

1358 1364 1431 1430 post
1454 1355 1578 1418 obitum
1604 1361 1677 1420 eius
1702 1367 1735 1420 et
1765 1363 1827 1422 viri
1862 1363 1915 1423 sui
1958 1363 1960 1368 ’

1357 1438 1484 1514 Riguli,
1507 1441 1616 1500 omnia
1639 1442 1725 1503 bona
1752 1462 1812 1504 sua
1842 1463 1916 1523 per-

1356 1521 1489 1580 veniant
1505 1521 1544 1580 ad
1561 1524 1668 1601 ipsum
1682 1525 1916 1594 Grisumeius-

1357 1621 1420 1682 que
1445 1599 1621 1666 haeiedes.

257 1755 390 1818 MXXlll
570 1760 648 1820 tot-‘l
684 1759 834 1840 Augusto
925 1761 969 1821 XI
1039 1750 1089 1810 25.
1115 1755 1297 1819 Gustuann
1395 1764 1536 1830 Ioannes
1561 1769 1733 1849 presbyter
1751 1773 1838 1834 lilius
1855 1793 1912 1853 qu.

1356 1844 1551 1923 Maghenolsr
1574 1854 1774 1933 presbyteri,
1806 1863 1913 1918 terras

1355 1945 1435 2004 quas
1459 1933 1561 1994 habet
1583 1935 1616 1992 in
1642 1935 1844 2000 beneficium
1873 1939 1913 2000 ab

1355 2010 1508 2074 Ecclesia
1531 2017 1563 2076 S.
1582 2017 1725 2090 Maximi,
1743 2028 1912 2081 annuente

1357 2092 1495 2170 Abbale,
1522 2098 1577 2158 ubi
1605 2098 1740 2164 Cirione
1763 2104 1912 2178 dicitur,

1354 2180 1439 2254 apud
1454 2180 1687 2241 Monsourenm
1704 2185 1858 2246 concedit
1877 2187 1912 2248 in

1264 2295 1271 2302 -
1354 2267 1551 2338 perpetuum
1569 2263 1910 2347 Radelgrimoiilioq.
2012 2277 2014 2282 '

1354 2341 1503 2415 Maraldi,
1530 2348 1697 2407 consuetis
1719 2350 1913 2430 praestatio-

1353 2424 1464 2485 nibus.

923 2582 967 2646 Xl
1033 2585 1299 2652 2.Cousranu1u1
1392 2588 1573 2650 Dauierius
1598 2591 1687 2652 lilius
1710 2611 1767 2671 qu.
1799 2594 1912 2656 Falco·

1353 2668 1402 2728 nis
1428 2679 1460 2730 et
1482 2673 1604 2733 Daseia
1627 2691 1708 2736 uxor
1738 2678 1810 2736 cius
1841 2676 1911 2737 lilia

1351 2751 1572 2831 Teudelgardi
1601 2756 1809 2839 presbyteri,
1844 2767 1912 2820 ter-

1350 2851 1419 2894 ram
1443 2855 1541 2914 quam
1563 2839 1709 2918 possidet
1732 2860 1832 2920 prope
1849 2841 1911 2902 lic-

1350 2915 1487 2978 clesiam
1515 2921 1549 2982 S.
1577 2922 1685 2982 iacobi
1719 2925 1907 2994 Luceriae,

1350 3015 1424 3058 cum
1449 3003 1546 3062 vinea
1569 3005 1703 3066 Potonis
1725 3005 1786 3066 filii
1813 3009 1910 3070 Pote-

1349 3082 1426 3141 rissi
1448 3093 1650 3163 permutant.

252 3241 368 3306 Mxxv
570 3241 642 3302 lOltl
680 3245 825 3318 Augusto
921 3249 965 3308 XI
1038 3253 1087 3312 25.
1113 3253 1294 3315 Guaruanu
1349 3334 1360 3387 t
1394 3247 1440 3388 Dp
1464 3251 1711 3390 permutpltione
1743 3255 1826 3397 inipa
1860 3256 1910 3316 in-

1364 3347 1402 3388 er
1434 3347 1575 3390 oannem
1603 3353 1696 3394 rrum
1738 3355 1770 3398 u.
1816 3356 1905 3400 man·

1349 3411 1381 3472 di
1398 3417 1430 3470 et
1445 3412 1605 3473 Abbatem
1631 3416 1664 3477 S.
1684 3353 1834 3496 Stilphiam
1852 3420 1908 3482 bo·

1349 3512 1466 3554 norum
1490 3514 1638 3564 suorum,
1663 3516 1748 3575 quae
1774 3510 1852 3562 sunt
1874 3523 1908 3564 a·

1347 3576 1414 3654 pud
1438 3576 1567 3636 Portam
1592 3579 1773 3642 Rotensem
1796 3585 1908 3646 Saler-

1348 3658 1394 3728 ni,
1409 3677 1482 3719 cum
1501 3659 1573 3718 aliis
1587 3660 1676 3720 Elini
1690 3664 1820 3724 Portam
1832 3683 1905 3728 ver-

1347 3756 1417 3814 sus,
1436 3741 1559 3802 ibidem
1581 3742 1711 3821 positis.

250 3889 384 3953 MXXVI
566 3895 642 3955 1043
677 3895 826 3974 Augusto
918 3907 963 3968 XI
1038 3903 1091 3965 25.
1113 3903 1294 3966 Guaruanrr
1389 3903 1498 3965 Abbas
1523 3906 1557 3968 S.
1581 3906 1724 3986 Sophiae
1747 3908 1904 3988 Salerni,

585 3985 590 3996 ’
1348 3989 1469 4046 terram
1498 3988 1583 4068 apud
1599 3990 1735 4052 Sianum
1752 3991 1807 4053 ubi
1826 3997 1907 4056 Tru·

1348 4069 1423 4130 dado
1446 4071 1578 4142 dicitur,
1605 4071 1784 4133 medietate
1802 4083 1907 4139 casta-

1348 4170 1484 4212 nearum
1522 4160 1555 4214 et
1588 4154 1711 4215 solario
1745 4167 1906 4222 consueto

1348 4237 1447 4295 tradit
1473 4237 1506 4296 in
1542 4237 1781 4316 emphyteusim
1808 4242 1906 4305 Petro

1348 4317 1500 4380 Falconis
1523 4318 1602 4380 lilio.

253 4457 467 4525 CMLXXVIII
560 4469 641 4532 1043
677 4471 812 4535 Octobri
918 4482 981 4542 XlI
1029 4484 1080 4545 26.
1107 4487 1288 4546 Guaruamr
1389 4481 1621 4544 Tandavidua
1650 4485 1768 4546 Marini
1798 4487 1907 4550 Atria-

1349 4566 1492 4637 nensis,
1516 4565 1576 4626 lilii
1609 4569 1726 4640 Gutti,
1752 4572 1906 4634 concedit

1349 4646 1448 4707 Petro
1471 4647 1540 4707 lilio
1564 4667 1620 4726 qu.
1645 4649 1757 4709 loanni
1775 4652 1902 4730 Punzo,

1350 4734 1473 4788 terram
1497 4749 1571 4791 curn
1595 4733 1691 4793 vinea
1709 4739 1741 4792 et
1756 4742 1907 4797 castane-

1348 4815 1392 4880 to,
1416 4811 1450 4872 in
1475 4811 1546 4874 loco
1569 4813 1732 4874 Mitiliano
1749 4819 1903 4893 positam,

1348 4893 1515 4954 nonnullis
1538 4895 1683 4957 delinitis
1707 4899 1879 4962 oneribus.

250 5035 438 5101 CMLXXIX
558 5045 638 5109 1043
673 5051 846 5114 Decembri
917 5057 976 5118 Xll
1029 5063 1082 5125 26.
1107 5065 1287 5124 (luituram
1390 5058 1556 5140 Acceptus
1580 5059 1670 5121 filius
1703 5078 1757 5140 qu.
1793 5064 1905 5126 Falco·

1349 5142 1412 5212 nis,
1439 5149 1473 5200 et
1495 5143 1613 5203 Aloara
1636 5144 1705 5204 iilia
1732 5163 1789 5224 qn.
1814 5148 1904 5208 Petri

1347 5222 1523 5294 Santouta,
1548 5243 1628 5287 uxor
1656 5223 1754 5300 eius,
1779 5231 1904 5290 tarenis

1348 5312 1419 5368 auri
1445 5307 1619 5380 tredecim,
1643 5309 1790 5368 vendunt
1806 5313 1904 5373 Petro

1349 5487 1445 5548 quam
1470 5473 1504 5532 in
1533 5471 1655 5533 finibus
1688 5473 1905 5536 salernitanis

545 5601 551 5779 l

1349 5554 1532 5632 possident,
1557 5557 1614 5616 ubi
1637 5554 1767 5616 Viniola
1785 5557 1818 5618 in
1834 5557 1905 5619 loeo
1935 5477 1942 5689 i

1349 5637 1553 5698 Palmentato
1577 5637 1713 5700 dicitur.
1968 5645 2013 5706 lX
2063 5647 2104 5710 34
2158 5646 2220 5710 alo

1349 5387 1418 5449 lilio
1440 5389 1604 5466 quondam
1621 5392 1756 5452 loannis
1783 5399 1905 5455 terram

1852 5913 1854 5918 ,
1900 5863 2027 5903 aeaeae
