5408 7108
1280 538 1454 610 cubili
1490 537 1759 611 elvullsls

1354 945 1365 994 ’.
1407 909 1610 990 MXLI·

1370 1213 1427 1286 Α.
1455 1211 1510 1285 D.
1541 1208 1673 1283 1044.

636 1471 667 1584 †
693 1501 732 1564 ln
757 1500 899 1566 nomine
922 1500 1057 1567 domini
1081 1502 1249 1567 vicesimo
1272 1501 1419 1585 septimo
1442 1516 1537 1567 anne
1562 1497 1786 1583 principatus
1810 1492 1943 1562 salerni
1968 1491 2088 1558 domni
2114 1489 2226 1556 nostri
2260 1485 2445 1574 guaimari

592 1651 739 1740 gloriosi
767 1653 965 1738 principis,
990 1659 1026 1720 et
1050 1654 1197 1738 septimo
1221 1671 1315 1722 0000
1338 1653 1561 1738 principatus
1590 1651 1669 1717 eius
1698 1665 1810 1733 capue
1840 1651 1876 1713 et
1907 1649 2007 1712 sexto
2031 1625 2126 1710 anno
2149 1641 2319 1708 ducatum
2346 1637 2447 1706 illius

589 1805 711 1873 amalfi
734 1811 771 1874 et
792 1807 999 1890 sirrentum,
1017 1806 1192 1891 01001010
1216 1803 1242 1887 ¹)
1265 1821 1359 1872 0000
1383 1806 1705 1891 suprascriptorum
1733 1801 1971 1888 principatum
1994 1803 2029 1864 et
2052 1796 2221 1862 ducatum
2245 1793 2364 1860 domni
2384 1793 2440 1875 gi-

591 1959 672 2025 sulfi
696 1960 824 2026 eximii
849 1921 1025 2044 principis
1049 1963 1084 2024 et
1107 1958 1207 2024 ducis
1230 1959 1308 2024 eius
1332 1957 1410 2043 filii,
1435 1963 1470 2023 et
1492 1956 1645 2022 seeundo
1676 1971 1770 2022 anno
1798 1953 1950 2020 ducatus
1978 1949 2120 2016 illorum
2145 1944 2265 2031 apulie
2289 1943 2448 2012 010010-

592 2110 687 2197 brie,
713 2129 833 2178 mense
857 2113 1068 2196 september,
1096 2113 1282 2178 undecima
1298 2112 1323 2191 ²)
1347 2109 1552 2176 indictione.
1575 2105 1861 2220 memoratorium
1879 2104 2012 2171 sactum
2029 2121 2051 2168 a
2068 2100 2169 2167 nobis
2185 2096 2314 2164 mulier
2338 2094 2451 2160 nomi-

594 2279 641 2328 ne
666 2263 826 2332 bisantia
849 2264 892 2332 10
918 2263 1032 2330 locum
1057 2265 1203 2330 nuceria
1232 2262 1309 2330 iilia
1331 2262 1511 2347 quondam
1534 2259 1626 2347 petri
1651 2265 1686 2326 et
1711 2259 1839 2324 relicta
1862 2257 2041 2342 quondam
2060 2255 2149 2340 petri
2177 2252 2242 2320 tilii
2266 2251 2450 2319 0011101101

594 2417 783 2496 mirandus
807 2414 904 2482 filius
927 2415 1104 2501 quondam
1130 2415 1250 2482 alerisi
1275 2419 1312 2481 et
1329 2416 1431 2482 istius
1455 2415 1621 2498 visantie,
1644 2431 1685 2478 eo
1702 2413 1793 2497 0001
1810 2415 1893 2479 0010
1912 2411 2047 2476 idoneis
2071 2408 2248 2474 ominibus
2273 2423 2333 2488 per
2356 2421 2451 2472 com·

602 2570 789 2636 benienlia
813 2569 881 2636 had
909 2567 1099 2635 tenendum
1124 2573 1159 2634 01
1183 2567 1416 2634 laborandum
1444 2565 1593 2634 tradidit
1624 2568 1726 2632 nobis
1759 2565 1892 2634 alferus
1915 2563 2084 2630 diaeonus
2107 2567 2142 2628 et
2169 2559 2449 2644 archipresbiter

593 2729 629 2792 et
654 2726 765 2792 abbas
789 2723 934 2790 ecclesie
959 2724 1073 2792 sancti
1098 2726 1253 2809 masimi,
1270 2725 1332 2810 qui
1350 2731 1403 2791 est
1428 2723 1584 2789 000010
1608 2723 1756 2789 dominii
1783 2723 1895 2808 ipsius
1912 2720 2059 2788 ecclesie
2084 2693 2189 2786 rebus
2206 2683 2446 2802 pertinentem

596 2878 709 2963 ipsius
733 2876 880 2943 ecclesie
904 2880 1015 2944 sancti
1044 2877 1203 2964 maximi,
1229 2882 1373 2963 000001
1398 2882 1495 2945 10000
1520 2897 1598 2944 curn
1625 2879 1781 2944 arbustis
1807 2877 1929 2943 vitatis
1953 2881 1989 2940 01
2007 2872 2277 2959 abellanietum,
2302 2889 2365 2938 seu
2389 2887 2450 2956 po-

593 3028 662 3093 mis
685 3031 719 3095 et
744 3027 808 3094 alii
833 3028 1021 3095 arboribus
1045 3045 1115 3094 uno
1138 3027 1321 3114 leniente,
1346 3029 1438 3113 quod
1463 3049 1546 3114 pars
1572 3032 1683 3114 ipsius
1707 3030 1854 3096 ecclesie
1879 3032 1960 3095 abet
1986 3029 2022 3093 in
2047 3027 2159 3093 locum
2187 3025 2361 3110 nuceria,
2388 3025 2450 3090 ubi

595 3181 740 3265 proprie
764 3179 883 3266 agella
905 3186 940 3248 01
957 3185 1060 3266 puteo
1085 3181 1221 3248 reiente
1245 3181 1389 3267 dicitur,
1409 3201 1469 3268 per
1494 3186 1688 3250 00100001
1706 3200 1903 3249 mensuras:
1921 3201 1942 3248 a
1967 3187 2068 3265 00010
2091 3179 2359 3265 septemtrionis
2377 3176 2450 3244 1100

596 3333 654 3398 via
678 3332 845 3418 0001100,
869 3331 962 3398 0010
986 3350 1081 3416 0000
1105 3332 1264 3400 decurrit
1287 3350 1356 3416 000
1380 3334 1560 3402 descendit
1591 3335 1637 3402 da
1667 3337 1702 3403 la
1732 3335 1866 3422 forme,
1892 3337 1974 3402 inde
2006 3339 2090 3402 sunt
2122 3335 2216 3418 passi
2248 3333 2451 3418 nonaginta

594 3486 746 3570 nobem3
773 3505 795 3552 a
818 3503 902 3570 pars
925 3487 1074 3552 orientis
1097 3487 1167 3552 fine
1192 3487 1250 3552 via
1274 3490 1310 3553 et
1335 3488 1404 3552 line
1430 3489 1472 3554 de
1497 3488 1618 3555 eredes
1642 3489 1792 3574 celeuil,
1812 3493 1906 3557 sieut
1931 3487 2048 3555 media
2065 3505 2147 3571 0000
2163 3486 2347 3571 110000011,
2368 3485 2451 3552 1010

591 3643 675 3702 0001
699 3639 793 3723 00001
817 3641 961 3706 eentum
985 3640 1104 3706 decem
1127 3646 1160 3707 01
1178 3644 1301 3708 nobem
1319 3661 1328 3726 ;
1345 3641 1387 3708 (10
1404 3659 1509 3725 00000
1527 3661 1549 3708 0
1573 3647 1674 3727 00010
1692 3643 1839 3710 meridie
1856 3643 1926 3709 line
1944 3643 2035 3708 01001
2053 3640 2166 3738 medio
2180 3641 2262 3725 0010
2275 3638 2448 3722 discerni,

594 3793 681 3858 sunt
706 3789 790 3859 1010
814 3791 907 3876 00001
937 3793 1130 3877 sexaginta
1158 3809 1268 3858 unum
1284 3797 1332 3859 'et
1361 3793 1538 3880 medium,
1563 3799 1598 3860 et
1622 3797 1666 3862 ab
1692 3795 1772 3861 1010
1797 3794 2000 3860 rebolbente
2025 3791 2058 3858 in
2086 3796 2187 3877 parte
2212 3790 2363 3858 meridie
2387 3808 2451 3875 000

599 3941 716 4009 medio
739 3943 837 4029 0010,
850 3948 934 4010 0001
959 3943 1041 4010 1010
1065 3947 1160 4029 00001
1186 3946 1416 4032 septuaginta
1433 3968 1440 4010 :
1469 3946 1597 4012 ilerum
1615 3946 1657 4011 de
1674 3963 1778 4030 super
1795 3967 1817 4014 a
1832 3945 1979 4012 meridie
1993 3946 2064 4010 1100
2078 3943 2278 4029 0011001100
2292 3943 2349 4010 via
2365 3941 2452 4027 fuit,

592 4093 680 4162 0010
703 4098 787 4161 0001
811 4096 908 4180 passi
932 4095 1199 4183 quinquaginta
1222 4117 1308 4166 sex:
1334 4119 1356 4166 a
1379 4101 1482 4184 00010
1507 4097 1699 4166 0001100110
1717 4101 1799 4166 abet
1817 4099 1912 4184 passi
1931 4099 2129 4184 nonaginta
2145 4101 2235 4180 octe,
2250 4099 2286 4162 et
2302 4095 2349 4162 ab
2367 4094 2453 4162 inde

599 4247 805 4317 rebolbente
826 4247 863 4315 in
880 4269 965 4336 pars
981 4249 1174 4317 occidentis
1191 4251 1286 4336 passi
1304 4247 1610 4335 quadtuordecim,
1627 4252 1663 4316 01
1687 4252 1732 4319 01)
1753 4251 1834 4318 1010
1850 4249 2053 4319 rebolbente
2068 4251 2105 4317 in
2122 4267 2204 4334 pars
2228 4246 2451 4333 septemtrio.-

593 4403 655 4472 nis
670 4407 707 4472 01
722 4404 962 4491 coniungente
981 4423 1017 4472 00
1034 4404 1079 4473 01
1097 4407 1174 4491 1000
1190 4408 1261 4491 via,
1280 4407 1372 4474 unde
1391 4407 1471 4491 ipsa
1488 4383 1583 4492 0000
1600 4407 1760 4475 decurrit
1777 4425 1844 4492 000
1863 4412 1916 4474 001
1932 4405 2146 4492 priorellne,
2160 4405 2242 4472 abet
2261 4403 2342 4470 1010
2355 4402 2454 4488 passi

615 4557 828 4644 eptuaginta
851 4561 940 4646 ecte,
964 4563 1076 4626 totum
1102 4565 1346 4629 mensuratum
1372 4562 1417 4630 01
1434 4563 1526 4629 iusto
1543 4577 1685 4646 passum
1702 4559 1833 4626 ominis
1849 4577 1912 4644 000
1930 4558 2016 4625 10100
2033 4557 2120 4624 fines
2138 4561 2173 4625 et
2190 4573 2375 4624 mensuras
2392 4575 2455 4642 pa·

600 4713 719 4777 rentes
742 4713 882 4777 0001000
908 4717 1030 4780 01000
1054 4731 1117 4799 000
1142 4713 1253 4780 alium
1281 4714 1423 4780 brebem
1439 4703 1531 4779 'illut
1554 4719 1741 4780 teneamus
1769 4711 1814 4780 01
1844 4709 2079 4780 laborandum
2104 4731 2126 4780 a
2149 4729 2233 4795 pars
2257 4711 2370 4796 ipsius
2392 4727 2451 4778 ec·

598 4860 718 4940 010010,
744 4866 838 4932 01001
862 4866 929 4952 1001
955 4865 1055 4932 brebi
1078 4871 1161 4932 sunt
1185 4866 1406 4932 continentes
1431 4865 1522 4950 qued
1549 4885 1610 4950 per
1627 4871 1747 4950 partes
1772 4865 1855 4932 inde
1879 4867 2024 4932 abemus
2049 4869 2084 4932 el
2102 4867 2196 4932 sieut
2220 4868 2454 4952 vestrumque

596 5021 776 5088 combenit
800 5037 862 5106 per
887 5021 1006 5107 ipsum
1031 5022 1174 5088 brebem
1198 5017 1301 5086 illum
1327 5023 1402 5107 ipse
1425 5022 1536 5090 abbas
1560 5021 1660 5087 nobis
1691 5019 1842 5089 tradidit
1865 5021 1908 5088 de
1932 5027 2010 5108 ipsa
2034 5025 2139 5089 rebus
2163 5020 2289 5089 inclita
2320 5021 2406 5088 serti
2431 5041 2454 5089 a

594 5189 677 5256 pars
701 5189 794 5258 mea,
811 5191 879 5258 000
897 5171 966 5238 luit
989 5173 1146 5239 sortione
1173 5175 1287 5258 ipsius
1313 5175 1404 5260 petri
1433 5175 1549 5242 virum
1573 5173 1687 5260 ipsius
1713 5173 1868 5244 bisantia
1893 5178 1929 5242 01
1957 5176 2139 5261 patrinum
2165 5174 2275 5260 ipsius
2298 5173 2454 5244 mirandi

638 5669 664 5748 ¹)
689 5669 794 5748 Lege:
819 5675 926 5734 tertio.

634 5813 661 5891 ²)
707 5837 721 5872 0
766 5817 1004 5881 decimotertio.
