5408 7108
1008 533 1414 611 [tiPLOMATiCUS
2014 538 2085 616 263

277 755 417 840 ptorum
436 755 560 824 eximii
580 758 736 847 principi
753 764 790 828 et
813 760 926 848 duciS,
943 764 981 830 et
1003 763 1157 830 secundo
1181 781 1277 832 anno
1293 764 1445 834 ducatus
1463 765 1604 832 illorum
1621 764 1740 850 apulie
1756 767 1792 832 et
1807 763 1985 852 kalabria
2005 783 2128 834 mense

276 911 464 997 augustus,
488 909 698 981 duodecima
723 913 929 983 indictione.
958 883 1247 986 Memoratorium
1271 917 1408 987 lactum
1432 921 1572 988 anobis
1596 921 1770 987 iohannes
1793 923 1830 987 et
1853 920 2026 1007 guinioisi
2054 939 2136 1006 pre·

280 1063 391 1130 sbiter
413 1063 477 1131 lilii
502 1066 680 1150 quondam
704 1065 824 1152 petoni
849 1067 1054 1154 presbiteri,
1079 1087 1120 1135 eo
1136 1069 1228 1154 quod
1253 1075 1336 1138 ante
1352 1069 1544 1156 subscripti
1569 1073 1676 1138 testes
1699 1085 1763 1154 per
1780 1071 2043 1138 combenientia
2060 1074 2134 1140 tra·

278 1213 371 1284 didit
392 1216 494 1284 nobis
519 1221 610 1287 mari
636 1219 811 1306 presbiter
830 1226 866 1290 et
882 1223 993 1289 abbas
1017 1221 1163 1289 ecclesie
1187 1227 1311 1290 sancte
1335 1223 1449 1290 marie
1472 1222 1585 1308 piebis
1609 1223 1768 1306 nucerie,
1794 1222 1907 1306 etqui
1926 1222 2059 1290 retinet
2075 1241 2132 1290 ec·

274 1367 381 1438 clesia
404 1371 610 1440 vocabulum
634 1374 750 1441 sancti
777 1373 925 1442 atiutori
951 1375 1013 1459 qui
1037 1377 1090 1442 est
1114 1376 1352 1458 pertinentem
1377 1375 1454 1458 ipsa
1478 1373 1629 1441 ecclesia
1652 1377 1844 1460 nostraque
1870 1377 2036 1459 germani
2057 1392 2131 1442 una

276 1522 377 1606 pecie
400 1523 442 1591 de
465 1529 563 1592 terre
587 1544 667 1626 cum
691 1526 848 1595 arbustis
871 1529 907 1594 et
929 1525 1183 1594 avellanietum
1208 1526 1299 1612 quod
1324 1525 1403 1612 ipsa
1426 1525 1577 1593 ecclesia
1600 1527 1683 1592 abet
1702 1523 1737 1588 in
1756 1523 1871 1590 locum
1889 1523 2048 1608 nucerie,
2067 1523 2131 1591 ubi

276 1677 313 1742 at
336 1674 494 1766 pucianu
517 1675 673 1762 dicitur,
698 1693 767 1762 que
789 1681 845 1745 est
866 1695 929 1762 per
953 1695 993 1745 ec
1017 1677 1099 1744 linis
1123 1681 1159 1744 et
1183 1677 1363 1744 mensurie
1388 1675 1480 1741 iusto
1509 1692 1612 1759 passu
1642 1673 1774 1738 ominis
1805 1678 2054 1743 mensuratas:
2084 1675 2130 1742 ab

277 1825 458 1894 occidente
482 1826 554 1894 tine
576 1827 637 1895 bia
660 1825 811 1913 antika,
839 1827 922 1896 inde
949 1831 1043 1914 passi
1074 1830 1265 1915 sexaginta
1296 1847 1432 1914 unum3
1461 1833 1497 1896 et
1526 1848 1548 1896 a
1572 1826 1721 1896 meridie
1740 1827 1811 1894 tine
1838 1827 1951 1912 ipsius
1978 1825 2137 1910 ecclesie,

280 1977 362 2044 inde
386 1980 480 2062 passi
506 1978 639 2065 biginti
664 1979 867 2066 quadtuor3
893 1982 938 2048 ab
961 1981 1098 2048 oriente
1122 1979 1290 2056 similiter
1314 1981 1384 2047 line
1409 1982 1519 2066 ipsius
1543 1977 1715 2064 ecclesie,
1741 1979 1836 2064 passi
1862 1975 2128 2064 quinquaginta

281 2131 484 2217 quadtuor:
510 2131 553 2199 de
580 2131 704 2199 subter
731 2135 834 2218 parte
862 2150 931 2218 que
958 2137 1013 2201 est
1039 2154 1061 2202 a
1085 2133 1360 2222 sebtemtrionis,
1389 2136 1519 2202 iterum
1550 2133 1716 2202 similiter
1745 2134 1817 2199 fine
1842 2132 1953 2219 ipsius
1969 2132 2138 2217 ccclesia,

284 2284 378 2370 passi
402 2283 557 2371 triginta
581 2286 740 2372 quinque
763 2289 799 2354 et
820 2286 990 2353 medium.
1017 2287 1182 2354 inclitum
1207 2285 1288 2354 illut
1315 2306 1376 2372 per
1406 2288 1573 2355 iamdicte
1605 2287 1686 2354 linis
1712 2290 1748 2354 et
1772 2288 1950 2354 mensurie
1973 2287 2049 2371 ipse
2074 2287 2136 2353 ab·

288 2437 352 2504 bas
376 2436 479 2504 nobis
502 2441 539 2505 at
564 2435 796 2505 lavorandurn
821 2435 972 2506 tradidit
994 2456 1073 2504 curn
1099 2437 1218 2506 omnia
1243 2437 1340 2505 infra
1362 2457 1399 2505 se
1424 2440 1572 2504 abentes
1594 2443 1725 2504 etcum
1743 2437 1952 2504 bicedebia
1969 2454 2048 2520 sua,
2067 2437 2135 2504 tali

287 2589 426 2677 ordine,
453 2594 492 2658 ut
515 2591 640 2658 amodo
663 2596 699 2659 et
720 2593 816 2660 omni
842 2597 1000 2678 tempore
1024 2609 1081 2659 eos
1107 2589 1188 2657 illut
1213 2595 1334 2657 tenere
1358 2595 1394 2656 et
1418 2591 1592 2675 lavorare,
1616 2594 1821 2676 pastenare,
1845 2595 1982 2676 potare,
2008 2607 2137 2676 propa-

278 2740 430 2828 ginare,
455 2746 491 2809 et
515 2741 574 2808 ubi
601 2743 772 2811 meruerit
795 2745 941 2814 arbores
964 2748 1000 2810 et
1026 2744 1115 2811 bites
1131 2748 1167 2810 et
1182 2741 1344 2810 abeliane
1360 2762 1369 2828 3
1395 2745 1430 2810 et
1453 2742 1504 2807 sic
1522 2745 1633 2808 toturn
1652 2739 1733 2808 illut
1751 2717 1947 2809 lavoremus
1963 2742 2006 2809 de
2025 2759 2133 2828 super

279 2897 315 2962 et
339 2893 383 2964 de
406 2896 542 2980 subter,
566 2894 660 2962 sicut
683 2896 780 2963 iocus
804 2897 879 2982 ipse
903 2897 1085 2984 meruerit,
1105 2897 1199 2963 utin
1223 2896 1349 2964 melius
1372 2895 1562 3016 proficiant
1584 2899 1620 2962 et
1636 2911 1707 2960 non
1729 2895 1947 2980 dispereant:
1973 2900 2133 2978 tantum,

285 3047 346 3115 ubi
369 3051 423 3116 est
446 3051 521 3134 ipso
543 3053 689 3134 petraro
714 3054 750 3117 et
776 3055 969 3135 pastenare
993 3051 1123 3118 ibidem
1152 3070 1223 3119 non
1247 3054 1480 3138 potuerimus,
1498 3069 1569 3118 non
1600 3050 1735 3118 siamus
1761 3051 1891 3118 exinde
1914 3048 2137 3135 culpabiles,

282 3207 335 3269 set
361 3201 469 3268 soluti
495 3201 577 3268 inde
601 3219 834 3288 maneamus,
858 3205 895 3270 et
918 3221 980 3288 per
1011 3207 1166 3289 tempore
1189 3204 1232 3272 de
1256 3205 1432 3272 bindemie
1457 3205 1630 3274 iaciamus
1658 3222 1721 3271 nos
1745 3207 1781 3272 et
1805 3203 1937 3270 nostris
1966 3203 2137 3272 eredibus

278 3354 368 3421 scire
386 3356 458 3441 ipse
475 3356 585 3422 abbas
602 3353 657 3422 vel
674 3354 838 3442 partibus
854 3356 965 3439 ipsius
980 3356 1140 3442 ecclesie,
1160 3360 1199 3424 ut
1218 3356 1351 3426 ibidem
1368 3357 1506 3444 dirigat
1522 3357 1668 3424 missum
1686 3375 1803 3442 suum,
1817 3366 1853 3424 et
1870 3373 1933 3422 nos
1950 3361 1985 3424 et
2002 3357 2135 3423 nostris

280 3505 445 3577 eredibus
468 3509 732 3578 rationabiliter
750 3507 831 3577 illut
848 3507 1118 3596 bindemiemus,
1132 3515 1168 3578 et
1185 3511 1259 3595 ipse
1278 3509 1464 3580 abbellane
1481 3509 1690 3596 colligamus
1703 3511 1738 3577 et
1754 3511 1952 3595 sacremus,
1968 3515 2004 3577 et
2019 3513 2137 3577 totum

281 3665 355 3752 ipso
370 3665 492 3733 binum
518 3669 554 3734 et
579 3668 653 3753 ipse
676 3629 840 3734 abelleno
863 3668 958 3734 inter
983 3682 1048 3734 nos
1070 3664 1284 3734 dividamus:
1303 3683 1367 3734 nos
1385 3665 1550 3734 tollamus
1574 3663 1813 3734 medietatem,
1835 3665 1966 3750 etipse
1990 3663 2157 3731 missum.

282 3817 524 3905 medietatem,
548 3819 750 3887 faciendum
774 3839 838 3906 per
862 3824 980 3904 partes
1005 3820 1098 3904 quod
1124 3821 1357 3889 voluerimus.
1385 3822 1535 3890 Etdum
1561 3820 1691 3889 ibidem
1716 3821 1857 3888 steterit
1885 3823 1959 3905 ipso
1986 3821 2136 3888 missum

280 3993 343 4060 per
359 3979 522 4062 ternpore„
541 3977 584 4043 de
603 3976 785 4044 bindemie
802 3993 866 4063 pro
886 3976 962 4062 ipso
980 3975 1105 4043 binum
1125 3981 1161 4044 et
1179 3975 1254 4062 ipse
1270 3975 1433 4045 abellane
1449 3975 1704 4060 recipiendum,
1721 3992 1785 4041 nos
1805 3975 1886 4042 illut
1902 3975 2137 4059 nutricemuS,

278 4129 373 4197 sicut
394 4128 529 4196 iustum
552 4129 684 4212 fuerit3
709 4133 745 4198 et
768 4127 861 4214 quod
886 4129 1017 4197 ibidem
1041 4130 1357 4214 seminaberimus,
1382 4129 1505 4195 demus
1531 4129 1614 4198 inde
1639 4129 1677 4194 in
1702 4129 1864 4214 partibus
1889 4129 2002 4214 ipsius
2024 4127 2136 4196 eccle·

279 4282 330 4350 sie
352 4283 562 4350 terraticum
586 4282 777 4350 secundum
809 4283 1100 4351 consuetudinem
1128 4283 1170 4350 de
1199 4285 1274 4368 ipso
1302 4281 1428 4349 locum.
1458 4284 1502 4349 Et
1529 4283 1634 4368 quale
1662 4286 1819 4367 tempore
1848 4299 1912 4348 nos
1938 4286 1973 4348 et
2000 4283 2135 4348 nostris

279 4435 443 4504 eredibus
467 4437 544 4522 ipsa
569 4435 714 4504 traditio
738 4437 776 4503 in
801 4436 967 4506 iamdicto
990 4434 1115 4503 ordine
1146 4439 1267 4503 tenere
1299 4433 1546 4521 noluerimus,
1571 4437 1634 4503 aut
1659 4450 1730 4499 non
1755 4431 2002 4519 potuerimus,
2029 4431 2137 4500 liceat

279 4607 344 4657 nos
367 4594 403 4658 et
426 4589 559 4657 nostris
581 4587 748 4658 eredibus
773 4590 855 4657 inde
880 4591 983 4658 exire
1007 4608 1089 4695 cum
1114 4587 1231 4656 omnis
1257 4605 1366 4656 causa
1389 4591 1512 4654 nostra
1537 4585 1696 4671 mobilia,
1722 4586 1814 4672 quod
1840 4585 1968 4652 ibidem
1993 4585 2138 4652 abueri-

279 4757 369 4826 mus,
392 4743 429 4807 et
452 4740 523 4806 iret
546 4759 628 4810 cum
651 4738 733 4808 illut
756 4741 816 4808 ubi
842 4739 1088 4825 voluerimus,
1113 4745 1150 4808 et
1174 4741 1252 4827 ipsa
1276 4737 1446 4807 tradictio
1472 4737 1637 4806 lavorata
1659 4745 1695 4805 et
1717 4738 1852 4806 cultata
1878 4740 1969 4806 bona
1993 4741 2029 4803 et
2053 4755 2130 4802 sur-

279 4897 327 4977 ta,
352 4889 509 4977 qualiter
533 4894 698 4978 superius
723 4891 892 4980 diximus,
919 4895 1144 4962 remittamus
1170 4895 1209 4960 at
1231 4892 1394 4978 partibus
1418 4891 1530 4977 ipsius
1554 4891 1713 4978 ecclesie,
1739 4891 1941 4959 laciendum
1966 4891 2058 4976 quod
2075 4909 2134 4956 vo·

281 5042 428 5112 luerint.
451 5033 637 5132 Unde'pro
660 5045 781 5114 taliter
806 5065 869 5132 per
894 5045 1158 5114 combenientia
1184 5063 1248 5130 pro
1269 5063 1352 5131 pars
1376 5043 1488 5129 ipsius
1512 5042 1659 5111 ecclesie
1686 5043 1821 5130 guadia
1845 5045 1947 5110 nobis
1972 5043 2047 5128 ipse
2072 5047 2135 5113 ab·

280 5199 345 5264 bas
368 5195 466 5264 dedit
488 5201 525 5264 et
548 5197 779 5266 mediatorem
807 5197 910 5266 nobis
938 5199 1055 5283 posuit
1082 5198 1337 5281 exkempertus
1364 5195 1460 5262 lilius
1490 5193 1668 5279 quondam
1701 5196 1881 5282 iaquinti;
1908 5201 1943 5264 et
1967 5215 2029 5281 per
2055 5196 2135 5281 ipsa

277 5351 413 5437 guadia
436 5355 505 5420 etc.
534 5354 683 5420 statuta
704 5353 821 5421 merito
842 5354 966 5438 erpino·
989 5351 1070 5417 aori
1093 5355 1288 5422 solidorum
1310 5349 1705 5418 constantinianoronr.
1730 5349 1975 5415 berumtamen
2009 5342 2138 5415 memo-

279 5523 412 5592 ramus,
429 5509 466 5572 et
482 5506 560 5590 ipsa
584 5506 755 5576 iamdicta
778 5506 931 5575 ecclesia
952 5509 1006 5573 est
1022 5475 1210 5590 nostrique
1234 5504 1398 5589 germani
1423 5501 1644 5588 pertinentes
1661 5507 1697 5567 et
1720 5500 1762 5568 de
1786 5499 1848 5568 alii
1876 5499 2086 5585 parentibus
2102 5505 2139 5568 ot

285 5663 511 5730 consortibus
534 5661 678 5747 nostris,
701 5661 794 5748 quod
817 5661 944 5747 scripsi
971 5676 1038 5746 ego
1062 5662 1184 5745 petrus
1209 5658 1487 5746 protonotarius.

307 5787 355 5900 †
380 5815 455 5902 Ego
480 5813 542 5901 qui
565 5832 674 5900 supra
697 5811 791 5882 mari
817 5811 993 5898 presbiter
1016 5815 1053 5878 et
1076 5811 1188 5878 abbas

325 5943 354 6057 †
381 5970 454 6058 Ego
479 5969 690 6038 romoaldus.
