5456 7096
1038 485 1448 562 DIPLOMATICUS
2075 489 2122 561 95

320 712 417 782 tium
440 711 600 782 cecidere
622 713 824 801 debuerint,
850 711 977 783 inclita
999 711 1080 802 ipsa
1102 716 1208 782 rebus
1230 713 1378 786 redeant
1400 713 1446 784 ad
1468 715 1591 784 nostra
1614 715 1808 800 potestate;
1843 717 1880 782 et
1913 711 1945 781 si
1969 712 2066 783 inira
2092 715 2167 783 tres

318 869 404 939 anni
428 866 473 935 in
497 887 540 937 ac
562 871 662 938 terra
686 868 821 938 luerint
844 867 917 938 illis
940 835 1073 938 rebersi
1099 869 1144 937 ad
1167 868 1378 940 abitandum
1400 873 1435 939 et
1465 869 1630 938 ebacuati
1646 867 1689 936 de
1706 869 1784 956 ipsa
1800 867 1919 956 culpa,
1937 867 2067 939 inclita
2088 871 2166 958 ipsa

317 1020 489 1092 tradiclio
512 1023 736 1092 remittamus
759 1022 805 1093 ad
830 1022 973 1090 illorum
997 1026 1183 1110 potestate,
1208 1023 1253 1094 ad
1278 971 1468 1094 tenendum
1494 1022 1574 1093 illut
1591 1025 1629 1092 in
1645 1024 1891 1111 suprascripta
1907 1025 2061 1112 ratioue;
2076 1030 2114 1096 et
2137 1027 2169 1094 si

318 1177 396 1264 ipso
420 1192 569 1254 annum,
594 1175 738 1263 quando
762 1173 834 1244 illis
859 1175 1049 1262 redierint,
1073 1176 1152 1264 ipsa
1176 1178 1282 1244 rebus
1305 1176 1466 1247 laborata
1489 1178 1719 1267 inbenerint,
1736 1187 1740 1194 ·
1758 1179 1866 1248 liceat
1901 1197 1966 1247 nos
1990 1178 2074 1246 inde
2096 1179 2173 1267 ipso

319 1345 456 1399 annum
481 1329 557 1416 ipso
580 1329 737 1398 frudium
760 1329 896 1417 tollere;
921 1333 957 1398 et
979 1331 1009 1397 si
1035 1331 1131 1398 inira
1154 1333 1227 1399 tres
1251 1331 1339 1400 anni
1363 1331 1402 1398 in
1424 1349 1466 1400 ac
1492 1335 1590 1400 terra
1613 1331 1686 1400 illis
1709 1350 1781 1400 non
1807 1333 1941 1402 luerint
1964 1335 2100 1402 rebersi
2121 1335 2168 1404 ad

322 1483 547 1572 abitandum,
571 1484 745 1590 iaciamus
768 1484 811 1552 de
835 1486 912 1572 ipsa
934 1485 1040 1553 rebus
1063 1483 1183 1554 omnia
1206 1484 1297 1571 quod
1319 1485 1544 1554 boluerimus.
1570 1486 1662 1573 quod
1686 1487 1717 1555 si
1740 1486 1862 1556 taliter
1886 1487 2021 1575 omnia,
2047 1493 2088 1557 ut
2112 1508 2172 1558 su·

321 1635 446 1724 penius
470 1635 617 1728 legitur,
641 1635 742 1704 nobis
766 1635 971 1722 nostrisque
994 1635 1157 1705 eredibus
1180 1653 1251 1706 non
1275 1637 1524 1744 adimpleverit
1546 1645 1582 1708 et
1605 1639 1736 1727 aliquit
1759 1641 1843 1710 inde
1877 1631 2172 1730 contradixerit,

256 1811 265 1822 ·
322 1792 408 1871 tunc
433 1807 496 1875 per
521 1789 599 1876 ipsa
622 1790 756 1876 guadia
779 1788 957 1877 obligavit
980 1807 1017 1858 se
1041 1807 1191 1878 suosque
1214 1791 1335 1862 eredes
1358 1792 1403 1861 ad
1419 1793 1699 1880 componendum
1716 1795 1817 1862 nobis
1833 1795 2039 1882 nostrisque
2056 1795 2172 1865 eredi-

321 1944 388 2046 bus
412 1944 543 2032 biginti
567 1945 648 2014 auri
674 1942 777 2014 solidi
801 1947 1032 2033 constantini,
1057 1951 1093 2014 et
1117 1949 1237 2018 omnia
1261 1949 1505 2037 suprascripta
1530 1967 1594 2036 per
1622 1948 1746 2018 invitis
1774 1947 1876 2020 nobis
1911 1949 2103 2037 complire,
2139 1953 2175 2018 et

322 2115 393 2166 nnc
417 2097 561 2165 brebem
585 2065 712 2183 scripsi
735 2115 800 2184 ego
824 2098 1023 2168 romoaldus
1047 2099 1210 2168 notarius
1233 2100 1295 2186 qui
1327 2101 1487 2172 interlui.

372 2225 403 2341 †
429 2253 504 2341 Ego
526 2251 750 2322 landonolfus
839 2301 841 2306 -

371 2381 402 2499 †
429 2412 504 2499 Ego
527 2409 710 2480 maraldus
734 2429 790 2478 me
813 2409 1005 2496 subscripsi

375 2538 406 2654 †
432 2567 507 2654 Ego
529 2567 715 2654 iaqulntus
737 2565 900 2634 notarius
923 2583 979 2634 me
1002 2565 1210 2652 subscripsi.

1007 2783 1434 2801 *-

1070 3021 1407 3104 GMXXXV·

1100 3289 1158 3364 A.
1184 3289 1240 3364 D.
1270 3287 1399 3364 1039.

385 3465 421 3608 †
447 3519 487 3584 In
511 3515 656 3586 nomine
680 3515 816 3584 domini
832 3514 1008 3596 bicesimo
1030 3514 1146 3602 primo
1172 3529 1268 3584 anno
1302 3511 1525 3601 principatus
1559 3511 1693 3582 salerni
1716 3510 1835 3580 domni
1867 3509 1981 3580 nostri
2003 3507 2185 3598 guaimari

339 3672 486 3761 gloriosi
509 3671 697 3758 principis,
721 3671 758 3736 et
780 3667 896 3756 primo
919 3685 1016 3736 anno
1038 3667 1262 3754 principatus
1283 3666 1362 3735 eius
1385 3685 1510 3754 capue,
1535 3683 1655 3735 mense
1670 3664 1887 3752 februarius,
1905 3663 2055 3751 septima
2070 3663 2186 3733 indic·

332 3825 444 3896 tione.
470 3823 760 3894 memoratorium
783 3822 917 3892 iactum
949 3841 971 3889 a
995 3840 1051 3890 me
1074 3826 1198 3908 petrus
1221 3819 1372 3887 clericus
1394 3819 1490 3887 filius
1513 3819 1690 3906 quondam
1714 3818 1865 3887 iohanni
1892 3822 1976 3888 ante
1999 3817 2185 3905 presentia

332 3977 454 4046 domni
478 3975 624 4045 adelferi
643 3976 744 4046 abati
760 3977 798 4044 et
815 3969 967 4043 diacono
983 3977 1020 4043 et
1034 3971 1327 4060 archipresbiter,
1344 3971 1406 4059 qui
1422 3972 1603 4039 estonum
1619 3971 1662 4039 de
1678 3970 1879 4039 dominium
1895 3971 2055 4040 ecclesiis
2068 3971 2188 4042 sancti

334 4129 508 4217 massimi,
533 4127 684 4198 tradidit
700 4073 793 4216 petri
807 4127 949 4214 clerico,
966 4125 1039 4192 filio
1053 4124 1231 4212 quondam
1247 4127 1340 4212 petri
1353 4123 1474 4194 clerici
1489 4099 1532 4194 de
1549 4125 1711 4212 nuceria,
1724 4123 1831 4192 rebus
1846 4124 2004 4212 predicte
2032 4121 2187 4196 ecclesie

335 4301 403 4370 que
420 4287 475 4353 est
490 4301 570 4352 cum
589 4281 859 4370 abellanietum,
877 4281 969 4369 quod
984 4298 1049 4369 ego
1067 4280 1107 4347 in
1124 4279 1335 4348 beneficium
1351 4282 1453 4347 teneo
1470 4277 1638 4346 inlocum
1651 4278 1814 4365 nuceria,
1828 4279 1888 4348 ubi
1902 4278 2037 4348 dicitur
2052 4269 2185 4369 agella,

333 4441 447 4507 otest
471 4439 578 4506 rebus
601 4439 680 4524 ipsa
702 4454 766 4524 per
789 4438 880 4505 fines
901 4439 938 4504 et
963 4435 1159 4503 mensuria:
1185 4453 1208 4502 a
1231 4451 1316 4521 pars
1338 4432 1485 4506 orientis
1502 4435 1573 4502 flne
1589 4433 1747 4524 predicte
1762 4433 1922 4524 ecclesie,
1940 4431 2024 4504 inde
2040 4441 2097 4506 est
2119 4453 2186 4524 per

334 4590 519 4678 longitudo
542 4591 636 4677 passi
662 4588 907 4678 quadraginta
930 4607 1041 4658 unum
1065 4593 1101 4657 et
1124 4586 1254 4657 mediu:
1280 4607 1303 4656 a
1325 4586 1577 4673 septemtrione
1601 4587 1672 4656 fine
1695 4587 1806 4674 ipsius
1829 4589 1991 4676 ecclesie,
2017 4588 2101 4658 inde
2125 4591 2181 4658 est

334 4765 400 4834 per
423 4746 573 4818 latitudo
599 4748 696 4834 passi
720 4745 877 4815 sidecim:
905 4749 1053 4833 aparte
1078 4743 1273 4812 occidentis
1295 4744 1366 4810 line
1389 4741 1556 4811 iamdicto
1579 4739 1748 4828 ecclesie,
1781 4746 1866 4811 sunt
1899 4742 1997 4830 passi
2030 4744 2188 4832 triginta

335 4903 527 4988 quadtuor:
553 4919 576 4969 a
599 4906 703 4990 parte
726 4900 877 4970 meridie
899 4900 971 4967 flne
995 4899 1122 4986 limite,
1147 4898 1339 4966 indosunt
1361 4861 1456 4984 passi
1485 4897 1605 4966 decem
1627 4902 1663 4965 et
1685 4900 1811 4965 nobem
1834 4898 1881 4966 ad
1904 4899 2001 4967 iusto
2027 4917 2185 4987 passum.

339 5055 404 5126 tali
428 5055 555 5124 ordine
580 5053 660 5124 illut
682 5073 742 5123 eos
765 5054 929 5141 tradidit,
952 5056 1059 5121 natos
1082 5054 1281 5139 nascentes,
1308 5049 1387 5118 illut
1409 5052 1532 5117 tenere
1550 5053 1586 5116 et
1608 5047 1806 5134 dominare,
1823 5051 1860 5118 et
1878 5049 1977 5119 lobee
2003 5055 2041 5119 et
2076 5051 2192 5120 omnis

342 5209 486 5280 illorum
509 5209 675 5279 utilitatis
697 5207 830 5278 ibidem
853 5207 985 5294 iacere,
1009 5209 1045 5274 et
1069 5205 1193 5274 amodo
1216 5208 1253 5273 et
1273 5222 1411 5291 semper
1434 5222 1497 5291 per
1520 5203 1599 5288 ipsa
1623 5203 1729 5270 rebus
1752 5203 1916 5272 laborare
1940 5206 1979 5273 et
1994 5205 2131 5276 cultare
2145 5211 2183 5275 et

337 5366 531 5450 pastenare
554 5361 731 5448 abellane,
757 5337 819 5429 ubi
836 5359 1022 5446 meruerit,
1039 5362 1075 5427 et
1092 5357 1174 5440 illut
1192 5359 1224 5427 ei
1242 5357 1386 5426 cludere
1402 5361 1437 5424 et
1452 5374 1590 5443 semper
1602 5353 1742 5423 clusum
1759 5357 1879 5444 abere,
1893 5358 1934 5424 ut
1949 5375 2089 5446 semper
2106 5377 2188 5446 pro·

338 5515 464 5586 flciant
486 5521 524 5585 et
548 5533 620 5585 non
644 5515 864 5602 dispereant,
889 5517 926 5582 et
949 5531 1085 5600 semper
1109 5515 1240 5580 bonum
1264 5509 1398 5599 paread
1421 5510 1596 5596 laboratu,
1620 5513 1657 5578 et
1680 5529 1743 5596 per
1766 5511 1883 5579 omnis
1906 5529 2042 5581 annum
2069 5514 2190 5600 ipsum

346 5669 601 5741 abellanietum
625 5666 793 5755 colligere
815 5669 950 5754 etipse
973 5665 1136 5737 abellane
1153 5667 1315 5753 seckare,
1332 5669 1368 5734 et
1384 5683 1521 5752 semper
1537 5665 1675 5736 faciant
1686 5664 1779 5734 scire
1796 5685 1861 5736 nos
1876 5671 1913 5737 et
1925 5687 2008 5755 pars
2025 5670 2185 5757 predicte

342 5825 503 5912 ecclesie,
528 5827 569 5893 ut
593 5821 643 5892 ibi
667 5821 868 5910 dirigamus
891 5821 1038 5890 missum
1061 5825 1234 5906 nostrum,
1258 5825 1293 5889 et
1316 5820 1391 5908 ipse
1414 5819 1579 5891 abellane
1597 5819 1668 5889 illis
1684 5819 1844 5891 dibidere
1864 5842 1925 5910 per
1943 5823 2185 5894 medietatem:
