5408 7108
618 477 691 552 228
1255 491 1436 567 CODEX
1469 495 1731 572 CAVENSIS

568 703 744 789 principis
759 713 794 774 et
811 707 913 776 ducis
936 709 999 778 lilii
1023 712 1114 799 eius,
1137 731 1256 784 mense
1279 717 1457 806 ianuario,
1482 721 1670 794 undecima
1693 723 1900 794 indictione.
1918 725 2212 796 Memoratorium
2234 724 2371 794 iactum
2392 743 2417 794 a

517 879 523 892 r
567 873 623 922 me
649 833 842 944 iaquintus*
858 861 1000 948 duodus,
1017 883 1060 931 eo
1076 864 1167 951 quod
1190 871 1275 936 ante
1299 872 1488 958 subscripti
1513 879 1621 942 testes
1643 894 1705 961 per
1728 877 1991 945 combenientia
2014 893 2078 962 pro
2101 892 2185 962 pars
2207 878 2247 942 et·
2261 876 2337 943 vice
2361 890 2417 940 ro·

567 1009 717 1097 tegrime
740 1014 917 1084 comitisse
943 1014 1071 1086 relicta
1096 1020 1274 1107 quondam
1297 1022 1475 1094 landoarii
1498 995 1618 1098 comiti
1635 1033 1672 1096 et
1689 1029 1839 1098 aleberti
1856 1030 1995 1116 comiti,
2012 1033 2132 1098 mater
2148 1033 2185 1096 et
2210 1026 2320 1114 lilius,
2344 1030 2418 1096 tra·

567 1165 642 1234 didi
666 1186 731 1254 ego
755 1169 898 1239 alfanus
920 1171 963 1240 de
988 1172 1103 1241 locum
1128 1175 1299 1246 liciniano
1322 1177 1417 1246 lilius
1439 1177 1616 1265 quondam
1641 1181 1731 1268 petri
1756 1180 1884 1250 inclita
1906 1181 2112 1272 sortionem,
2127 1197 2196 1266 que
2213 1179 2281 1246 suit
2304 1175 2413 1252 sikel-

565 1337 644 1387 mus
668 1320 764 1389 filius
787 1325 1014 1410 ermeprandi
1038 1325 1082 1394 de
1106 1326 1226 1394 eodem
1250 1329 1337 1415 loco,
1361 1329 1403 1399 de
1419 1332 1523 1399 terris
1540 1349 1619 1400 cum
1638 1333 1765 1419 bineis,
1783 1338 1818 1402 et
1833 1332 1962 1420 pomis,
1979 1335 2015 1399 et
2032 1330 2180 1418 olibeta,
2196 1335 2233 1399 et
2252 1328 2413 1415 saliceto,

561 1476 600 1540 et
628 1475 811 1562 cannieta,
829 1479 865 1543 et
882 1478 1032 1546 baouum
1058 1479 1151 1564 quod
1175 1481 1249 1566 ipse
1271 1481 1444 1550 sikelmus
1468 1485 1570 1552 abuit
1594 1486 1631 1552 in
1656 1485 1819 1555 iamdicto
1842 1487 1957 1554 locum
1981 1485 2152 1554 liciniano
2174 1487 2211 1551 et
2233 1501 2345 1550 serra.
2371 1479 2416 1550 m

562 1644 627 1714 per
663 1627 746 1695 finis
775 1635 811 1696 et
837 1632 1068 1715 pertinentiis
1083 1632 1126 1698 de
1144 1635 1229 1719 ipsis
1253 1634 1350 1722 locis,
1376 1638 1591 1724 ubicumque
1609 1639 1691 1708 inde
1708 1638 1875 1708 iubentus
1897 1640 2049 1726 dederit,
2072 1659 2151 1707 oum
2176 1639 2297 1707 omnia
2321 1642 2415 1707 intro

562 1796 604 1846 se
633 1779 825 1846 edentibus
849 1779 1011 1849 inclitum
1037 1781 1118 1850 illut
1141 1785 1253 1869 ipsius
1276 1785 1381 1854 allani
1406 1787 1537 1856 tradidi
1561 1809 1625 1876 pro
1648 1809 1733 1878 pars
1755 1792 1912 1878 ipsorum
1936 1797 2052 1860 mater
2075 1797 2111 1860 et
2134 1790 2242 1860 filius.
2266 1790 2343 1859 Tali
2369 1790 2413 1858 ti·

564 1946 667 2016 nore,
686 1933 727 1996 ut
746 1930 870 1998 amodo
893 1935 928 1999 et
950 1948 1088 2019 semper
1112 1935 1157 2003 ad
1181 1955 1246 2006 sua
1269 1944 1304 2006 et
1326 1939 1401 2006 suis
1424 1939 1589 2009 eredibus
1612 1941 1685 2010 sint
1707 1943 1892 2048 potestatis
1915 1961 1973 2012 eos
1990 1944 2148 2030 tenendi,
2166 1893 2264 2010 lovea
2280 1947 2317 2011 et
2340 1958 2413 2008 om·

541 2057 629 2148 'nis
654 2099 718 2150 sue
745 2080 918 2151 utilitatis
944 2085 1039 2153 iusta
1062 2087 1235 2154 rationem
1260 2089 1390 2160 ibidem
1416 2093 1544 2164 lacere.
1569 2096 1614 2161 Et
1637 2099 1748 2163 totum
1774 2095 1850 2182 ipso
1875 2099 2024 2165 bacuum
2050 2101 2238 2182 pastenare
2267 2093 2358 2162 olibe
2380 2098 2417 2160 et

571 2239 676 2305 vinea
699 2239 737 2304 et
759 2239 883 2325 pomis,
908 2239 1001 2306 siout
1024 2242 1209 2328 meruerit,
1234 2247 1274 2312 ut
1298 2245 1335 2309 in
1350 2244 1523 2330 'completi
1548 2245 1668 2314 decem
1691 2247 1777 2315 anni
1802 2249 1973 2316 abeamus
2001 2252 2076 2316 tota
2100 2249 2178 2332 ipsa
2201 2244 2415 2313 tradictione

565 2395 755 2476 pastenata
771 2397 807 2459 et
822 2393 935 2477 suria,
961 2392 1054 2459 siout
1075 2391 1118 2459 de
1145 2397 1264 2462 tantos
1287 2414 1400 2464 annos
1424 2399 1520 2464 locus
1544 2399 1618 2484 ipse
1643 2399 1827 2484 meruerit,
1847 2405 1886 2466 ut
1903 2401 1992 2467 bene
2017 2402 2140 2484 pareat
2163 2397 2287 2466 iactos.
2306 2395 2352 2461 Et
2369 2393 2416 2461 da

569 2541 654 2610 inde
680 2542 717 2608 in
741 2512 850 2611 antea
873 2562 935 2628 per
958 2561 1079 2611 omnes
1102 2562 1215 2614 annos
1239 2549 1314 2615 tota
1339 2548 1416 2633 ipsa
1438 2550 1652 2618 tradictione
1676 2553 1884 2619 annualiter
1909 2551 2071 2619 lavorare
2087 2557 2122 2617 et
2144 2550 2295 2636 cultare,
2320 2551 2414 2618 siout

566 2695 664 2762 locus
689 2697 763 2781 ipse
787 2697 973 2784 meruerit,
990 2705 1029 2765 ut
1046 2697 1236 2782 proficiant
1259 2706 1295 2769 et
1318 2719 1389 2768 non
1413 2701 1617 2787 dispereant
1640 2705 1676 2770 et
1703 2721 1763 2788 per
1786 2720 1907 2769 omnes
1930 2719 2043 2771 annos
2066 2704 2196 2770 bonum
2222 2708 2347 2788 pareat
2363 2703 2416 2773 la·

566 2855 758 2936 voratum,
781 2853 817 2917 et
842 2849 878 2916 in
904 2850 1051 2919 casada
1076 2852 1152 2936 ipsa
1177 2851 1390 2920 tradictione
1413 2853 1567 2921 residere
1590 2859 1627 2920 et
1650 2854 1787 2920 abitare
1818 2871 1942 2920 curam
1978 2859 2013 2920 et
2046 2852 2292 2939 vigilationem
2329 2853 2410 2922 inde

568 3005 690 3072 abere.
716 3005 762 3071 Et
784 3022 849 3090 pro
872 3011 1028 3090 tempore
1051 3005 1094 3073 de
1121 3004 1297 3074 vindemie
1320 3008 1357 3074 et
1380 3006 1522 3092 quando
1547 3007 1620 3092 ipse
1637 3006 1729 3073 olibe
1746 3005 1935 3092 colligendi
1955 3007 2095 3072 benerit
2112 3003 2172 3072 ille
2187 3009 2225 3072 et
2241 3022 2322 3072 suos
2338 3021 2416 3073 ere-

569 3155 646 3244 deS,
672 3158 809 3226 saciant
831 3156 924 3224 scire
948 3157 1014 3242 ipsi
1040 3161 1207 3225 meteret
1224 3155 1370 3226 filiuset
1387 3157 1527 3225 illorum
1552 3157 1685 3245 eredes,
1711 3163 1751 3225 ut
1773 3157 1904 3225 ibidem
1929 3155 2064 3242 dirigat
2080 3155 2228 3222 missum
2252 3173 2356 3222 suum
2381 3162 2419 3222 et

428 3386 432 3398 ,
567 3309 631 3379 ille
654 3316 690 3380 et
711 3329 793 3379 suos
815 3311 936 3380 eredes
962 3319 1036 3380 tota
1060 3311 1140 3397 ipsa
1163 3310 1357 3380 traditione
1381 3311 1602 3379 bindemiara
1624 3315 1659 3379 et
1682 3314 1758 3396 ipse
1781 3310 1872 3376 olibe
1888 3307 2057 3395 colligere
2074 3316 2110 3376 et
2129 3309 2246 3376 oleum
2263 3307 2346 3376 inde
2366 3309 2418 3376 fa·

567 3480 673 3548 oere,
698 3465 743 3530 Et
767 3463 846 3548 ipsa
869 3481 971 3548 poma
997 3465 1214 3549 temporibus
1237 3464 1310 3528 suis
1334 3461 1406 3529 illis
1429 3461 1616 3549 colligere,
1642 3466 1678 3526 et
1701 3462 1744 3528 de
1767 3462 1881 3528 omnis
1906 3461 2028 3527 vinum
2052 3465 2088 3528 et
2111 3476 2215 3546 poma
2238 3463 2274 3526 et
2298 3459 2415 3526 oleum

517 3717 523 3724 Ι
565 3622 602 3684 et
625 3614 788 3702 quicquit
810 3616 969 3700 trugens,
995 3615 1085 3700 quod
1102 3615 1146 3683 de
1165 3615 1243 3701 ipsa
1266 3633 1323 3682 res
1346 3614 1475 3694 exteri,
1501 3614 1727 3682 medietatem
1745 3613 1828 3681 inde
1847 3614 2003 3699 ipsorum
2020 3615 2134 3681 mater
2151 3618 2187 3679 et
2210 3611 2303 3680 lilius
2317 3615 2354 3680 et
2369 3612 2414 3682 ad

566 3768 707 3838 illorum
731 3767 853 3837 eredes
867 3767 952 3834 dare
973 3721 1117 3854 ibidem,
1135 3773 1171 3834 et
1186 3768 1410 3837 medietatem
1429 3769 1511 3836 inde
1528 3768 1601 3836 illis
1616 3767 1683 3835 sivi
1701 3771 1828 3837 abere:
1848 3768 1964 3854 ipsum
1981 3771 2142 3856 missum,
2159 3769 2244 3836 dum
2261 3787 2324 3854 per
2342 3770 2419 3854 ipsa

566 3919 688 3988 frudia
714 3907 955 4006 recipiendum
979 3919 1111 3986 ibidem
1135 3919 1286 4005 steterit,
1305 3919 1376 3985 illis
1392 3937 1472 3985 eum
1496 3920 1633 3986 notrire
1658 3918 1853 3985 secundum
1879 3916 2022 3982 illorum
2038 3917 2325 4002 possibilitatem.
2360 3919 2419 3985 Set

568 4071 730 4159 predicta
754 4077 869 4139 mater
892 4075 928 4137 et
951 4070 1046 4138 illius
1069 4089 1132 4156 per
1156 4088 1279 4138 omnes
1302 4089 1416 4139 annos
1439 4071 1509 4137 illis
1532 4088 1591 4139 eos
1608 4077 1758 4178 reponat
1775 4072 1813 4137 in
1828 4088 2024 4157 organeum
2042 4070 2104 4156 qui
2123 4069 2266 4137 illorum
2286 4069 2419 4138 ibidem

564 4227 830 4313 adsignaverit,
854 4229 890 4294 et
915 4227 991 4311 ipso
1016 4242 1213 4310 organeum
1239 4225 1313 4292 illis
1336 4227 1500 4292 conciare
1523 4224 1729 4294 annualiter
1753 4229 1789 4292 et
1811 4224 1985 4311 studiare,
2003 4229 2039 4293 et
2055 4241 2227 4311 reponere
2251 4226 2290 4292 in
2307 4224 2419 4311 ipsam

567 4381 790 4448 mansionem
815 4379 858 4446 de
882 4382 958 4466 ipsa
981 4377 1188 4465 traditione,
1214 4379 1259 4445 Et
1281 4378 1420 4447 salbum
1447 4378 1517 4446 illis
1540 4398 1599 4447 eos
1624 4381 1770 4467 lacere,
1793 4380 1905 4448 donec
1928 4379 2008 4448 illut
2032 4379 2100 4466 ipsi
2126 4384 2297 4448 meteret
2322 4379 2420 4447 tilius

569 4534 653 4603 illut
678 4532 761 4601 inde
786 4533 922 4618 tulerit,
946 4534 1080 4618 absque
1104 4532 1380 4619 degeneratione
1398 4537 1433 4602 et
1451 4533 1571 4618 ingne.
1598 4537 1642 4601 lit
1665 4534 1708 4602 de
1732 4535 1823 4621 quod
1841 4553 1903 4622 per
1920 4552 2057 4603 annum
2073 4534 2111 4601 in
2128 4537 2207 4620 ipsa
2226 4532 2419 4601 traditione

464 4699 473 4710 '
568 4687 838 4772 seminaverint,
863 4687 971 4753 deant
990 4685 1072 4752 inde
1090 4703 1211 4750 eorum
1237 4688 1457 4773 terraticum,
1482 4687 1574 4754 sicut
1598 4689 1814 4758 consuetudo
1837 4697 1892 4756 est
1909 4707 1970 4776 per
1990 4691 2069 4776 ipsu
2087 4689 2214 4756 locum.
2241 4690 2285 4756 lit
2309 4687 2418 4774 quale

568 4849 728 4929 tempore
752 4841 798 4908 da
823 4840 891 4925 ipsi
916 4839 1036 4906 decem
1061 4839 1148 4906 anni
1172 4837 1210 4904 in
1235 4845 1343 4908 antea
1366 4841 1487 4907 eadem
1510 4859 1566 4908 res
1589 4845 1710 4909 tenere
1734 4843 1770 4907 et
1794 4841 1958 4910 lavorare
1987 4839 2180 4925 noluerint,
2200 4837 2330 4906 inclita
2360 4855 2417 4904 su·

569 4995 773 5083 prescripta
799 4991 992 5060 traditione
1016 4991 1177 5058 lavorata
1200 4993 1236 5058 et
1258 4995 1374 5076 surta,
1400 4998 1436 5059 et
1459 4993 1559 5062 salba
1583 4996 1769 5063 remittant
1781 4994 1826 5063 ad
1839 4994 1908 5080 ipsi
1924 4999 2039 5061 mater
2056 5001 2091 5061 et
2105 4993 2200 5061 illius
2219 4997 2255 5060 et
2272 4992 2317 5061 ad
2344 4989 2420 5058 illo-

569 5169 649 5217 rum
674 5148 809 5233 eredes,
826 5151 862 5214 et
879 5146 986 5215 liceat
1009 5145 1082 5212 illis
1106 5144 1188 5212 inde
1205 5145 1313 5216 ,exire
1336 5165 1417 5212 oum
1433 5164 1536 5214 omne
1552 5146 1694 5214 illorum
1712 5146 1875 5214 mobilem
1893 5151 1928 5214 et
1945 5147 1998 5214 ire
2015 5145 2075 5213 ubi
2092 5144 2258 5213 boluerit.
2284 5146 2334 5212 De
2350 5161 2420 5230 qua

570 5320 633 5390 per
658 5303 752 5368 bona
775 5297 1038 5365 combenientia
1062 5312 1123 5381 pro
1149 5313 1232 5380 pars
1255 5297 1412 5380 ipsorum
1437 5301 1551 5365 mater
1567 5305 1603 5366 et
1618 5298 1713 5366 lilius
1738 5300 1908 5387 guadiam
1933 5300 2044 5366 michi
2063 5297 2137 5383 ipse
2154 5297 2302 5366 alfanus
2326 5294 2420 5381 dedi,

574 5457 612 5521 et
637 5451 832 5518 mediatore
855 5447 965 5514 michi
991 5446 1106 5534 posuit
1128 5445 1328 5514 sikenollus
1344 5446 1637 5564 filius-quondam
1653 5453 1781 5520 stefani
1797 5452 1933 5537 clerioi;
1949 5457 1985 5520 et
2001 5469 2064 5537 per
2081 5452 2159 5538 ipsa
2177 5449 2312 5538 guadia
2329 5445 2418 5514 obli·

572 5604 674 5693 gavit
695 5623 732 5671 se
756 5609 793 5670 et
815 5619 895 5668 suos
918 5598 1054 5684 eredes,
1073 5599 1156 5666 utsi
1182 5597 1307 5667 taliter
1331 5599 1451 5669 omnia
1475 5602 1718 5688 suprascripta
1742 5620 1804 5690 per
1828 5602 2031 5690 supradicto
2055 5601 2178 5670 ordine
2203 5618 2275 5667 non
2302 5599 2421 5669 adim·

572 5756 750 5844 pleverint
774 5761 809 5824 et
833 5711 964 5840 aliquit
988 5753 1031 5822 de
1056 5771 1099 5822 ea
1117 5771 1186 5839 que
1203 5752 1368 5840 superius
1391 5750 1537 5839 legitur,
1563 5755 1743 5822 remobere
1760 5759 1824 5823 aut
1837 5758 2001 5825 contrare
2017 5753 2201 5842 quesierit,
2219 5772 2281 5840 per
2300 5753 2416 5840 ipsam
