5456 7096
631 487 704 574 166
1276 492 1459 565 ooossx
1492 490 1756 565 osszsls

581 717 681 784 misit
704 715 807 785 nobis
829 721 934 788 ambe
956 720 1197 806 suprascripte
1219 719 1317 806 pecie
1340 719 1384 788 de
1406 724 1608 824 terratcum
1633 718 1808 786 insititum
1830 717 1874 786 de
1897 717 2148 804 suprascriptis
2170 715 2257 784 locis
2273 734 2296 785 a
2312 717 2350 783 lu
2374 713 2426 786 la·

582 869 715 938 bollum
733 874 770 940 et
785 892 809 941 a
824 871 862 940 lu
878 890 1078 960 megarum,
1101 871 1256 958 qualiter
1281 873 1290 940 i
1295 890 1356 959 pse
1371 874 1570 961 guaiferius
1589 891 1703 940 comes
1719 871 1967 940 dominaturus
1983 874 2019 940 et
2036 886 2259 957 possessurus
2276 867 2344 938 luit
2367 886 2430 955 per

583 1023 847 1091 successionem
872 1025 915 1092 de
938 1023 1086 1112 gradum
1110 1032 1299 1110 parentum
1322 1027 1436 1093 totum
1459 1027 1495 1092 et
1517 1023 1683 1092 inclitum
1707 1023 1788 1091 illut
1811 1023 1913 1090 nobis
1937 1021 2100 1110 remisit,
2131 1019 2332 1090 laciendum
2364 1037 2432 1107 ego

582 1175 619 1242 et
642 1174 732 1241 meis
755 1174 1020 1243 subcessoribus
1045 1180 1080 1244 et
1102 1177 1265 1262 partibus
1288 1176 1401 1264 ipsius
1425 1177 1537 1246 nostri
1561 1177 1767 1245 monasterii
1792 1177 1912 1243 omnia
1935 1175 2028 1261 quod
2066 1155 2295 1242 voluerimus.
2331 1171 2431 1242 Unde

580 1345 647 1412 pro
683 1328 807 1398 taliter
841 1349 904 1416 per
927 1331 1190 1402 combenientia
1211 1303 1344 1418 guadio
1367 1330 1478 1398 michi
1502 1328 1578 1417 ipse
1602 1331 1796 1416 stephanus
1821 1329 1995 1415 presbiter
2020 1326 2117 1396 dedit
2139 1331 2174 1395 et
2198 1325 2430 1396 fideiuxorem

585 1477 698 1548 michi
723 1483 842 1568 posuit
867 1485 1042 1552 mastalus
1064 1484 1215 1553 clericus
1238 1483 1335 1550 filius
1357 1483 1536 1570 quondam
1559 1481 1705 1569 disigii3
1732 1487 1768 1550 et
1790 1501 1853 1569 per
1876 1483 1953 1568 ipsa
1975 1481 2109 1568 guardia
2133 1467 2306 1566 obligavit
2329 1497 2368 1548 se
2394 1483 2432 1549 et

588 1630 664 1700 suis
688 1632 872 1720 eredibus‚
897 1634 990 1721 quod
1013 1635 1043 1702 si
1068 1636 1190 1704 taliter
1213 1635 1334 1703 omnia
1349 1638 1596 1723 suprascripta
1612 1635 1715 1704 nobis
1730 1636 1931 1722 nostrisque
1946 1633 2213 1703 subcessoribus
2228 1652 2299 1700 non
2315 1634 2431 1703 adim·

584 1785 762 1873 pleverint
783 1793 820 1858 et
845 1788 976 1876 aliquit
996 1789 1127 1858 exinde
1150 1789 1450 1877 contradixerint,
1475 1809 1539 1877 per
1562 1793 1641 1878 ipsa
1663 1790 1797 1877 guadia
1819 1787 1994 1877 obligavit
2028 1805 2067 1856 se
2102 1792 2139 1857 et
2165 1791 2240 1858 suis
2262 1789 2428 1859 eredibus

584 1955 795 2026 componere
821 1943 924 2009 nobis
947 1945 1150 2030 nostrisque
1174 1944 1450 2029 subcessoribus,
1475 1943 1530 2012 vel
1552 1947 1590 2012 at
1613 1943 1775 2028 partibus
1800 1943 1911 2030 ipsius
1934 1943 2166 2034 monasterii,
2192 1955 2255 2012 seu
2278 1943 2337 2012 cui
2360 1947 2427 2012 hoc

581 2094 758 2178 scriptum
783 2094 822 2160 in
845 2113 994 2162 manum
1017 2094 1193 2182 paruerit,
1216 2095 1482 2182 quinquaginta
1504 2097 1576 2164 tari
1599 2096 1727 2166 solidos
1742 2101 1986 2168 constantinos
2002 2107 2038 2168 et
2054 2097 2301 2187 suprascripta
2322 2099 2428 2168 nobis

587 2244 810 2334 adimpleret,
835 2247 929 2334 quod
953 2249 1082 2336 scripsi
1104 2269 1171 2339 ego
1193 2254 1317 2338 petrus
1339 2253 1619 2340 protonotarius.

628 2369 659 2486 †
683 2401 758 2486 Ego
782 2406 904 2487 petrus
927 2405 1079 2474 clericus
1102 2410 1138 2474 et
1160 2407 1322 2475 notarius
1349 2427 1403 2474 mc
1427 2408 1619 2494 subscripsi

625 2525 655 2641 †
680 2554 755 2640 Ego
779 2556 964 2624 iohannes.

1314 3217 1691 3300 GMLXXXII.

1344 3515 1401 3592 A.
1431 3517 1486 3591 D.
1515 3517 1641 3594 1041.

619 3743 712 3886 †ln
728 3800 872 3864 nomine
889 3799 1023 3870 domini
1040 3801 1205 3890 uicesimo
1219 3811 1349 3890 quarto
1364 3806 1484 3872 hanno
1501 3810 1724 3895 principatus
1738 3809 1858 3880 domni
1874 3815 1986 3882 nostri
2005 3819 2198 3904 guaimarii
2216 3823 2293 3890 eius
2310 3823 2423 3894 saler-

569 3950 623 4035 ni,
640 3954 677 4017 et
694 3958 822 4036 quarto
837 3970 933 4022 anno
948 3955 1026 4022 eius
1041 3975 1164 4043 capue,
1180 3961 1216 4025 et
1232 3961 1338 4026 tertio
1353 3978 1448 4028 anno
1465 3961 1613 4029 ducatus
1631 3961 1710 4027 eius
1723 3962 1840 4031 amalfi
1855 3967 1891 4032 et
1905 3971 2081 4056 sorrentu,
2105 3969 2259 4056 glorioso
2282 3977 2417 4061 princi·

565 4122 623 4190 pe,
643 4121 763 4172 mense
780 4107 990 4194 september,
1007 4107 1145 4179 decima
1161 4109 1367 4179 indictione.
1386 4113 1534 4199 Ideoque
1549 4132 1614 4200 ego
1631 4115 1759 4184 mulier
1776 4117 1919 4187 nomine
1935 4121 2026 4189 mari
2045 4121 2121 4192 iilia
2144 4128 2323 4212 quondam
2347 4131 2416 4200 sal-

565 4256 660 4340 coni,
678 4258 714 4323 et
729 4275 798 4342 que
815 4256 940 4342 primis
955 4258 1023 4326 suit
1047 4278 1136 4328 uxor
1151 4263 1329 4348 quondam
1347 4267 1500 4352 marino,
1526 4268 1588 4353 qui
1612 4269 1682 4336 suit
1703 4271 1798 4338 iilius
1823 4273 1991 4341 iohannis
2014 4277 2125 4364 bassi,
2151 4284 2186 4348 et
2211 4282 2310 4350 modo
2334 4303 2416 4352 sum

565 4427 659 4478 uxor
671 4407 826 4495 garoiali
839 4409 882 4478 de
895 4409 1010 4480 locum
1023 4414 1222 4483 iorolanum
1234 4415 1611 4506 clarefeci0,quoniam
1626 4439 1743 4505 apars
1756 4424 1865 4509 ipsius
1885 4474 1893 4491 .
1922 4476 1930 4492 .
1959 4431 2156 4497 ‚nucerino
2168 4433 2230 4516 qui
2242 4431 2310 4500 fuit
2324 4435 2418 4520 prio-

564 4579 606 4630 re
620 4561 696 4628 viro
708 4581 824 4648 mene,
838 4564 946 4632 michi
959 4567 1115 4653 pertinet
1128 4570 1233 4638 abere
1246 4575 1375 4656 quarta
1388 4578 1488 4658 parte
1500 4592 1571 4658 qua
1597 4621 1605 4638 .
1636 4623 1644 4640 .
1672 4621 1680 4639 .
1696 4575 1804 4643 michi
1817 4578 1974 4662 pertinet
1987 4581 2093 4646 abere
2106 4585 2142 4648 et
2156 4583 2290 4653 tradita
2304 4586 2417 4656 michi

565 4713 634 4781 luit
656 4731 719 4800 per
744 4715 819 4801 ipso
843 4720 1013 4787 nucerino
1037 4720 1111 4788 viro
1136 4739 1235 4790 meus
1259 4725 1296 4790 in
1320 4724 1378 4792 die
1401 4729 1522 4791 nostre
1544 4726 1792 4813 copulationis;
1817 4733 1852 4796 et
1878 4729 1954 4797 ideo
1979 4749 2046 4818 ego
2075 4735 2260 4804 nominata
2284 4740 2417 4808 mulier

514 4905 520 4910 -
564 4883 659 4934 vona
672 4885 752 4936 mea
763 4870 948 4940 voluntate
962 4891 1026 4959 per
1041 4892 1110 4943 ane
1126 4881 1264 4944 cartam
1280 4883 1364 4946 ante
1379 4881 1559 4964 presentia
1571 4881 1662 4966 petri
1679 4881 1788 4949 iudici
1802 4882 1912 4952 etalii
1942 4933 1950 4950 .
1979 4935 1987 4951 .
2018 4935 2026 4951 .
2046 4891 2120 4956 tota
2136 4895 2172 4956 et
2190 4889 2317 4960 inclita
2335 4891 2416 4979 ipsa

564 5023 697 5105 quarte
714 5039 792 5090 mea
811 5026 971 5110 portione
986 5025 1028 5094 de
1043 5031 1173 5096 cunta:
1202 5080 1209 5094 .
1237 5081 1245 5096 .
1273 5080 1281 5096 .
1299 5050 1368 5116 que
1383 5033 1452 5098 fuit
1471 5033 1582 5120 ipsius
1598 5035 1769 5104 nucerino
1786 5039 1895 5123 priori
1913 5041 1988 5107 viro
2004 5059 2118 5126 meus,
2144 5050 2274 5132 monte,
2293 5045 2417 5134 plano,

563 5173 693 5242 mobile
716 5181 752 5243 et
775 5176 968 5265 immobile,
991 5187 1028 5248 et
1050 5182 1092 5249 de
1116 5183 1208 5251 casis
1224 5183 1323 5251 intus
1340 5185 1573 5254 firmitatibus
1598 5191 1754 5266 nucerie.
1780 5196 1893 5262 totum
1918 5201 1954 5264 et
1970 5214 1993 5262 a
2010 5196 2172 5266 funditus
2188 5198 2265 5286 ipsa
2282 5204 2416 5286 quarta

561 5327 664 5408 parte
680 5326 773 5394 sicut
790 5327 834 5395 ad
847 5333 1019 5414 potestate
1036 5331 1139 5402 istius
1151 5335 1305 5421 garoiali
1329 5341 1522 5422 posteriore
1541 5343 1615 5409 viro
1632 5364 1742 5433 mene,
1759 5345 1962 5418 faciendum
1981 5351 2063 5420 inde
2083 5333 2216 5439 omnia,
2236 5355 2416 5440 quomodo

561 5479 764 5565 etqualiter
775 5482 809 5549 ei
825 5481 1014 5573 placuerit,
1031 5487 1109 5555 sine
1126 5491 1221 5557 omni
1239 5509 1318 5560 mea
1331 5501 1367 5562 et
1380 5495 1422 5562 de
1436 5499 1522 5564 meis
1534 5498 1738 5587 heredibus,
1757 5508 1820 5571 aut
1835 5505 2001 5591 cuiquam
2016 5506 2223 5575 bominibus
2237 5528 2259 5577 a
2276 5509 2416 5578 nostris

560 5633 726 5718 partibus
749 5640 1008 5710 contrarietate
1033 5643 1087 5711 vel
1112 5647 1356 5736 requisitione,
1383 5649 1475 5718 unde
1492 5671 1556 5736 per
1572 5653 1650 5738 ipsa
1673 5673 1751 5722 mea
1767 5655 1960 5724 donatione
1985 5668 2021 5726 et
2037 5659 2246 5746 traditione,
2271 5661 2365 5748 quod
2379 5663 2415 5731 ei

558 5779 661 5852 dedit
682 5789 719 5854 et
742 5789 894 5858 tradidit
917 5793 961 5861 ad
989 5799 1161 5879 potestate
1185 5789 1461 5887 istius‘garolati
1487 5803 1561 5870 viro
1585 5823 1681 5872 meus
1705 5825 1767 5892 per
1790 5809 2060 5880 combenientia
2085 5829 2173 5899 erga
2189 5831 2267 5883 mea
2282 5831 2414 5882 exsen-
