5456 7096
956 575 962 584 .
1013 523 1466 602 DlPLOMATlCUS
2048 525 2114 595 113
2227 543 2271 600 ,’

307 752 411 845 gavit
428 771 467 822 se
492 757 529 821 et
555 768 639 820 suos
661 749 801 836 eredes,
825 753 865 818 ut
887 748 918 817 si
941 747 1064 819 taliter
1087 748 1208 820 omnia
1231 753 1475 840 suprascripta
1498 751 1536 818 in
1565 749 1773 836 supradicta
1802 747 1944 818 ratione
1966 747 2070 815 nobis
2093 763 2165 814 non

315 901 570 990 adimpleverit
592 905 628 970 et
651 899 781 987 aliquit
804 899 887 968 inde
910 899 1182 986 contradixerit,
1206 921 1269 988 per
1293 905 1369 989 ipsa
1382 893 1519 990 'gradis
1535 901 1746 990 componere
1763 901 1933 990 obligavit
1959 920 1997 969 se
2024 903 2060 969 et
2082 919 2165 1008 suos

317 1055 443 1125 eredes
467 1055 558 1122 mihi
582 1053 721 1139 m'eique
753 1051 920 1120 eredibus
941 1051 1072 1139 biginti
1097 1055 1178 1120 auri
1203 1050 1306 1123 solidi
1331 1056 1520 1129 costantini
1546 1059 1582 1124 et
1605 1056 1726 1124 omnia
1749 1053 1994 1141 suprascripta
2017 1070 2081 1139 per
2106 1069 2164 1120 su·

315 1207 485 1296 predicto
508 1205 635 1273 ordine
658 1204 761 1272 nobis
784 1203 1007 1290 complirent,
1031 1207 1067 1271 et
1088 1207 1253 1290 apposuit
1275 1210 1311 1272 et
1333 1203 1507 1292 obligavit
1529 1225 1564 1274 se
1583 1206 1684 1274 nobis
1712 1202 2023 1292 appignerandum
2049 1204 2163 1270 omnis

312 1360 467 1448 pignera
490 1363 525 1428 et
540 1357 685 1427 causam
703 1376 768 1426 sua
783 1356 944 1444 legitimo
959 1359 995 1424 et
1012 1355 1224 1445 inlegitimo,
1247 1362 1283 1427 et
1298 1361 1394 1426 huno
1410 1361 1552 1428 brebem
1570 1357 1696 1444 scripsi
1714 1374 1780 1444 ego
1796 1356 1956 1426 ademari
1968 1355 2160 1453 notarius.

359 1485 390 1601 †
415 1515 489 1600 Ego
512 1509 733 1600 grimoaldus
1821 1459 1827 1470 ι

359 1637 389 1752 †
415 1667 492 1752 Ego
516 1664 670 1730 romualt
693 1661 855 1730 notarius
881 1679 937 1729 me
966 1662 1174 1748 subscripsi.

1084 2251 1382 2334 GMXLIX.

1090 2515 1148 2589 Α.
1175 2515 1231 2590 D.
1260 2515 1387 2591 1039.

358 2748 395 2889 †
420 2801 459 2866 In
486 2799 629 2868 nomine
651 2796 786 2866 domini
813 2797 983 2896 bicesimo
1007 2799 1120 2884 primo
1144 2796 1167 2887 ¹)
1193 2817 1288 2867 anno
1311 2779 1535 2886 principatus
1557 2801 1676 2869 domni
1709 2802 1820 2870 nostri
1857 2801 2065 2888 guaimari,
2098 2800 2164 2868 fllii

316 2957 435 3027 domni
460 2957 642 3042 guaimari
666 2954 851 3041 principis,
876 2955 912 3021 et
937 2952 1093 3021 secundo
1116 2969 1211 3020 anno
1235 2953 1459 3039 principatus
1482 2953 1602 3020 domni
1628 2954 1799 3023 iohannis
1815 2952 1893 3021 eius
1916 2952 2002 3038 filie,
2018 2951 2165 3038 gloriosi

319 3107 558 3193 principibus,
581 3121 701 3172 mense
725 3105 885 3192 octuber,
897 3063 1035 3173 decima
1050 3103 1077 3187 ¹)
1094 3101 1303 3171 indictione.
1321 3104 1470 3191 Ideoque
1487 3123 1552 3192 ego
1568 3105 1731 3174 maranoi
1744 3104 1918 3192 presbiter
1935 3103 2032 3172 filius
2055 3122 2166 3190 quon-

316 3259 399 3328 dam
422 3259 517 3346 petri
541 3257 731 3327 clarefecio
754 3277 809 3326 me
834 3260 942 3327 abere
965 3259 1071 3326 rebus
1095 3257 1134 3323 in
1160 3257 1275 3326 iocum
1300 3261 1514 3343 mentorum,
1540 3257 1606 3325 ubi
1629 3258 1803 3325 misciano
1820 3256 1953 3324 dicitur
1969 3260 2109 3324 rotense
2124 3258 2163 3322 fi-

317 3412 437 3484 nibus,
462 3427 530 3496 que
554 3409 645 3477 mihi
669 3407 826 3496 predicto
849 3408 1012 3477 maranci
1037 3407 1226 3494 presbiteri
1250 3411 1304 3477 est
1328 3410 1549 3496 pertinentes
1574 3427 1637 3494 per
1669 3408 1811 3477 cartula
1844 3408 2119 3494 comparationis
2142 3429 2165 3477 a
2242 3507 2248 3518 .

324 3579 410 3649 pars
432 3564 545 3630 biozzo
568 3561 743 3648 presbiter
766 3563 803 3628 et
825 3559 871 3628 da
894 3558 990 3628 maio
1013 3563 1051 3626 et
1073 3559 1260 3645 iohannes,
1284 3561 1443 3646 germani
1470 3561 1537 3628 filii
1561 3561 1740 3647 quondam
1773 3561 1922 3629 iohanni
1951 3561 2166 3676 presbiteri,

314 3717 409 3782 sicut
433 3733 510 3782 mee
536 3712 792 3797 scriptionibus
816 3715 900 3780 sunt
923 3711 1159 3799 continentes,
1184 3730 1252 3798 que
1277 3718 1331 3782 est
1356 3734 1418 3800 per
1443 3735 1489 3790 eo¹
1506 3716 1592 3783 finis
1614 3719 1651 3784 et
1674 3717 1882 3782 mensuris:
1914 3713 1959 3780 da
1983 3711 2071 3798 pede
2094 3711 2166 3778 fine

319 3863 478 3953 publica,
505 3871 590 3933 eunt
612 3865 693 3932 inde
716 3867 812 3951 passi
836 3864 967 3951 biginti
991 3864 1168 3950 quinque:
1192 3863 1234 3932 de
1258 3863 1330 3933 alia
1352 3884 1437 3952 pars
1459 3865 1529 3933 fine
1554 3866 1596 3933 de
1621 3865 1689 3950 ipsi
1724 3865 1874 3950 predicti
1909 3861 2072 3950 germani
2098 3863 2163 3930 filii

315 4017 467 4086 iohanni
491 4018 691 4102 presbiteri,
716 4018 800 4083 sunt
824 4016 907 4084 inde
929 4017 1027 4102 passi
1050 4017 1240 4103 sexaginta
1263 4016 1434 4104 quinque:
1460 4037 1482 4086 a
1505 4034 1611 4103 super
1633 4016 1751 4102 eapite
1773 4003 1844 4083 fine
1866 4017 1940 4102 bia,
1966 4020 2051 4084 sunt
2078 4016 2164 4085 inde

315 4173 412 4258 passi
436 4169 567 4257 biginti
589 4182 664 4238 sex:
690 4169 733 4238 de
757 4169 831 4239 alia
854 4171 957 4257 parte
980 4169 1051 4238 fine
1074 4169 1202 4256 astulfi,
1227 4177 1312 4239 sunt
1337 4171 1422 4239 inde
1449 4171 1543 4257 passi
1558 4169 1798 4258 septuaginta
1815 4173 1963 4256 septem,
1982 4172 2096 4237 totum
2116 4169 2163 4238 ad

314 4323 408 4391 iusto
431 4341 575 4410 passum
592 4323 723 4390 ominis
739 4291 999 4391 mensuratum.
1024 4341 1064 4390 ec
1086 4324 1170 4392 bero
1194 4325 1298 4389 rebus
1321 4341 1384 4418 per
1407 4321 1576 4391 iamdicta
1599 4322 1682 4389 finis
1711 4327 1747 4390 et
1771 4323 1952 4390 mensurio
1986 4324 2104 4390 totum
2128 4325 2165 4389 et
2197 4363 2202 4376 ·
2236 4341 2241 4348 ·

316 4475 485 4543 inolitum
511 4473 592 4542 illut
614 4473 863 4543 bicariationis
886 4474 1010 4542 ordine
1033 4474 1248 4542 tradidimus
1271 4473 1335 4542 tivi
1360 4474 1452 4542 leoni
1478 4473 1551 4542 filio
1574 4472 1751 4560 quondam
1780 4473 1962 4559 iaquinti3
1999 4476 2035 4540 et
2058 4472 2168 4560 ideo,

313 4631 408 4696 sicut
430 4627 519 4692 mihi
543 4643 740 4714 congruum
756 4631 822 4712 est,
839 4645 919 4695 mea
943 4627 1035 4696 bona
1059 4623 1289 4696 bolumtatem
1312 4634 1397 4696 ante
1421 4629 1602 4714 presentia
1627 4627 1773 4696 landoni
1804 4585 1945 4692 comitis
1968 4629 2004 4693 et
2027 4624 2092 4693 alii
2114 4629 2166 4693 te·
2278 4683 2283 4692 ,

310 4783 383 4847 stes
407 4797 471 4866 per
494 4797 563 4848 ano
586 4778 726 4848 cartula
748 4779 997 4848 bicariationis
1020 4779 1143 4846 ordine
1166 4779 1379 4879 tradidimus
1404 4779 1470 4847 tibi
1493 4778 1652 4866 predicto
1679 4778 1775 4848 leoni
1790 4782 1914 4847 totaet
1930 4777 2056 4846 inclita
2084 4779 2164 4865 ipsa

315 4929 476 5016 predicta
498 4929 602 5018 peeia
624 4929 788 5000 deterre
811 4929 854 4998 de
878 4929 1088 4999 iamdictum
1114 4927 1229 4999 locum
1252 4929 1425 4999 misciano
1449 4949 1511 5018 per
1535 4931 1707 5000 iamdicta
1730 4931 1814 4998 finis
1836 4932 1872 4998 et
1895 4931 2088 5017 mensurie,
2113 4936 2164 5000 to-

311 5089 392 5151 tum
415 5087 451 5150 et
474 5081 638 5150 inclitum
661 5101 742 5150 oum
765 5081 909 5170 proprie
933 5082 1015 5150 finis
1037 5086 1074 5150 et
1097 5101 1178 5150 cum
1202 5085 1280 5152 bico
1302 5085 1345 5153 de
1372 5085 1441 5153 biis
1466 5084 1553 5172 suis,
1578 5089 1614 5153 et
1635 5087 1756 5155 omnia
1780 5087 1877 5152 intro
1901 5101 1938 5151 se
1970 5083 2161 5152 abentibus

313 5233 550 5319 omnibusque
569 5234 643 5302 suis
666 5227 908 5320 pertinentiis,
932 5201 1020 5304 illut.
1037 5231 1103 5302 tibi
1127 5233 1289 5319 predicto
1315 5237 1407 5305 leoni
1433 5227 1681 5307 bicariationis
1705 5237 1831 5305 ordine
1854 5235 2090 5322 tradidimus,
2115 5235 2162 5304 ad
2195 5335 2200 5344 Ι

313 5483 739 5500 m

354 5667 381 5748 ¹)
403 5667 503 5746 Lege:
528 5665 687 5728 secundo.
792 5731 796 5746 ,

354 5807 381 5888 ²)
401 5811 650 5892 Legeroctava.
717 5880 719 5884 ,

389 5990 459 6052 Tou.
480 6005 522 6050 rr.
