5402 7088
607 573 653 646 ao
1250 538 1418 651 consu
1452 575 1722 649 cluensis

558 793 604 867 lis
627 816 686 868 eos
708 817 900 888 procurare
929 801 1061 889 laciad,
1085 801 1185 870 sicud
1208 807 1262 870 est
1285 803 1518 889 consuetudo,
1542 806 1579 870 et
1602 807 1647 875 ad
1671 804 1747 891 ipso
1770 804 1917 873 missum
1941 805 1984 874 de
2008 823 2092 894 pars
2117 804 2230 892 ipsius
2258 802 2408 874 ecclesie

555 951 694 1022 ibidem
730 954 816 1024 inde
840 955 1036 1043 adsignare
1058 954 1127 1023 due
1149 957 1283 1044 sortis,
1307 959 1344 1024 et
1369 953 1440 1023 illis
1464 955 1546 1025 inde
1569 955 1702 1026 abeant
1735 957 1865 1027 exinde
1899 959 2044 1028 tertiam
2078 960 2244 1045 partem3
2268 957 2410 1044 quertie
2439 1053 2457 1088 ·

568 1105 653 1174 bero
675 1057 894 1194 qui⁶ibidem
917 1109 1017 1193 sunt,
1042 1123 1106 1175 suo
1130 1111 1287 1195 tempore
1312 1107 1384 1174 illis
1406 1124 1466 1174 eos
1488 1107 1655 1195 colligere
1678 1107 1827 1196 faciant,
1850 1113 1887 1178 et
1910 1108 2038 1180 inclita
2061 1107 2231 1194 sortione,
2256 1106 2350 1194 quod
2367 1108 2413 1178 ad
2455 1093 2468 1114 '

566 1274 651 1344 pars
675 1256 787 1344 ipsius
808 1258 958 1328 ecclesie
978 1226 1063 1327 ¹inde
1086 1258 1230 1328 ebenire
1253 1258 1371 1345 debet,
1396 1256 1469 1326 illis
1493 1262 1530 1327 et
1553 1260 1628 1328 suis
1652 1259 1817 1329 eredibus
1840 1261 1939 1329 salbo
1966 1277 2025 1327 eos
2049 1257 2243 1346 adsignare
2267 1257 2313 1327 ad
2337 1258 2414 1344 ipso

564 1403 717 1475 'missum
739 1408 783 1478 de
806 1429 891 1498 pars
915 1409 1028 1500 ipsius
1051 1410 1199 1480 ecclesie
1222 1410 1367 1479 ibidem.
1392 1371 1519 1480 tamen.
1536 1415 1573 1480 et
1594 1410 1638 1480 de
1661 1409 1870 1498 supradicta
1902 1409 2008 1479 rebus
2042 1407 2306 1496 sceptuabimus
2340 1425 2414 1478 una

566 1564 669 1648 pecia
691 1564 734 1632 de
758 1568 869 1654 terra,
894 1568 955 1654 qui
980 1568 1113 1637 dicitur
1137 1567 1184 1637 da
1207 1585 1396 1654 campum·
1410 1566 1560 1653 maium,
1583 1563 1675 1650 quod
1704 1563 1861 1651 ipsorum
1884 1563 1978 1649 petri
2001 1567 2038 1632 et
2061 1561 2186 1636 ioanni
2209 1581 2321 1650 usque
2339 1563 2413 1650 ipso

568 1718 801 1800 constitutum
826 1719 928 1787 modo
952 1720 999 1790 ad
1021 1719 1253 1790 frudiandum
1276 1718 1465 1804 dedimus,
1490 1721 1525 1786 et
1548 1717 1594 1787 da
1616 1717 1684 1804 ipsi
1708 1717 1866 1804 quinque
1889 1719 1978 1787 anni
2001 1717 2039 1784 in
2063 1717 2174 1786 antea
2195 1732 2305 1804 usque
2342 1713 2412 1800 ipsi

458 1911 464 1922 -
561 1867 747 1936 duodecim
771 1869 860 1938 anni
884 1870 1048 1959 completi
1072 1874 1249 1959 quantum
1272 1870 1460 1940 serbitium
1482 1869 1526 1938 de
1549 1870 1629 1956 ipsa
1651 1870 1759 1938 rebus
1782 1867 1867 1956 illis,
1892 1867 1948 1936 vel
1971 1867 2113 1936 illorum
2135 1855 2271 1944 eredes,
2288 1865 2413 1936 tollere

563 2011 742 2105 potuerit,
767 2023 879 2089 totum
903 2021 985 2092 illut
1008 2025 1095 2092 dare
1118 2029 1155 2094 et
1177 2023 1394 2110 adsingnare
1417 2023 1463 2090 ad
1486 2040 1571 2110 pars
1602 2020 1759 2110 predicte
1781 2018 1953 2096 ecclesie;
1979 2023 2015 2087 et
2038 2019 2069 2088 si
2104 2017 2276 2088 forsitans
2309 2017 2410 2088 inira
2508 2015 2519 2036 ⁶

561 2169 638 2256 ipso
661 2173 909 2262 constitutum,
933 2177 1026 2262 quod
1049 2181 1104 2245 est
1126 2177 1250 2246 amodo
1272 2180 1308 2244 et
1331 2192 1442 2262 usque
1465 2172 1650 2242 duodecim
1673 2172 1762 2239 anni
1786 2170 1961 2258 completi,
1986 2169 2159 2239 derebus
2182 2169 2261 2257 ipsa
2282 2169 2329 2238 ad
2348 2187 2414 2255 pa·

560 2319 789 2412 stenandum,
813 2327 888 2394 sibe
911 2327 959 2396 ad
983 2327 1231 2397 bicariandum
1254 2327 1405 2396 boluerit
1427 2325 1513 2394 dare
1536 2344 1621 2413 pars
1642 2323 1799 2412 predicte
1822 2323 1981 2410 ecclesie,
2006 2325 2215 2411 potestatem
2246 2323 2410 2393 abeant:

561 2477 706 2543 tantum
730 2477 760 2543 si
785 2477 909 2546 amodo
932 2482 968 2547 et
991 2496 1103 2564 usque
1126 2479 1284 2565 quinque
1307 2477 1394 2546 anni
1420 2476 1586 2564 completi
1608 2476 1652 2543 de
1679 2475 1755 2564 ipse
1777 2474 1884 2546 terris
1906 2476 2031 2545 bacibe
2066 2476 2112 2543 ad
2146 2474 2410 2561 pastenandum
2467 2553 2471 2561 .

555 2624 702 2695 dederit
724 2647 809 2714 pars
834 2627 946 2714 ipsius
970 2629 1132 2716 ecclesie,
1157 2647 1220 2716 per
1243 2630 1381 2697 ratione
1404 2630 1489 2698 dare
1512 2628 1666 2698 debeant
1691 2629 1846 2716 ipsorum
1869 2630 1964 2714 petri
1987 2633 2023 2697 et
2046 2628 2195 2696 iohanni
2218 2626 2341 2696 clerici
2365 2625 2408 2695 de

561 2744 638 2865 ipso
661 2779 859 2878 serbitium,
884 2780 977 2866 quod
1001 2781 1083 2849 inde
1105 2779 1235 2849 tulerit
1257 2798 1340 2866 pars
1365 2779 1477 2867 ipsius
1500 2779 1661 2880 ecclesie,
1679 2779 1778 2848 sicud
1801 2798 1863 2868 per
1886 2799 2021 2848 annum
2038 2797 2148 2866 usque
2165 2776 2232 2865 ipsi
2250 2780 2410 2867 quinque

563 2933 652 3000 anni
675 2933 840 3020 completi
865 2933 908 3001 de
933 2933 1008 3020 ipse
1031 2936 1139 3002 terris
1163 2933 1301 3020 bacibe,
1319 2953 1388 3019 que
1411 2935 1575 3019 superius
1597 2933 1769 3021 diximus,
1790 2934 1864 3001 illis
1889 2934 1972 3002 inde
1994 2933 2131 3018 tollere;
2149 2933 2200 3001 sic
2216 2935 2350 3020 tamen,
2369 2937 2410 3004 ut

565 3047 705 3153 tantum
730 3086 813 3154 inde
837 3086 946 3156 deant
969 3086 1012 3153 de
1037 3088 1114 3173 ipso
1137 3087 1326 3155 serbitium
1350 3089 1506 3172 ipsorum
1522 3085 1671 3157 iohanni
1695 3094 1731 3157 et
1751 3089 1843 3176 petri
1871 3089 2045 3175 quantum
2072 3088 2225 3173 pretium
2254 3085 2411 3173 ipsorum

437 3306 447 3328 ἱ
561 3239 709 3308 ebenire
733 3239 836 3308 debet
852 3240 902 3307 de
927 3239 1002 3309 alia
1026 3245 1131 3309 tanta
1152 3246 1251 3310 terra
1275 3241 1414 3326 baciba,
1439 3240 1531 3326 quod
1554 3240 1599 3308 ad
1623 3239 1873 3308 seminandum
1898 3238 1969 3307 illis
1991 3238 2128 3308 dederit
2150 3238 2193 3306 de
2210 3237 2288 3324 ipsa
2304 3238 2410 3306 robus

563 3409 673 3478 usque
695 3389 763 3477 ipsi
786 3391 945 3479 quinque
969 3394 1070 3460 anni.
1098 3393 1143 3460 ad
1168 3392 1330 3478 completi
1356 3392 1421 3478 ipsi
1446 3392 1628 3460 duodecim
1652 3391 1740 3460 anni
1765 3390 1878 3459 licead
1901 3391 1974 3458 illis
1996 3395 2033 3458 et
2056 3393 2130 3459 suis
2152 3391 2343 3478 eredibuS,
2373 3396 2410 3460 et

561 3543 741 3612 ominibus
766 3545 858 3631 quod
882 3543 955 3612 illis
978 3545 1107 3614 ibidem
1134 3546 1179 3626 ad
1203 3545 1437 3615 laborandum
1459 3545 1611 3632 miserit,
1636 3545 1719 3614 inde
1741 3547 1843 3615 exire
1866 3564 1947 3613 cum
1970 3563 2090 3613 omnes
2121 3563 2231 3614 causa
2264 3541 2438 3612 illorum'

562 3697 732 3784 mobilia,
758 3706 794 3766 et
817 3697 944 3767 inolita
966 3699 1209 3786 suprascripta
1234 3700 1340 3766 rebus
1363 3700 1593 3768 remicterent
1608 3690 1742 3787 ,sicud
1764 3702 1958 3787 meruerit,
1981 3699 2027 3769 ad
2056 3705 2266 3786 potestatem
2296 3695 2410 3788 ipsius

559 3850 721 3917 ecclesie.
748 3850 841 3918 unde
865 3869 929 3937 per
952 3851 1217 3920 combenientia
1240 3851 1374 3937 guadia
1397 3851 1499 3920 nobis
1523 3851 1590 3938 ipsi
1614 3856 1736 3938 petrus
1760 3855 1796 3920 et
1819 3853 1992 3920 iohannes
2014 3851 2201 3938 dederunt,
2218 3857 2253 3920 et
2275 3853 2410 3923 media·

500 4079 503 4086 Ι
561 4004 677 4068 torem
701 3999 804 4068 nobis
827 4007 1023 4088 posuerunt
1045 4000 1246 4070 romoaldus
1270 4001 1366 4069 filius
1389 4001 1569 4088 quondam
1594 4001 1769 4090 iohanni3
1793 4009 1829 4072 et
1850 4022 1915 4091 per
1944 4005 2023 4090 ipsa
2056 4003 2192 4090 guadia
2227 4000 2409 4093 obligabo·

555 4157 644 4221 runt
667 4169 704 4219 se
728 4155 766 4220 et
788 4151 864 4220 suis
887 4153 1063 4239 eredibus,
1088 4156 1129 4221 ut
1151 4152 1181 4220 si
1206 4152 1328 4221 taliter
1352 4155 1474 4252 omnia
1496 4155 1742 4242 suprascripta
1764 4175 1826 4244 per
1843 4156 2046 4244 supradicto
2063 4157 2188 4226 ordine
2204 4149 2315 4244 u'sque
2331 4155 2403 4244 ipsi

473 4343 478 4362 ·
554 4293 740 4373 duodecim
765 4306 854 4373 anni
880 4304 952 4372 illis
974 4308 1010 4372 et
1032 4304 1106 4372 suis
1130 4303 1295 4372 eredibus
1319 4303 1357 4370 in
1382 4323 1466 4390 pars
1496 4305 1611 4392 ipsius
1634 4305 1783 4375 ecclesie
1812 4271 1884 4375 non
1918 4307 2168 4396 adimpleberit
2202 4313 2239 4380 et
2274 4307 2406 4397 aliquit

552 4454 688 4524 exinde
711 4454 989 4543 contradixerit,
1012 4473 1076 4542 per
1099 4456 1179 4544 ipsa
1202 4455 1338 4543 guadia
1360 4461 1397 4525 et
1420 4476 1484 4543 per
1507 4458 1771 4528 combenientia
1793 4475 2002 4547 componere
2025 4459 2273 4548 obligaverunt
2295 4480 2333 4531 se
2368 4461 2413 4530 il-

556 4607 601 4675 lis
624 4612 661 4676 et
684 4607 826 4675 illorum
851 4608 973 4690 eredes
998 4609 1036 4676 in
1059 4627 1143 4696 pars
1167 4599 1281 4695 ipsius
1304 4591 1456 4677 ecclesie
1481 4609 1640 4715 triginta
1664 4611 1746 4678 auri
1769 4610 1898 4680 solidos
1914 4613 2145 4683 costantinos.
2164 4619 2409 4702 verumtamen

557 4781 598 4832 oc
622 4780 875 4843 memoramus
904 4763 951 4831 ud
974 4763 1004 4830 si
1027 4781 1111 4850 pars
1135 4763 1293 4849 predicte
1315 4753 1465 4831 ecclesie
1486 4753 1642 4830 doluerit
1664 4781 1728 4849 per
1749 4766 1910 4850 tempum
1932 4763 1976 4831 de
2000 4763 2178 4832 bindemie
2201 4763 2333 4833 ibidem
2352 4763 2407 4832 di·

553 4915 673 5003 rigere
695 4915 841 4982 missum
868 4930 972 4982 suum
994 4931 1058 5002 pro
1081 4871 1326 5002 recipiendum
1353 4916 1431 5000 ipsa
1453 4930 1557 4982 suam
1580 4910 1773 4981 sortionem
1788 4910 1831 4980 de
1848 4887 1924 4999 ipso
1940 4913 2078 5000 binum,
2096 4918 2312 5000 potestatem
2328 4917 2412 4986 abe·

553 5072 631 5155 ant,
655 5070 691 5136 et
715 5085 779 5155 per
802 5085 925 5136 omnes
948 5085 1084 5136 annum
1107 5067 1232 5136 amodo
1256 5061 1292 5136 et
1315 5083 1427 5152 usque
1450 5063 1519 5151 ipsi
1542 5065 1728 5136 duodecim
1750 5066 1837 5136 anni
1861 5065 2027 5154 completi
2054 5073 2239 5155 quantum
2275 5071 2411 5156 ayrati·

553 5242 635 5291 oum
658 5221 732 5290 illis
755 5220 799 5292 do
824 5224 902 5310 ipsa
925 5223 1033 5290 rebus
1053 5219 1177 5291 tollere
1199 5219 1367 5308 potuerit,
1391 5218 1514 5289 inclite
1537 5219 1604 5288 due
1628 5221 1734 5288 sortis
1757 5219 1831 5288 illis
1854 5221 1901 5289 a'd
1922 5239 2007 5308 pars
2032 5223 2148 5310 ipsius
2172 5223 2325 5294 ecclesie
2349 5226 2408 5295 de-

556 5379 622 5445 ant
644 5374 739 5461 inde,
763 5378 800 5442 et
823 5357 967 5443 tertiam
990 5377 1128 5459 partem
1153 5371 1237 5441 inde
1260 5371 1329 5439 sibi
1352 5373 1483 5441 abeant
1505 5391 1568 5459 per
1585 5373 1793 5462 supradicta
1808 5374 1943 5462 guadia
1959 5381 1994 5445 et
2012 5377 2172 5465 obligata
2189 5396 2294 5466 pena,
2312 5379 2406 5466 quod

554 5526 682 5614 scripsi
706 5543 772 5615 ego
796 5525 959 5596 alderissi
983 5527 1162 5595 notarius.

596 5654 632 5771 †
658 5684 731 5770 Ego
755 5680 949 5766 myrandus
973 5683 1135 5749 notarius
1159 5699 1214 5748 me
1237 5681 1436 5767 subscripsi

602 5801 632 5918 †
657 5832 731 5918 Ego
753 5829 815 5916 qui
840 5847 949 5915 supra
972 5830 1173 5900 romoaldus
1200 5849 1255 5900 me
1278 5831 1490 5917 subscripsi.
