5408 7108
1017 513 1437 591 DIPLOMATICUS
1864 497 1866 502 ¹
2042 511 2107 584 lll

311 742 498 812 cellarium
522 745 606 812 abet
624 743 702 830 ipsa
717 740 881 829 ecclesia,
900 747 986 812 sunt
1004 743 1086 812 inde
1101 744 1196 832 passi
1223 739 1451 830 septuaginta
1474 757 1549 812 sex.
1568 743 1597 809 A
1614 745 1714 829 parte
1731 739 1878 810 meridie
1901 740 2064 811 similiter
2080 741 2153 810 tine

311 897 425 983 ipsius
446 896 606 982 ecclesie,
623 896 717 964 sicut
733 896 850 964 limite
873 896 1057 982 discernit,
1082 895 1165 964 inde
1181 893 1276 981 passi
1293 895 1516 980 octuaginta.
1543 895 1573 961 A
1589 912 1673 980 pars
1688 892 1881 961 occidentis
1899 893 2063 960 similiter
2082 895 2155 961 fine

314 1051 428 1137 ipsius
449 1049 609 1136 ecclesie,
633 1051 728 1118 sicut
753 1049 835 1118 inde
860 1049 973 1118 limite
997 1049 1171 1118 discernit
1195 1067 1306 1135 usque
1331 1049 1408 1135 ipsa
1431 1050 1491 1118 bia
1514 1049 1633 1136 priore
1659 1050 1741 1134 line,
1765 1053 1850 1115 sunt
1867 1047 1947 1115 inde
1963 1049 2056 1133 passi
2075 1066 2160 1116 een·

312 1209 388 1272 tum
413 1204 546 1291 biginti
572 1220 696 1291 unum,
713 1203 765 1302 'ad
789 1204 882 1272 iusto
905 1221 1047 1290 passum
1070 1203 1205 1271 homini
1230 1181 1477 1272 mensuratum
1501 1223 1564 1290 per
1589 1203 1678 1271 istas
1701 1201 1788 1270 fines
1812 1207 1848 1270 et
1877 1203 2077 1270 mensurius
2101 1205 2159 1269 in·

313 1357 440 1424 clitum
464 1357 547 1426 illut
569 1357 673 1425 nobis
694 1357 844 1427 tradidit
866 1375 930 1444 per
952 1355 1128 1442 equaliter
1152 1355 1345 1424 tenendum
1368 1361 1405 1424 et
1429 1355 1661 1426 lavorandum
1686 1355 1750 1424 tali
1767 1356 1904 1441 ordine,
1923 1361 1962 1424 ut
1979 1357 2101 1424 amodo
2120 1361 2160 1423 et

312 1525 451 1595 semper
475 1509 521 1578 ad
544 1513 664 1578 nostre
686 1513 723 1578 et
744 1509 787 1578 de
811 1507 943 1578 nostris
965 1509 1167 1594 heredibus,
1185 1513 1288 1577 natos
1303 1514 1501 1597 nascenteS,
1519 1510 1593 1578 sint
1608 1500 1890 1596 potestatis'illut
1907 1507 2100 1575 tenendum
2118 1513 2156 1574 et

313 1660 582 1762 dominandum,
608 1663 707 1731 lobee
722 1667 759 1731 et
776 1663 889 1731 omnis
901 1647 1025 1732 nostre
1042 1661 1209 1730 utilitatis
1223 1661 1424 1750 faciendum
1441 1662 1536 1734 iusta
1558 1661 1710 1748 ratione,
1735 1664 1772 1727 et
1796 1679 1906 1727 unum
1930 1661 1972 1727 de
1995 1661 2098 1726 nobis
2124 1663 2161 1727 et

314 1813 447 1881 nostris
471 1813 660 1882 heredibus
684 1815 816 1884 cotidie
840 1834 950 1884 unum
974 1816 1017 1884 de
1040 1815 1143 1882 nobis
1167 1813 1297 1882 ibidem
1322 1813 1539 1881 resideamus
1562 1817 1597 1880 et
1621 1813 1796 1882 abitemus
1813 1811 1850 1877 in
1868 1829 1965 1897 casa,
1990 1811 2082 1900 quod
2108 1809 2157 1880 ibi

312 1967 516 2055 fecerimus,
540 1972 577 2034 et
601 1985 709 2034 unum
734 1967 926 2054 applictum
944 1968 987 2036 de
1002 1986 1098 2053 casa,
1124 1968 1215 2055 quod
1232 1967 1282 2034 ibi
1297 1968 1380 2036 abet
1403 1968 1504 2035 modo
1528 1985 1611 2052 pars
1635 1967 1748 2053 ipsius
1769 1965 1930 2050 ecclesie,
1956 1963 2051 2030 omni
2074 1919 2166 2033 temss

315 2139 400 2208 pore
423 2121 561 2190 clusum
587 2121 631 2189 ad
655 2123 772 2191 tabule
797 2127 833 2191 et
856 2127 1039 2210 copertum
1054 2122 1098 2190 ad
1115 2121 1280 2189 scandole
1297 2122 1427 2188 bonum
1443 2119 1543 2188 illum
1560 2121 1719 2204 abemus,
1737 2135 1799 2204 pro
1815 2117 2088 2205 alipergandum
2110 2121 2158 2188 ibi

313 2290 398 2359 pars
420 2273 534 2359 ipsius
556 2273 717 2362 ecclesie,
741 2274 884 2361 quando
901 2275 950 2342 ibi
967 2276 1118 2358 benerit,
1136 2277 1172 2340 et
1189 2273 1250 2339 ubi
1270 2270 1382 2339 abead
1400 2271 1551 2358 reposito
1567 2271 1664 2338 bucti
1681 2276 1717 2337 et
1735 2271 1857 2337 vinum
1882 2270 1927 2339 da
1945 2287 2028 2355 pars
2047 2271 2163 2356 ipsius

315 2425 462 2494 ecclesie
478 2424 747 2513 etpalmentum
770 2433 807 2494 et
830 2424 1001 2496 tabellum
1023 2425 1195 2493 labritum
1220 2425 1331 2510 ipsius
1353 2423 1517 2509 ecclesie,
1543 2423 1639 2488 omni
1659 2431 1813 2509 tempore
1831 2423 2032 2492 conciatum
2052 2425 2162 2492 abea-

317 2594 397 2646 mus
421 2579 553 2644 bonum
576 2546 617 2645 et
636 2575 678 2644 de
700 2595 806 2663 super
830 2583 1024 2664 copertum,
1049 2574 1144 2643 sicut
1162 2573 1351 2661 meruerit,
1374 2578 1411 2640 et
1428 2575 1504 2659 ipsa
1521 2575 1625 2641 rebus
1642 2571 1741 2642 clusa
1764 2591 1901 2659 semper
1924 2575 2095 2642 abeamus
2123 2581 2161 2642 et

316 2730 399 2799 totis
411 2733 567 2800 arbustis
579 2730 622 2798 de
636 2729 713 2816 ipsa
725 2729 940 2798 tradictione
954 2731 1037 2815 apto
1052 2733 1209 2814 tempore
1222 2728 1421 2800 laboremus
1433 2727 1476 2795 de
1488 2745 1594 2813 super
1606 2736 1642 2794 et
1654 2728 1696 2794 de
1710 2735 1846 2814 supter,
1860 2729 1957 2796 sicut¹
1969 2726 2068 2795 locus
2085 2726 2164 2812 ipse

315 2887 500 2972 meruerit,
517 2891 566 2971 et,
583 2885 645 2952 ubi
663 2885 846 2972 meruerit,
863 2886 1008 2954 arbores
1022 2889 1059 2952 et
1075 2887 1164 2953 vites
1181 2883 1382 2970 plantemus
1398 2888 1434 2952 et
1449 2887 1668 2970 propagines
1683 2889 1879 2970 tragamus,
1896 2883 1956 2950 ubi
1971 2884 2166 2966 meruerit,

313 3041 349 3105 et
364 3054 568 3124 surgamus,
581 3035 679 3104 etsie
693 3035 774 3104 illut
788 3037 984 3104 studiemus
998 3035 1230 3120 etcultemus,
1246 3041 1286 3104 ut
1297 3053 1435 3122 semper
1450 3034 1486 3142 ip
1501 3038 1627 3104 melius
1643 3034 1812 3120 proficiad
1826 3037 1862 3102 et
1875 3052 1945 3101 non
1961 3033 2168 3122 disperead,

313 3194 350 3258 et
366 3191 495 3257 bonum
513 3189 644 3276 paread
660 3189 873 3276 lavoratum,
892 3193 927 3257 et
943 3189 1129 3274 cultatum,
1146 3194 1181 3259 et
1198 3188 1407 3276 studiatum,
1423 3185 1554 3256 'curam
1571 3196 1608 3256 et
1623 3189 1866 3270 vigilationem
1880 3187 1962 3256 inde
1976 3190 2166 3275 abeamus,

314 3347 355 3410 ut
377 3341 516 3410 salbum
541 3341 623 3410 illut
646 3343 821 3410 iaciamus
844 3342 942 3410 iusta
964 3341 1153 3427 rationem,
1179 3349 1215 3409 et
1236 3341 1443 3424 annualiter
1466 3359 1530 3427 pro
1553 3340 1630 3410 aire
1654 3345 1690 3408 et
1712 3357 1775 3425 per
1801 3339 1981 3408 vindemie
1998 3341 2091 3408 scire
2109 3341 2166 3411 fa·

313 3495 451 3564 ciamus
464 3495 581 3582 ipsum
595 3493 649 3563 leo
664 3494 829 3582 clericus,
846 3493 900 3564 vel
914 3513 998 3582 pars
1015 3495 1127 3581 ipsius
1143 3492 1302 3580 ecclesie,
1318 3498 1357 3560 ut
1373 3491 1458 3559 illuc
1476 3491 1622 3560 veniant
1636 3495 1701 3560 aut
1716 3489 1855 3579 dirigat
1870 3494 2018 3559 missum
2035 3511 2161 3582 suum,

313 3655 349 3720 et
381 3665 446 3717 nos
480 3650 546 3718 tali
581 3643 695 3718 labori
728 3649 772 3716 de
795 3647 874 3734 ipsa
896 3649 1019 3715 nostra
1042 3644 1178 3714 ditione
1200 3644 1274 3712 suis
1298 3644 1516 3731 temporibus
1539 3640 1787 3729 recolligamus
1810 3647 1848 3711 et
1871 3643 1986 3712 lavori
2018 3645 2088 3730 ipsi
2113 3643 2161 3714 ad

313 3827 410 3880 area·
421 3752 542 3894 ibique
564 3819 806 3892 procuremus,
831 3804 950 3872 stante
974 3799 1046 3867 illis
1069 3799 1123 3868 vel
1148 3798 1297 3866 missum
1320 3766 1488 3885 illorum,
1522 3802 1558 3865 et
1580 3797 1623 3865 de
1645 3798 1761 3864 omnis
1786 3803 1918 3864 victum
1942 3800 1979 3864 et
2004 3795 2164 3866 laborem

313 3981 421 4050 quam
445 3963 529 4030 inde
551 3959 696 4046 exierit,
718 3960 840 4029 demur
863 3955 1005 4025 illorum
1029 3957 1240 4024 terraticum
1262 3954 1457 4024 secundnm
1479 3953 1697 4022 consuetudo
1726 3953 1839 4037 ipsius
1873 3953 1939 4019 loci
1975 3955 2013 4020 et
2047 3955 2164 4020 totum

313 4116 389 4202 ipso
404 4116 497 4184 aliut
512 4116 615 4182 nobis
630 4116 811 4198 abeamus;
836 4117 872 4182 et
896 4130 959 4199 pro
979 4117 1136 4199 tempore
1153 4091 1203 4180 'de
1219 4113 1409 4198 vindemie,
1426 4117 1543 4183 stante
1560 4111 1632 4180 illis
1648 4111 1703 4179 vel
1720 4113 1866 4180 missum
1884 4111 2041 4198 illorum,
2056 4131 2164 4199 quem

313 4271 406 4337 scire
427 4267 628 4354 fecerimus,
652 4268 737 4337 totis
760 4266 917 4336 arbustis
940 4265 983 4336 de
1006 4265 1085 4352 ipsa
1108 4249 1323 4334 tradictione
1347 4265 1605 4333 vindemiemus
1627 4269 1663 4334 et
1686 4264 1809 4332 vinum
1835 4263 1960 4350 ipsum,
1975 4264 2021 4333 ad
2045 4265 2162 4350 ipsum

314 4417 531 4505 palmentum
555 4435 800 4504 procuremus,
824 4420 861 4486 et
882 4419 913 4484 si
937 4435 1043 4502 poma
1066 4417 1116 4486 ibi
1139 4416 1262 4504 suerit,
1286 4435 1349 4484 suo
1371 4422 1528 4502 tempore
1550 4416 1775 4504 colligamus,
1792 4421 1828 4485 et
1848 4416 1891 4484 de
1908 4418 2023 4484 omnis
2040 4420 2164 4485 vinum

313 4576 350 4640 et
374 4587 477 4659 poma
500 4589 605 4659 quam
629 4569 714 4639 inde
737 4569 894 4650 exierit,
919 4569 1042 4638 demus
1064 4567 1205 4636 illorum
1228 4566 1348 4655 ibique
1373 4566 1578 4662 medietate,
1603 4571 1639 4634 et
1664 4566 1766 4633 nobis
1790 4565 1872 4632 inde
1898 4567 2067 4634 abeamus
2090 4585 2165 4636 me·

313 4725 464 4796 dietatei
485 4729 627 4795 tantum
651 4722 776 4792 amodo
798 4726 835 4790 et
858 4711 969 4808 usquc
992 4739 1056 4788 sex
1079 4720 1166 4788 anni
1189 4719 1352 4805 completi
1378 4719 1424 4788 ad
1439 4735 1619 4787 escassum
1636 4718 1777 4784 illorum
1795 4719 1917 4804 ibique
1935 4719 2103 4786 daremus
2119 4720 2168 4788 de

285 4867 390 4966 'ipso
413 4880 545 4947 vinum·
561 4869 732 4946 mundum
757 4879 835 4946 sine
858 4895 966 4964 aqua,
991 4875 1085 4944 unde
1108 4876 1299 4961 implemus
1319 4875 1374 4940 est
1397 4889 1471 4940 una
1494 4873 1599 4939 bucte
1621 4887 1697 4956 sue,
1722 4871 1815 4956 quod
1833 4871 1880 4936 ibi
1899 4872 1982 4939 abet
1997 4871 2167 4958 capiente

314 5005 458 5100 saumas
480 5029 685 5116 quindecim
710 5033 746 5097 et
769 5028 843 5098 alia
867 5032 970 5098 bucle
994 5011 1056 5095 sue
1080 5028 1123 5095 de
1146 5043 1269 5094 sauma
1291 5023 1474 5092 duodecim
1498 5023 1544 5090 ad
1568 5021 1659 5089 iusto
1684 5021 1800 5089 medio
1826 5022 2009 5108 exadium,
2026 5022 2070 5090 de
2087 5025 2169 5110 ipso
2222 5015 2225 5021 ’

314 5183 428 5250 locum
453 5185 583 5252 abente
605 5199 670 5269 pro
693 5199 820 5250 sauma
842 5179 885 5247 de
909 5177 1192 5265 ipseduodecim
1215 5194 1338 5246 sauma
1360 5193 1425 5244 sex
1449 5176 1567 5244 media
1589 5174 1722 5260 exadia
1745 5190 1809 5259 pro
1824 5191 1965 5260 sauma,
1979 5178 2014 5242 et
2030 5175 2073 5242 de
2091 5175 2164 5260 ipsi

314 5337 402 5406 anni
428 5338 465 5404 in
489 5341 599 5406 antea
621 5332 821 5402 dividamus
844 5337 920 5419 ipso
944 5333 1068 5399 vinum
1092 5329 1186 5398 inter
1209 5346 1273 5396 nos
1289 5347 1351 5415 per
1369 5329 1573 5416 medietate,
1591 5327 1684 5397 sicut
1701 5326 1875 5412 diximus3
1894 5333 1929 5395 et
1945 5326 1973 5393 si
1989 5303 2075 5393 ante
2092 5326 2163 5413 ipsi

314 5508 379 5562 sex
401 5493 489 5561 anni
513 5489 588 5574 ipse
611 5489 678 5584 lec,
704 5487 760 5553 vel
776 5503 861 5572 pars
877 5482 991 5570 ipsius
1006 5481 1166 5568 ecclesie,
1182 5481 1333 5550 voluerit
1347 5498 1410 5568 per
1423 5469 1618 5548 'medietate
1635 5481 1737 5546 nobis
1753 5478 1912 5546 dividere
1929 5476 2005 5562 ipso
2023 5476 2166 5563 vinum,

314 5648 523 5730 potestatem
547 5644 692 5726 abeant,
716 5643 753 5708 et
775 5654 987 5724 reponamus
1011 5635 1088 5721 ipso
1110 5636 1232 5700 vinum
1255 5632 1399 5701 illorum
1421 5649 1644 5718 perannum
1668 5629 1798 5716 inipso
1820 5631 1920 5696 bucti
1943 5627 2088 5695 illorum
2106 5627 2163 5696 in·

314 5798 374 5863 tus
396 5793 472 5879 ipso
496 5791 692 5879 applictum
716 5790 759 5857 de
781 5807 865 5859 casa
889 5787 1001 5874 ipsius
1025 5784 1195 5871 ecclesie,
1218 5787 1255 5852 et
1278 5782 1401 5852 amodo
1424 5788 1461 5852 et
1485 5799 1622 5868 semper
1650 5781 1823 5851 iaciamus
1846 5780 1984 5850 salbum
2010 5779 2085 5868 ipso
2108 5778 2162 5848 vi·

383 5970 456 6030 Tora
475 5983 514 6068 ru
1454 6013 1456 6018 .
1674 6051 1675 6054 Ἴ
1985 5960 2020 6018 23
