5456 7096
630 491 677 564 68
1272 493 1453 568 GODEX
1485 495 1746 570 CAVENSIS

581 751 637 818 sui
663 751 845 822 maraldus
871 753 968 824 lilius
991 756 1169 842 quondam
1193 747 1323 833 saraci;
1349 761 1384 824 et
1407 776 1470 844 per
1493 756 1615 826 eadem
1639 756 1775 844 guadia
1796 757 1972 844 obligavit
1994 777 2032 826 se
2054 776 2205 844 suosque
2229 758 2365 845 eredes,
2395 763 2435 827 nt

585 910 615 976 si
630 910 674 978 de
688 913 763 998 ipse
776 914 895 1000 sortiS,
909 912 1064 1001 qualiter
1081 914 1245 1000 superius
1261 914 1407 1002 legitur,
1426 931 1604 981 removere
1619 917 1682 981 aut
1694 918 1858 981 contrane
1874 913 2085 1000 quesierint,
2102 919 2166 982 aut
2181 913 2212 981 si
2230 931 2337 998 super
2355 915 2431 1001 ipsa

587 1074 715 1135 nostra
738 1072 831 1136 sorte
855 1068 949 1136 malo
972 1069 1098 1137 ordine
1123 1072 1175 1137 ire
1192 1069 1432 1156 presumserit,
1451 1069 1544 1137 etde
1560 1071 1804 1157 suprascripta
1821 1068 1950 1156 aliquit
1966 1069 2244 1137 inde-removere
2269 1072 2335 1137 aut
2351 1087 2434 1136 con-

586 1223 687 1288 trare
710 1219 921 1306 quesierint,
949 1225 1034 1289 tunc
1059 1240 1122 1307 per
1142 1187 1237 1290 ¹vona
1261 1225 1514 1292 convenientia
1537 1245 1600 1312 per
1624 1227 1702 1311 ipsa
1725 1227 1859 1314 guadia
1881 1242 2090 1310 componere
2106 1223 2278 1312 obligavit
2300 1242 2337 1292 se
2355 1224 2433 1310 ipse

591 1343 792 1441 romoaldus
816 1381 851 1442 et
875 1394 958 1442 suos
982 1376 1104 1444 eredes
1128 1378 1231 1444 nobis
1253 1379 1453 1473 nostrisque
1469 1379 1633 1446 eredibus
1648 1380 1914 1466 quinquaginta
1928 1378 2010 1447 auri
2027 1378 2156 1446 solidos
2172 1381 2431 1464 constantinus,

589 1531 627 1592 et
651 1527 689 1593 in
713 1531 959 1615 suprascripta
981 1530 1156 1599 divisione
1179 1533 1329 1599 firmiter
1354 1552 1637 1619 permaneamus
1659 1535 1902 1604 berumtamen
1919 1551 2157 1602 memoramus
2172 1533 2214 1601 de
2231 1536 2309 1619 ipsa
2324 1552 2431 1620 aqua,
2537 1567 2540 1572 ¹

589 1689 681 1773 quod
705 1706 768 1774 per
793 1691 913 1774 partes
937 1692 1118 1772 portamus
1141 1685 1186 1754 da
1210 1686 1371 1772 lempole,
1397 1705 1458 1772 per
1483 1691 1603 1773 partes
1626 1690 1831 1772 potestatem
1855 1689 2025 1756 abeamus
2049 1705 2112 1772 per
2136 1687 2215 1772 ipsa
2232 1689 2350 1774 rebus,
2369 1687 2431 1756 ubi

587 1841 807 1910 boluerimus
831 1843 999 1927 aquarios
1023 1843 1176 1910 vendere
1201 1844 1294 1910 iusta
1316 1843 1467 1929 ratione,
1491 1839 1566 1907 sive
1590 1841 1680 1926 palis
1705 1841 1827 1926 figere,
1852 1857 1914 1906 seu
1939 1839 2074 1908 lravica
2093 1841 2215 1908 tacere
2231 1845 2267 1908 et
2284 1845 2428 1927 portare

588 2013 700 2081 usque
723 1995 768 2064 ad
794 1994 872 2080 ipsa
896 1997 1001 2062 rebus
1027 2012 1228 2080 commune,
1255 1997 1292 2061 et
1314 1995 1407 2060 omni
1433 2001 1587 2079 tempore
1603 1993 1654 2060 sic
1670 2011 1944 2079 permaneamus
1967 2010 2030 2079 per
2053 1998 2189 2081 partae,
2205 1993 2426 2082 sicutsupra

587 2147 732 2236 legitur,
759 2155 795 2218 et
819 2149 981 2217 adiunsit
1005 2150 1106 2215 nobis
1129 2148 1204 2234 ipse
1228 2148 1428 2215 romoaldus
1450 2147 1519 2214 duo
1542 2147 1621 2213 auri
1645 2145 1718 2214 tari
1734 2166 1756 2214 a
1771 2164 1877 2232 super
1902 2149 1980 2232 ipsa
2003 2152 2110 2234 sorte,
2135 2147 2225 2233 quod
2250 2165 2313 2214 nos
2339 2166 2434 2216 com-

586 2302 812 2388 preensimus
835 2301 881 2370 ad
906 2303 980 2387 ipso
1006 2301 1121 2367 locum
1144 2299 1273 2367 troccle
1299 2319 1363 2385 per
1387 2299 1594 2386 supradicta
1616 2298 1749 2386 guadia
1772 2303 1809 2366 et
1835 2297 2001 2387 obligata
2036 2318 2142 2388 pena,
2179 2300 2273 2386 quod
2308 2303 2435 2387 scripsi

586 2473 652 2543 ego
677 2455 879 2523 romoaldus
903 2454 1078 2522 notarius

638 2584 668 2701 †
694 2613 769 2700 Ego
792 2611 854 2698 qui
879 2630 988 2698 supra
1010 2609 1179 2697 grimoalt
1202 2627 1318 2677 comes
1340 2618 1376 2676 et
1399 2607 1520 2676 iudex.

1299 2835 1724 2852 ff

1383 3134 1633 3217 GMXIV·

1356 3321 1495 3445 ΑΛ).
1528 3367 1655 3443 1037.

633 3609 668 3750 †
693 3663 733 3728 ln
759 3663 914 3729 nomine·
928 3660 1059 3729 domini
1086 3659 1316 3727 nonodecimo
1339 3677 1435 3727 anno
1459 3659 1683 3751 principatus
1706 3661 1826 3729 domni
1843 3662 1955 3730 nostri
1977 3661 2154 3746 guaimari
2171 3663 2320 3750 gloriosi
2339 3666 2437 3752 prin-

593 3815 698 3901 cipis,
725 3813 791 3881 filii
815 3813 935 3882 domni
952 3812 1149 3900 guaimari,
1164 3829 1284 3880 mense
1303 3811 1505 3898 ianuarius,
1521 3815 1649 3900 quinta
1663 3814 1870 3882 indictione.
1888 3817 1980 3884 Ante
1998 3833 2053 3883 me
2068 3820 2208 3885 amatus
2225 3815 2334 3884 iudex
2351 3835 2433 3885 con·

593 3969 687 4036 iunti
715 3975 799 4037 sunt
821 3969 996 4039 aldemari
1022 3969 1197 4056 presbiter
1214 3973 1250 4036 et
1268 3968 1380 4036 abbas
1395 3967 1545 4036 ecclesia
1561 3966 1679 4036 sancti
1695 3970 1868 4056 gramatii
1885 3988 1965 4036 cum
1982 3967 2085 4037 alteri
2103 3969 2254 4037 clericus
2270 3975 2306 4038 et
2322 3972 2435 4040 abbas

596 4119 746 4190 ecclesia
769 4125 885 4191 sancti
904 4121 1065 4209 maximi,
1081 4125 1117 4189 et
1133 4122 1207 4208 ipse
1229 4119 1332 4190 alleri
1350 4121 1500 4188 clericus
1516 4124 1550 4188 et
1566 4120 1676 4189 abbas
1693 4123 1747 4188 est
1763 4138 1873 4187 unum
1890 4119 1933 4188 de
1948 4119 2145 4188 dominium
2160 4119 2272 4207 ipsius
2285 4121 2435 4191 ecclesie

588 4275 707 4342 sancti
733 4275 896 4362 maximi,
920 4279 957 4344 et
979 4295 1042 4362 per
1066 4275 1181 4361 ipsum
1205 4272 1379 4342 aldemari
1405 4275 1579 4360 presbiter
1602 4277 1638 4340 et
1653 4272 1763 4341 abbas
1778 4273 1945 4340 hostensa
1960 4276 2013 4341 est
2031 4291 2103 4342 nna
2117 4272 2258 4344 cartula
2274 4281 2311 4343 et
2328 4275 2431 4346 illam

589 4431 666 4498 tota
682 4448 746 4516 per
763 4430 888 4498 ordine
904 4428 1020 4516 legere
1033 4429 1130 4497 tecit.
1146 4429 1374 4498 continebad:
1389 4430 1428 4498 in
1441 4431 1582 4496 nomine
1593 4428 1727 4496 domini
1743 4428 1922 4497 tricesimo
1933 4431 2082 4497 hoctabo
2095 4448 2190 4498 anno
2206 4431 2433 4518 principatus

585 4582 707 4650 domni
733 4583 845 4648 nostri
873 4581 1053 4668 guaimari
1078 4589 1113 4649 et
1129 4597 1229 4647 nono
1245 4597 1341 4647 anno
1355 4580 1473 4648 domni
1491 4579 1669 4666 guaimari
1686 4583 1763 4649 eius
1778 4581 1865 4668 filio,
1882 4581 2027 4670 gloriosi
2050 4582 2285 4671 principibus,
2310 4603 2430 4653 mense

586 4737 792 4822 nobember,
816 4735 859 4802 de
883 4735 1022 4804 decima
1046 4734 1256 4804 indictione.
1286 4691 1512 4804 declaramus
1536 4752 1599 4802 nos
1623 4733 1751 4802 mulier
1774 4734 1918 4802 nomine
1943 4736 2150 4805 ermesenda
2165 4735 2242 4805 tilia
2260 4737 2347 4823 ursi,
2367 4737 2432 4824 qui

585 4886 655 4956 suit
679 4905 792 4955 uxore
816 4886 1017 4974 truppoaldi
1042 4887 1165 4955 clerici
1189 4884 1253 4952 filii
1278 4889 1385 4974 petri,
1410 4892 1445 4955 et
1470 4887 1669 4956 romoaldus
1692 4887 1844 4957 clericus
1867 4887 1962 4956 filius
1986 4888 2135 4975 predicti
2159 4889 2365 4977 truppoaldi
2391 4895 2429 4960 et

590 5041 751 5132 predicte
767 5041 986 5129 ermesende,
1002 5042 1169 5128 quoniam
1188 5041 1289 5108 nobis
1307 5041 1477 5110 iamdicta
1493 5046 1609 5109 mater
1624 5042 1660 5109 et
1675 5039 1773 5108 tilius
1790 5025 2028 5128 pertinentem
2045 5049 2098 5111 est
2113 5045 2219 5112 abere
2235 5048 2335 5112 terra
2351 5063 2435 5112 cum

588 5211 676 5264 casa
700 5195 833 5265 trabita
858 5194 1013 5264 solarata
1037 5195 1136 5262 intus
1160 5211 1229 5263 ane
1254 5194 1513 5263 salernitanam
1536 5195 1719 5262 cibitatem
1742 5213 1766 5261 a
1788 5199 1915 5280 suptus
1937 5192 2058 5282 platea
2081 5197 2143 5282 qui
2167 5198 2286 5284 pergit
2310 5201 2437 5284 suptus

592 5346 744 5418 ecclesia
768 5346 887 5416 sancti
911 5347 1076 5434 maximi,
1101 5351 1138 5416 et
1162 5353 1216 5416 est
1239 5366 1304 5435 per
1328 5367 1367 5416 ec
1391 5347 1473 5414 linis
1495 5351 1531 5416 et
1553 5348 1755 5415 mensurio:
1789 5367 1811 5415 a
1847 5366 1931 5434 pars
1963 5348 2111 5418 meridie
2134 5350 2206 5419 fine
2228 5349 2322 5420 sicut
2347 5352 2439 5420 socie

592 5501 637 5571 de
671 5502 846 5590 parietem
883 5499 1072 5570 srabitum·
1091 5500 1277 5587 discernit,
1314 5499 1396 5568 inde
1426 5505 1511 5568 sunt
1533 5499 1637 5586 pedes
1661 5498 1824 5568 undecim
1848 5505 1884 5569 et
1906 5502 2090 5569 summisse
2113 5505 2149 5569 et
2174 5502 2279 5570 uncie
2303 5507 2389 5572 tres:
2414 5521 2437 5572 a

593 5654 871 5741 septemtrionis,
895 5653 990 5721 sicut
1015 5657 1125 5722 totum
1151 5653 1325 5740 parietem
1350 5653 1393 5721 de
1419 5652 1488 5722 ista
1512 5671 1596 5723 casa
1619 5653 1804 5730 discernit,
1833 5653 1915 5722 inde
1941 5659 2025 5723 sunt
2048 5654 2156 5742 pedes
2179 5654 2243 5724 alii
2259 5654 2381 5723 decem
2404 5661 2439 5726 et

588 5808 681 5872 ecto:
707 5803 914 5873 oboriente
939 5810 1022 5875 sunt
1047 5805 1152 5894 pedes
1177 5804 1239 5874 alii
1265 5804 1431 5875 undecim
1454 5809 1489 5874 et
1512 5805 1698 5876 summisse
1721 5809 1759 5874 et
1783 5805 1888 5874 uncie
1913 5811 2000 5894 tres,
2019 5813 2058 5876 et
2073 5810 2120 5878 ab
2137 5807 2214 5896 ipsa
2238 5826 2323 5896 pars
2347 5811 2438 5879 occi·
2467 5815 2477 5830 '
