5408 7108
1229 511 1404 587 00be
1443 515 1720 593 GAVENSIS

1375 921 1592 1006 CMXC.

1322 1221 1380 1296 A.
1408 1219 1448 1290 b.
1479 1218 1608 1294 1042.

600 1451 637 1591 †
662 1507 702 1570 ln
725 1505 869 1573 nomine
891 1504 1026 1572 domini
1051 1508 1218 1575 vicesimo
1241 1511 1370 1595 quarto
1386 1524 1481 1576 anno
1496 1507 1718 1594 principatus
1733 1507 1852 1574 domni
1869 1507 1979 1575 nostri
1998 1507 2180 1594 guaimari
2196 1504 2346 1595 salerni,
2364 1515 2401 1578 et

545 1659 677 1742 quarto
702 1675 798 1726 anno
820 1660 1045 1745 principatus
1068 1663 1144 1729 eius
1167 1680 1292 1748 capue,
1316 1665 1353 1730 et
1376 1663 1484 1729 tertio
1512 1677 1606 1728 anno
1628 1661 1780 1728 ducatus
1795 1659 1872 1727 cius
1887 1659 2006 1728 amalfi
2024 1664 2060 1728 et
2075 1660 2234 1747 sinenti,
2251 1660 2399 1748 gloriosi

545 1807 735 1896 principie,
760 1829 882 1880 mense
906 1815 1067 1898 martina,
1095 1813 1233 1882 decima
1258 1812 1464 1882 indictione.
1491 1814 1778 1882 Memoratorium
1803 1814 1933 1880 iactum
1951 1815 2089 1882 anobis
2115 1811 2276 1882 marinus
2301 1815 2402 1882 tilius

546 1962 740 2030 iohannaci
765 1962 810 2031 da
832 1963 976 2049 luportu
1001 1964 1078 2032 vice
1101 1983 1180 2033 mea
1196 1969 1232 2034 ct
1245 1965 1319 2032 vice
1342 1984 1452 2052 grnse
1476 1968 1599 2034 uxoris
1617 1983 1705 2052 mee,
1723 1973 1760 2033 et
1776 1983 1897 2035 manso
1915 1971 1950 2034 et
1966 1967 2217 2034 constantinus
2232 1967 2394 2053 germani

544 2118 580 2182 et
606 2112 672 2180 filii
698 2116 875 2200 quondam
900 2117 974 2184 ursi
998 2116 1041 2185 de
1058 2117 1177 2203 ligori,
1192 2123 1228 2185 et
1243 2118 1348 2204 ligori
1367 2117 1431 2184 tilii
1445 2119 1621 2204 quondam
1638 2117 1814 2202 mansoni,
1834 2134 1900 2204 ego
1916 2118 1992 2185 vice
2006 2135 2086 2185 mea
2102 2123 2138 2186 et
2154 2116 2197 2184 de
2214 2121 2399 2205 germanis

544 2265 647 2354 meis,
672 2271 708 2335 et
731 2284 856 2337 mauro
878 2272 915 2336 et
939 2267 992 2336 leo
1015 2269 1178 2355 germani
1203 2271 1267 2337 lilii
1292 2271 1470 2356 quondam
1494 2272 1714 2340 constantini
1733 2263 1816 2339 ante
1833 2271 2023 2356 subscripti
2049 2274 2154 2339 testes
2177 2287 2240 2356 per
2264 2272 2403 2339 combe-

549 2421 728 2489 nientiam
753 2420 964 2489 tradidimus
989 2424 1137 2490 iohanni
1155 2410 1343 2508 presbiteri
1363 2422 1426 2490 filii
1444 2423 1613 2491 romoaldi
1629 2423 1815 2490 ecclesiam
1830 2427 1989 2489 nostram
2014 2422 2264 2508 pertinentem,
2290 2441 2398 2508 quam

543 2577 690 2644 abemus
713 2578 751 2641 in
776 2575 921 2645 lucania
943 2577 981 2643 in
1006 2577 1119 2644 locum
1145 2578 1207 2663 qui
1231 2577 1361 2644 dicitur
1385 2577 1549 2657 tirusino‚
1574 2595 1654 2643 cum
1678 2575 1792 2644 omnis
1808 2577 1913 2644 rebus
1929 2575 2057 2644 stabile
2073 2581 2109 2644 et
2134 2575 2264 2645 mobile
2287 2578 2398 2662 perti·

543 2731 687 2797 nentem
713 2727 869 2814 predicte
892 2728 1038 2796 ecclesie
1061 2728 1153 2814 quod
1179 2731 1283 2796 terris
1308 2729 1526 2797 laboratorie
1540 2735 1574 2796 et
1590 2734 1688 2798 terra
1705 2748 1784 2796 cum
1803 2729 1923 2814 vinea,
1940 2734 2045 2798 erest
2062 2729 2136 2816 ipso
2154 2730 2281 2796 mobile
2305 2729 2397 2799 liber

542 2885 762 2951 contenente
780 2880 958 2948 francisca
976 2898 1059 2966 uno,
1076 2881 1235 2948 manuali
1253 2884 1338 2966 treS,
1356 2883 1418 2967 qui
1435 2886 1519 2949 sunt
1535 2882 1577 2948 de
1594 2900 1664 2948 uno
1679 2901 1749 2951 ana
1765 2882 1931 2968 quaterni
1958 2883 2087 2968 biginti
2112 2889 2197 2968 tres,
2222 2883 2285 2970 qui
2313 2887 2400 2952 sunt

541 3035 585 3101 de
608 3033 832 3103 antitanario
854 3033 897 3101 de
920 3037 1023 3099 nocte
1047 3037 1082 3100 et
1106 3013 1148 3101 de
1164 3033 1236 3100 alio
1253 3033 1371 3120 legere
1388 3034 1559 3119 psalteria
1575 3035 1658 3118 dua,
1676 3034 1822 3120 planeta
1838 3039 1873 3100 et
1889 3033 1984 3102 orale
2000 3040 2036 3102 et
2051 3035 2216 3103 ammicto
2240 3034 2283 3102 de
2307 3035 2396 3122 line,

541 3186 644 3254 calici
669 3185 739 3252 duo
760 3191 797 3254 et
820 3190 949 3271 patene
971 3186 1039 3254 due
1056 3187 1099 3254 de
1115 3191 1286 3272 stangnu,
1303 3187 1468 3254 sindones
1485 3186 1578 3255 linee
1602 3186 1670 3254 due
1691 3193 1726 3255 et
1750 3185 1824 3254 alia
1846 3185 2012 3256 sindones
2036 3192 2156 3273 penta,
2182 3205 2290 3272 zappe
2313 3187 2399 3272 due,

541 3357 723 3410 mannara
739 3357 823 3424 una,
843 3357 951 3408 runca
967 3358 1051 3426 una,
1065 3338 1218 3426 guerdili
1231 3344 1316 3426 tres,
1331 3343 1496 3425 potatura
1509 3341 1592 3425 dua,
1607 3343 1703 3407 ascia
1714 3345 1751 3407 et
1762 3342 1916 3424 ascioue,
1930 3339 2111 3407 caldarola
2125 3356 2211 3425 uua,
2225 3340 2326 3424 pario
2351 3339 2395 3408 de

541 3493 628 3562 ferri
653 3492 827 3564 caballini
850 3511 934 3580 uno,
951 3495 1049 3562 bucti
1065 3494 1133 3563 due
1149 3494 1195 3562 da
1211 3494 1295 3561 bino
1310 3498 1346 3562 ct
1361 3511 1431 3561 uno
1448 3495 1644 3561 tractoriae
1661 3493 1707 3561 da
1722 3491 1830 3560 bicto.
1848 3493 1940 3577 Ideo,
1958 3494 2051 3559 sicut
2066 3491 2239 3580 diximus,
2265 3493 2394 3561 inclita

540 3637 622 3723 ipsa
645 3635 796 3748 ecclesia
819 3653 899 3704 cum
922 3636 1166 3723 suprascripta
1189 3637 1293 3704 rebus
1309 3635 1437 3705 stabile
1452 3639 1488 3704 et
1501 3635 1626 3703 mobile
1644 3634 1757 3702 eidem
1776 3634 1921 3703 iohanni
1948 3633 2139 3720 presbiteri
2163 3633 2391 3721 tradidimus,

490 3855 493 3862 .
539 3786 608 3859 tali
634 3789 798 3875 hordine,
825 3792 865 3858 ut
887 3789 1011 3858 amodo
1033 3793 1070 3858 et
1092 3789 1216 3856 diebus
1239 3789 1313 3858 vite
1338 3806 1400 3856 sue
1423 3787 1484 3854 ille
1509 3789 1586 3873 ipsa
1609 3786 1758 3856 ecclesia
1781 3805 1864 3852 cum
1882 3786 1998 3852 omnis
2013 3787 2259 3872 suprascripta
2284 3789 2396 3855 rebus

541 3942 673 4012 stabile
698 3947 734 4010 et
756 3942 886 4011 movile
910 3961 973 4010 sue
997 3943 1179 4030 potestatis
1203 3946 1365 4010 tenerent
1389 3949 1423 4008 ct
1445 3939 1683 4026 dominarent,
1707 3943 1744 4006 et
1767 3939 1866 4006 iobee
1900 3941 1937 4005 et
1972 3939 2089 4005 omnis
2122 3957 2185 4006 sue
2221 3939 2398 4008 utilitatis

542 4099 640 4166 iusta
668 4093 841 4165 rationem
868 4095 917 4162 ibi
940 4098 1112 4182 lacerent,
1135 4099 1171 4163 et
1195 4097 1273 4180 ipsa
1296 4095 1400 4160 rebus
1423 4099 1458 4161 et
1486 4093 1591 4161 vinea
1616 4091 1779 4160 laborare
1803 4111 1864 4178 per
1889 4091 2005 4158 omnis
2029 4109 2165 4160 annum
2187 4095 2224 4159 et
2254 4093 2398 4162 cultare

545 4252 652 4338 bona,
677 4251 768 4318 sicut
790 4249 973 4335 meruerit,
998 4253 1034 4317 et
1051 4249 1181 4316 ibidem
1197 4247 1350 4334 abitare,
1366 4251 1402 4314 et
1419 4245 1456 4311 in
1473 4247 1550 4331 ipsa
1567 4246 1715 4314 ecclesia
1730 4246 1786 4314 die
1806 4249 1983 4330 noctuque
1998 4245 2157 4312 officiare
2171 4247 2208 4310 et
2232 4244 2391 4312 officiare

542 4405 659 4474 lacere
683 4405 778 4472 iusta
802 4405 991 4488 rationem,
1014 4401 1107 4470 sicut
1130 4402 1205 4487 ipso
1230 4399 1343 4467 locum
1367 4397 1541 4466 meruerit
1563 4401 1599 4464 et
1623 4396 1837 4465 consuetudo
1860 4395 1908 4463 ibi
1927 4395 2008 4481 fuit,
2023 4398 2060 4462 et
2075 4392 2192 4461 omnis
2207 4399 2243 4462 et
2267 4394 2400 4461 vinum

546 4562 582 4627 et
606 4575 829 4644 quacumque
853 4554 1008 4622 trudium
1033 4554 1076 4622 de
1100 4554 1175 4639 ipse
1198 4552 1306 4618 terris
1328 4555 1364 4618 et
1386 4551 1429 4618 dc
1453 4552 1529 4636 ipsa
1552 4551 1657 4617 vinea
1674 4547 1819 4634 exierit,
1836 4567 1899 4616 sue
1915 4549 1963 4616 sit
1979 4551 2199 4634 potestatem,
2216 4553 2252 4616 ct
2274 4548 2390 4616 omnis

544 4711 672 4777 offerta
694 4714 731 4776 et
753 4707 982 4791 botationem,
1000 4723 1061 4772 seu
1077 4720 1299 4790 quacumque
1321 4719 1431 4769 causa
1448 4701 1575 4769 ibidem
1592 4701 1803 4784 intraberit„
1814 4699 1983 4765 similiter
1999 4715 2062 4765 sue
2077 4701 2170 4765 esset
2193 4693 2395 4781 potestatis,

544 4861 748 4931 iaciendum
772 4861 891 4930 omnia
906 4858 998 4946 quod
1016 4855 1215 4942 bolueritis,
1234 4855 1352 4921 scebto
1368 4855 1397 4920 ei
1416 4827 1553 4922 codices
1569 4858 1633 4922 aut
1648 4869 1798 4940 pannos,
1815 4849 1907 4937 quod
1922 4855 1975 4917 est
1991 4849 2132 4916 cortina
2149 4852 2184 4915 et
2208 4845 2392 4930 sindones,

541 5020 592 5088 ibi
618 5019 824 5105 intraberit,
847 5034 984 5103 semper
1007 5017 1105 5084 siant
1127 5015 1170 5082 de
1194 5011 1270 5100 ipsa
1292 5009 1454 5095 ecclesia,
1478 5015 1515 5076 et
1533 5026 1593 5093 per
1609 5007 1725 5072 omnis
1740 5021 1874 5073 annum
1891 5003 1992 5070 stetit
2016 5000 2120 5068 nobis
2143 5001 2229 5068 dare
2246 5017 2393 5067 censum

540 5173 719 5261 quadtuor
753 5169 834 5238 aori
871 5168 943 5236 tari
967 5166 1048 5233 boni
1073 5165 1142 5232 duo
1166 5165 1205 5231 in
1228 5181 1336 5250 pasca
1359 5161 1632 5229 resurrectionis
1653 5159 1799 5243 domini,
1829 5161 1865 5224 et
1889 5155 1953 5225 alii
1977 5155 2045 5222 duo
2069 5155 2107 5221 in
2132 5153 2306 5221 natibitas
2334 5151 2399 5218 do·-

541 5325 648 5409 mini;
672 5341 781 5408 quam
805 5325 842 5389 et
865 5319 1029 5388 stetimus
1051 5334 1116 5382 nos
1141 5313 1174 5382 ei
1198 5313 1329 5381 ibidem
1352 5313 1438 5381 dare
1462 5313 1572 5400 calce,
1596 5318 1769 5399 quantum
1793 5310 1824 5376 ei
1843 5307 2025 5376 sufficiant
2041 5305 2087 5375 ad
2103 5303 2394 5387 frabricandnm,

541 5480 579 5545 et
604 5475 666 5544 ille
690 5475 767 5564 ipsa
789 5474 939 5543 ecclesia
961 5471 1179 5542 trabicarent
1200 5468 1244 5539 de
1267 5486 1331 5536 suo
1354 5467 1542 5553 expendio,
1567 5487 1590 5534 a
1612 5483 1681 5552 quo
1704 5481 1768 5530 nos
1784 5462 1817 5530 ei
1835 5461 1964 5529 ibidem
1983 5458 2294 5547 adsignaberimus
2312 5456 2394 5542 ipsa

540 5630 638 5700 calce
661 5647 771 5716 usque
794 5627 951 5714 quinque
974 5641 1086 5694 annos
1111 5623 1210 5692 illam
1226 5621 1396 5708 expleant
1413 5619 1660 5688 trabicandum
1676 5614 1963 5685 etvconciandum
1980 5617 2019 5680 et
2033 5611 2278 5698 coopertum„
2297 5614 2334 5678 et
2346 5607 2401 5679 da

541 5783 612 5870 ipsi
636 5782 796 5869 quinque
820 5780 907 5848 anni
932 5780 971 5847 in
995 5781 1104 5846 antea
1128 5792 1239 5860 usque
1261 5777 1335 5842 tres
1357 5772 1445 5841 anni
1469 5771 1577 5839 deant
1599 5771 1701 5838 nobis
1717 5769 1864 5837 sidecim
1879 5767 1964 5852 tari,
1994 5768 2034 5832 ut
2061 5761 2201 5833 exinde·
2217 5760 2397 5830 iaciamus
