5456 7096
581 409 591 438 Ι

583 541 654 614 rar
780 629 783 634 ¹
1222 536 1402 609 ooonx
1435 531 1699 607 cluensis

533 784 639 854 quem
665 785 728 853 per
753 782 886 835 annum
912 765 962 832 ibi
986 763 1125 833 steterit
1148 779 1211 848 pro
1234 759 1475 846 recipiendum
1499 758 1577 846 ipsa
1600 759 1759 826 nostram
1783 755 1977 824 sortionem
2001 753 2045 822 de
2069 751 2148 856 ipso
2157 754 2297 838 binum,
2317 749 2389 820 illis

537 923 660 990 autern
683 939 764 988 eum
787 919 922 986 notrire
944 915 1138 986 secundum
1163 913 1303 981 illorum
1326 910 1586 999 poxivilitatem
1610 913 1645 980 et
1668 929 1731 998 per
1763 927 1896 978 annum
1921 905 2216 996 palmentaticum
2242 907 2281 974 in
2305 928 2389 994 pars

537 1075 704 1146 iamdicto
727 1071 874 1142 ecclesie
897 1071 995 1156 dare,
1022 1071 1114 1137 sicut
1136 1065 1351 1136 consuetudo
1373 1071 1437 1154 est,
1463 1083 1656 1153 pomaque
1681 1066 1719 1130 in
1744 1063 1820 1150 ipsa
1844 1066 1952 1134 rebus
1976 1068 2073 1149 sunt,
2097 1081 2160 1149 per
2184 1079 2319 1129 annum
2345 1061 2390 1128 il-

537 1229 580 1296 lis
604 1245 681 1297 earn
706 1225 874 1310 colligere
897 1225 933 1290 et
957 1221 1083 1289 inclita
1105 1219 1293 1288 medietate
1318 1219 1367 1286 ibi
1391 1219 1435 1288 ad
1460 1218 1534 1304 ipso
1555 1217 1704 1322 missum
1728 1221 1889 1288 nostrum
1912 1217 2025 1303 dare,
2060 1219 2097 1316 et
2130 1215 2173 1283 de
2211 1215 2303 1301 quod
2325 1236 2388 1304 per

534 1398 668 1450 annum
694 1377 766 1446 illis
789 1375 844 1446 vel
869 1375 945 1442 suis
968 1373 1133 1442 eredibus
1158 1371 1195 1438 in
1219 1375 1295 1441 tota
1318 1371 1395 1458 ipsa
1418 1374 1523 1439 rebus
1546 1371 1802 1457 seminabant,
1838 1389 1901 1457 per
1936 1385 2071 1438 annum
2108 1371 2318 1440 terratIcum
2348 1373 2387 1440 in
2444 1451 2447 1455 ,

534 1551 618 1620 pars
643 1530 810 1600 iamdicto
833 1527 979 1596 ecclesie
1003 1527 1088 1596 dare
1110 1525 1153 1594 de
1177 1525 1335 1612 quinque
1360 1524 1476 1594 modia
1500 1541 1610 1591 unum
1634 1522 1735 1592 etde
1758 1543 1822 1593 sex
1851 1524 1967 1592 modia
1982 1542 2107 1611 unum,
2126 1530 2161 1594 et
2177 1525 2284 1611 quale
2299 1529 2386 1594 tem·

535 1705 619 1772 pore
645 1683 717 1752 illis
743 1682 797 1751 rel
821 1683 894 1751 suis
917 1681 1082 1750 eredibus
1105 1678 1152 1748 da
1175 1681 1243 1764 ipsi
1266 1677 1449 1746 duodecim
1473 1679 1560 1746 anni
1595 1677 1632 1742 in
1661 1681 1769 1746 antea
1802 1680 2046 1764 suprascripta
2082 1678 2187 1746 rebus
2222 1679 2386 1750 laborare

530 1839 685 1907 noluerit
708 1837 763 1905 vel
787 1853 858 1903 non
882 1835 1048 1920 potuerit,
1075 1836 1134 1900 tue
1159 1831 1229 1898 illis
1252 1829 1307 1897 vel
1330 1831 1405 1898 suis
1425 1829 1592 1897 eredibus
1617 1833 1691 1896 tota
1713 1829 1959 1915 suprascripta
1985 1832 2089 1898 rebus
2106 1831 2302 1916 perfectum
2317 1849 2377 1900 ar-

531 1995 674 2061 bustum
698 1997 733 2060 et
751 1991 912 2077 perlecta
935 1990 1041 2055 binea
1066 1989 1175 2054 totum
1199 1985 1372 2052 cultatum
1398 1985 1540 2070 bonum,
1564 1987 1600 2051 et
1623 1990 1820 2070 operatum,
1844 1987 1881 2050 et
1897 1982 2049 2070 salbum,
2067 1988 2102 2051 et
2117 1985 2304 2053 circellum
2321 1987 2381 2054 bo-

534 2165 620 2214 num
645 2145 780 2211 elusum
806 2143 993 2210 remiotent
1017 2141 1061 2210 ad
1086 2142 1293 2228 potestatem
1317 2142 1476 2208 nostram
1501 2137 1553 2206 vel
1573 2140 1612 2205 in
1628 2158 1710 2224 pars
1735 2137 1899 2207 iamdicto
1923 2139 2107 2226 ecclesiae,
2135 2143 2170 2206 et
2191 2141 2243 2206 sic
2274 2139 2387 2208 licead

532 2296 604 2366 illis
627 2297 682 2365 vel
706 2297 780 2364 suis
804 2295 993 2364 heredibus
1018 2292 1099 2361 inde
1121 2293 1221 2361 exire
1244 2312 1324 2360 cum
1346 2291 1467 2360 omnia
1492 2291 1632 2359 illorum
1656 2310 1765 2360 causa
1791 2292 1949 2362 mobilia.
1985 2292 2077 2361 unde
2111 2293 2151 2360 in
2185 2313 2225 2363 eo
2259 2296 2385 2363 ordine

533 2453 713 2538 perbona
737 2445 1154 2534 combenientiaguadia
1179 2445 1244 2531 ipsi
1270 2445 1428 2512 iamdicti
1453 2445 1528 2513 thio
1551 2450 1587 2512 et
1612 2451 1755 2532 nepotes
1780 2447 1868 2514 mihi
1899 2447 2073 2517 dedorunt
2096 2456 2131 2517 et
2168 2450 2382 2520 mediatores
2469 2459 2472 2464 '

533 2604 621 2673 mihi
646 2605 841 2690 posuerunt
864 2619 901 2667 se
917 2603 1015 2687 ipsis3
1040 2605 1075 2668 et
1098 2617 1160 2685 per
1183 2599 1305 2668 eadem
1328 2598 1462 2684 guadia
1486 2599 1736 2687 obligaberunt
1758 2619 1794 2671 se
1818 2607 1854 2670 et
1884 2603 1958 2670 suis
1992 2603 2183 2688 enodibus,
2221 2606 2315 2691 quod
2352 2607 2382 2674 si

534 2759 661 2846 aliquit
684 2759 726 2825 de
748 2759 869 2826 omnia
891 2756 1135 2842 suprascripta
1160 2753 1246 2820 mihi
1272 2753 1326 2821 vel
1351 2753 1518 2822 iamdicto
1542 2753 1713 2823 hecclesie
1737 2757 1775 2823 in
1798 2774 1884 2842 pars
1907 2773 1978 2823 non
2007 2757 2255 2844 adimpleberit
2269 2810 2280 2848 ‚
2320 2779 2385 2848 per

535 2915 612 2999 ipsa
633 2909 768 3001 guadia
790 2909 1038 2998 obligaberunt
1061 2927 1098 2976 se
1124 2909 1191 2994 ipsi
1215 2909 1290 2976 thio
1313 2915 1349 2976 et
1371 2913 1514 2995 nepotes
1537 2911 1573 2975 et
1598 2908 1738 2976 illorum
1760 2908 1925 2977 eredibus
1949 2911 1993 2979 ad
2010 2913 2291 2997 componendum
2309 2915 2377 2982 mi·

535 3065 572 3133 hi
597 3065 652 3133 vel
676 3065 713 3132 in
739 3047 822 3150 pars
846 3062 1011 3132 iamdicte
1034 3061 1182 3130 ecclesie
1206 3059 1332 3143 biginti
1356 3061 1434 3129 auri
1460 3061 1561 3130 solidi
1587 3062 1791 3132 costantini.
1819 3069 2064 3132 verumtamen
2079 3064 2130 3132 ‘do
2146 3065 2239 3151 quod
2256 3067 2382 3134 amodo

536 3223 571 3287 et
594 3235 731 3304 semper
756 3216 815 3284 ille
839 3189 975 3285 eteius
999 3216 1120 3284 eredes
1145 3217 1183 3282 in
1207 3219 1280 3282 tota
1306 3217 1552 3301 suprascripta
1577 3218 1681 3283 rebus
1705 3215 1937 3284 seminaberit
1961 3235 2023 3302 per
2048 3220 2221 3303 tempum,
2239 3221 2390 3290 terrati-

536 3389 616 3439 cum
640 3370 684 3438 ad
710 3373 785 3484 ipso
809 3370 953 3436 rnissum
977 3344 1137 3435 nostrum
1159 3367 1246 3435 dare
1269 3367 1463 3435 secundum
1486 3371 1779 3438 consuetudinem
1803 3371 1846 3438 de
1870 3369 1945 3458 ipso
1970 3369 2097 3458 locum,
2115 3376 2150 3440 et
2169 3371 2243 3458 ipse
2260 3389 2383 3440 ursan-

505 3573 515 3588 .
536 3523 601 3595 dus
624 3528 660 3593 et
682 3529 805 3611 petrus
827 3523 951 3593 amodo
974 3525 1215 3609 apposuerunt
1237 3527 1275 3589 et
1296 3521 1551 3610 obligaberunt
1572 3541 1609 3591 se
1632 3529 1667 3592 et
1690 3524 1764 3591 suis
1781 3524 1946 3593 eredibus
1959 3527 2062 3593 nobis
2079 3531 2114 3594 et
2130 3527 2176 3594 ad
2194 3545 2278 3613 pars
2296 3527 2386 3596 iam·
2442 3511 2443 3514 ¹

536 3679 630 3748 dicte
654 3677 801 3746 ecclesio
824 3677 867 3747 ad
891 3676 1179 3762 pingnerandum
1204 3693 1325 3742 omncs
1349 3675 1528 3763 pingnera
1551 3680 1586 3744 et
1611 3695 1755 3745 causam
1783 3677 1923 3745 illorum
1950 3679 2109 3768 legitimo
2126 3685 2163 3749 et
2188 3682 2393 3768 inlegitimo

538 3851 600 3920 per
623 3831 864 3918 suprascripta
887 3831 1020 3916 guadia
1043 3837 1078 3897 et
1100 3831 1258 3917 obligata
1282 3848 1387 3915 pena,
1412 3829 1505 3914 quod
1528 3829 1654 3896 scribsi
1680 3848 1745 3916 ego
1768 3830 1930 3898 alderissi
1957 3837 2131 3902 notarius.

585 3958 616 4074 †
643 3988 720 4074 Ego
744 3984 943 4052 romoaldus
966 3983 1128 4051 notarius
1152 4001 1207 4050 me
1239 3981 1432 4067 subscripsi

587 4113 617 4229 †
647 4143 723 4226 Ego
746 4137 953 4206 smaracdus
978 4138 1135 4206 notarius
1159 4155 1213 4203 me
1236 4135 1442 4221 subscripsi.

1342 4721 1587 4804 CMLXI.

1322 4986 1377 5060 A.
1407 4988 1459 5060 D.
1490 4986 1621 5060 1040.

592 5209 626 5338 T
652 5245 691 5311 ln
715 5247 858 5312 nomine
882 5243 1015 5311 domini
1039 5246 1205 5313 bicesimo
1228 5245 1380 5313 secundo
1403 5265 1498 5314 anno
1522 5247 1742 5334 principatus
1765 5247 1884 5315 domni
1909 5247 2022 5317 nostri
2039 5248 2220 5336 guaimari
2237 5251 2389 5338 salerni,

545 5400 582 5465 et
606 5399 759 5466 secundo
784 5416 878 5468 anno
903 5397 1127 5485 principatus
1151 5398 1227 5466 eius
1251 5417 1363 5485 capue
1386 5403 1423 5467 et
1445 5399 1595 5467 ducatus
1608 5401 1685 5468 eius
1702 5401 1823 5470 amalfi
1839 5407 1875 5471 et
1891 5404 2112 5489 sirrentum')
2124 5403 2270 5494 gloriosi
2287 5407 2390 5492 prin·

589 5833 613 5917 ¹)
635 5841 761 5905 Potius:
787 5843 893 5922 primo
918 5860 1002 5904 anno
1025 5843 1163 5910 ducatus
1187 5843 1343 5906 Sirrenti.
