5408 7108
591 491 660 561 „2ss0
1224 489 1401 563 OODEX
1441 491 1709 566 onvnnsts

547 734 664 784 mensu
692 719 823 802 magi0,
849 717 1055 785 duodecima
1081 717 1287 786 indictione.
1307 724 1376 787 Nos
1394 720 1568 788 iohannes
1593 725 1724 790 domini
1745 725 1863 808 gratia
1882 727 2075 791 monachus
2091 727 2126 790 ct
2141 725 2251 791 abbas
2268 739 2400 789 mona·-

548 871 646 936 sterii
675 877 797 938 sancte
821 872 905 938 solie
930 871 1020 957 quod
1038 871 1242 940 edillcatum
1260 879 1312 941 est
1337 875 1433 941 intus
1449 878 1542 942 lianc
1559 875 1816 942 salernitanam
1835 875 2029 960 civitatem,
2046 882 2081 942 et
2099 875 2226 943 mulier
2244 875 2390 943 nomine

545 1043 684 1110 genuua
702 1025 776 1092 illia
795 1028 969 1110 quondam
996 1029 1158 1114 germani
1184 1029 1304 1095 comiti
1330 1035 1365 1096 et
1383 1029 1507 1096 relicta
1524 1029 1709 1116 guaiferii,
1727 1032 1857 1095 Tamen
1876 1048 1939 1114 ego
1957 1048 2098 1115 gemma
2114 1048 2194 1095 cum
2211 1030 2393 1098 boluntate

546 1179 739 1264 guaimarii
757 1181 877 1246 comiti
893 1183 1056 1266 germani
1071 1183 1106 1247 et
1121 1180 1303 1248 mundoalt
1320 1201 1448 1266 meum,
1466 1184 1501 1248 in
1517 1183 1618 1248 cuius
1637 1180 1821 1248 mundium
1835 1201 1927 1267 sum,
1942 1185 2032 1248 ,tute
2046 1183 2236 1266 subscripti
2252 1181 2395 1248 idoneos

545 1333 707 1398 homiues
732 1350 794 1416 per
818 1333 1069 1401 convenientia
1094 1331 1307 1401 tradidimus
1332 1332 1397 1401 tivi
1422 1335 1497 1400 ursi
1515 1335 1588 1401 tilio
1605 1334 1783 1420 quondam
1808 1334 1954 1402 iohanni
1971 1341 2005 1400 et
2021 1333 2111 1420 petri
2136 1318 2297 1419 capuano
2322 1333 2396 1400 filio
2430 1323 2432 1327 ’

550 1485 722 1568 quoddam
751 1484 834 1550 nibo
860 1485 983 1552 inolito
1008 1485 1138 1552 molino
1157 1488 1358 1572 pertinente
1377 1487 1490 1571 ipsius
1506 1487 1713 1552 monasterii
1730 1491 1765 1552 et
1784 1504 1969 1570 meumque
1988 1505 2125 1569 gemme
2142 1486 2233 1571 quod
2250 1459 2393 1551 edificass

545 1645 621 1702 tum
648 1643 700 1702 est
727 1638 762 1703 in
789 1637 895 1703 flabio
920 1638 1026 1723 lirae,
1051 1638 1125 1704 Tali
1153 1639 1281 1724 tinore,
1301 1645 1339 1705 ut
1357 1640 1481 1706 amodo
1506 1645 1541 1706 et
1564 1639 1647 1704 dum
1671 1640 1772 1705 vibus
1788 1637 1896 1705 suerit
1921 1640 1996 1724 ipse
2027 1657 2129 1705 ursus
2153 1645 2187 1706 et
2215 1641 2396 1704 hominem

544 1791 603 1874 qui
626 1789 672 1854 ibi
692 1791 844 1876 miserit,
871 1792 944 1876 ipse
972 1807 1074 1857 ursus
1100 1792 1209 1857 liceat
1236 1791 1333 1856 illum
1360 1795 1480 1858 tenere
1505 1795 1540 1857 et
1564 1809 1685 1866 omnes
1707 1809 1770 1902 sue
1793 1791 1990 1858 voluntatis
2020 1791 2065 1856 ibi
2092 1792 2207 1860 lacere
2232 1795 2267 1858 et
2291 1792 2398 1857 abere

548 1947 641 2010 iusta
667 1944 853 2027 rationenq
872 1945 951 2009 etsi
979 1943 1146 2009 molitura
1173 1943 1222 2008 vel
1250 1943 1381 2029 aliquit
1406 1944 1534 2011 ibidem
1558 1945 1664 2010 abere
1689 1944 1857 2027 potuerit,
1885 1947 1996 2010 totum
2016 1943 2095 2009 illut
2112 1944 2176 2010 sivi
2196 1945 2340 2028 abeant,
2365 1949 2400 2009 et

545 2097 601 2161 die
627 2101 803 2180 noctuque
829 2096 941 2180 ipsum
970 2095 1138 2162 molinum
1164 2098 1327 2162 nuncient
1354 2097 1466 2180 ipsum
1493 2113 1596 2162 ursus
1620 2103 1654 2160 et
1681 2095 1842 2181 vigilent,
1869 2102 1907 2162 ut
1931 2097 2090 2181 legitime
2116 2114 2305 2164 macenare
2324 2112 2401 2180 pos-

545 2255 638 2334 sant,
663 2255 698 2315 et
723 2249 751 2314 si
778 2269 839 2334 per
864 2247 968 2333 plena
993 2249 1131 2333 ruperit
1155 2269 1248 2332 aqam
1272 2249 1315 2316 de
1339 2249 1414 2333 ipso
1439 2249 1621 2332 molinum,
1642 2248 1694 2314 vel
1719 2245 1951 2332 serraturam,
1971 2255 2032 2314 aut
2056 2249 2184 2333 aliquit
2207 2250 2250 2316 de
2277 2250 2392 2333 ipsum

543 2405 712 2469 uvolinum
738 2421 920 2470 necessum
945 2405 1051 2472 suerit
1078 2406 1207 2470 ibidem
1234 2407 1424 2488 nunciare,
1450 2421 1514 2466 nos
1542 2403 1712 2468 suciamus
1741 2402 1821 2468 illut
1849 2405 2037 2484 cenciare,
2063 2411 2097 2469 et
2129 2405 2201 2487 ipso
2230 2421 2334 2470 ursus
2360 2413 2395 2470 et

545 2559 704 2622 homines
728 2559 787 2643 qui
815 2555 942 2623 ibidem
972 2558 1148 2643 miserint,
1179 2557 1348 2624 adiubent
1375 2558 1503 2624 ibidem
1531 2557 1574 2622 ad
1603 2560 1789 2640 cunctare,
1817 2560 1852 2621 et
1870 2555 1984 2639 ipsum
2013 2556 2206 2639 molinum,
2237 2557 2398 2639 qualiter

546 2713 656 2794 ipsius
691 2713 763 2777 ursi
789 2711 870 2778 illut
894 2712 1106 2780 tradidimus
1134 2713 1167 2779 in
1195 2719 1293 2798 parm
1318 2713 1465 2779 orientis
1489 2731 1567 2777 cum
1594 2711 1708 2776 redita
1732 2727 1796 2776 sua
1820 2714 1855 2776 et
1880 2727 1958 2773 cum
1986 2710 2058 2773 vice
2087 2709 2128 2774 de
2154 2709 2211 2774 via
2243 2727 2306 2775 sua
2345 2712 2401 2775 in·

545 2865 666 2930 clitum
695 2864 774 2931 illut
799 2865 936 2932 salbum
962 2867 1095 2950 saeiat3
1121 2875 1156 2933 et
1179 2867 1320 2950 quaudo
1339 2864 1426 2931 mole
1446 2865 1573 2930 ibidem
1599 2881 1780 2930 necessum
1800 2863 1920 2948 luerit,
1939 2862 2012 2947 ipse
2031 2880 2133 2926 ursus
2152 2863 2314 2930 inveniat
2331 2864 2397 2931 ibi-

544 3017 619 3082 dem
649 3018 735 3083 urole
760 3019 847 3084 bone
871 3023 906 3084 et
930 3037 991 3086 nos
1015 3021 1137 3084 demus
1161 3019 1192 3083 ei
1220 3017 1386 3102 pretium,
1414 3019 1506 3084 unde
1535 3018 1659 3083 tollant
1686 3019 1758 3102 ipse
1783 3015 1884 3100 mole,
1910 3020 1946 3082 et
1979 3018 2051 3102 ipsc
2078 3034 2180 3081 ursus
2208 3019 2279 3102 ipse
2306 3017 2398 3083 mole

548 3169 646 3238 tollat
670 3175 703 3236 et
730 3170 855 3236 ibidem
885 3174 956 3256 ipse
983 3173 1071 3236 mole
1098 3177 1218 3257 ponat,
1245 3176 1279 3238 et
1304 3171 1393 3237 mole
1417 3170 1527 3238 boteri
1555 3190 1623 3257 quo
1651 3171 1781 3238 ibidem
1807 3171 1927 3255 suerit,
1947 3172 2046 3236 nobis
2065 3171 2263 3256 assignent,
2282 3183 2316 3235 et
2335 3189 2396 3254 per

544 3301 663 3392 (rennos
689 3347 824 3392 luellsvs
848 3327 955 3392 eluant
981 3328 1078 3392 uobis
1105 3329 1178 3411 ipse
1206 3345 1311 3392 tusus
1337 3344 1399 3411 per
1425 3326 1502 3412 ipsa
1530 3325 1710 3411 molitura,
1735 3325 1889 3411 qualiter
1914 3325 2000 3392 dant
2025 3325 2135 3392 alium
2162 3323 2332 3388 melinum
2357 3323 2400 3392 de

546 3481 757 3547 monasterio
789 3485 902 3548 sancti
930 3485 1020 3567 petri
1048 3488 1082 3546 ot
1106 3483 1223 3549 sancti
1253 3482 1400 3548 iohanni
1426 3488 1460 3549 et
1486 3481 1526 3548 de
1551 3485 1675 3549 sancta
1700 3483 1912 3567 gerusalem,
1937 3481 1994 3564 qui
2024 3484 2062 3544 ut
2089 3479 2199 3562 ipsum
2228 3478 2397 3545 molinum

542 3639 655 3703 sancti
687 3637 853 3704 iulrannis
878 3637 1082 3703 edificatum
1109 3641 1143 3702 ot
1170 3638 1400 3730 eluriunctum
1427 3634 1602 3718 adipsum
1628 3631 1800 3696 rnolinum
1825 3636 1982 3694 nostrum
2012 3649 2045 3694 in
2069 3637 2168 3714 purte
2187 3631 2393 3714 occulentiS,

541 3797 576 3856 et
604 3789 714 3875 ipsum
744 3809 847 3856 ursus
872 3811 933 3874 per
958 3807 1078 3856 omnes
1106 3807 1241 3854 menses
1260 3789 1309 3855 sic
1330 3787 1437 3852 deaut
1464 3789 1564 3850 nolis
1588 3792 1623 3850 et
1648 3783 1853 3850 admissum
1879 3767 2036 3848 nostrum
2065 3801 2126 3867 pro
2153 3787 2228 3866 ipsa
2255 3785 2397 3850 molitu·

543 3963 594 4026 ra,
621 3943 791 4026 qvvornudo
817 3944 930 4027 ipsum
957 3943 1126 4009 molinum
1153 3943 1270 4009 sancti
1298 3942 1444 4007 iolranni
1470 3940 1559 4006 dant
1583 3939 1624 4005 ad
1653 3939 1765 4023 ipsum
1793 3938 2044 4004 monasterium
2072 3945 2231 4006 sanctam
2263 3942 2398 4008 ierusa-

547 4097 637 4178 lem,
663 4101 698 4162 et
721 4113 859 4179 senqaer
892 4096 929 4161 in
954 4114 1060 4180 pasca
1085 4094 1297 4162 resurrectio
1321 4093 1453 4159 domini
1479 4097 1514 4158 et
1539 4092 1575 4156 in
1601 4094 1771 4158 nativitas
1802 4091 1932 4157 dormui
1963 4097 1997 4158 et
2027 4096 2149 4158 sancto
2175 4093 2259 4159 sosse
2283 4092 2393 4159 deant

543 4251 645 4316 uubis
671 4269 741 4316 ana
766 4249 900 4336 singuli
926 4253 995 4318 tari
1021 4269 1083 4336 per
1109 4249 1183 4334 ipse
1208 4249 1421 4331 festivitatis
1439 4253 1474 4315 et
1491 4247 1773 4334 quinquagintus
1801 4249 1948 4315 sealdati
1980 4249 2060 4313 boui
2092 4250 2200 4316 deant
2225 4251 2327 4316 nobis
2355 4251 2393 4315 in

543 4403 702 4490 predicta
727 4402 900 4470 nativitas
925 4403 1057 4470 domini
1085 4407 1120 4470 ut
1145 4405 1180 4467 in
1211 4404 1286 4487 ipsa
1313 4402 1523 4466 resurreetio
1548 4401 1695 4486 tietuini,
1721 4424 1740 4467 u
1759 4401 1814 4465 dio
1839 4402 1983 4466 lrobitus
2009 4402 2120 4485 ipsius
2141 4401 2213 4466 ursi
2232 4400 2397 4486 assignet

546 4559 646 4622 nobis
673 4555 793 4624 eredes
818 4557 928 4640 ipsius
955 4558 1026 4622 ursi
1053 4561 1088 4622 el
1112 4553 1271 4622 homines
1294 4554 1354 4638 qui
1380 4553 1508 4618 ibidem
1536 4552 1722 4638 miserint,
1748 4552 1933 4638 assignent
1958 4553 2060 4618 uobis
2086 4555 2199 4638 ipsum
2226 4553 2395 4619 molinum

545 4709 743 4775 conciatum
770 4708 899 4772 bonum
924 4725 1003 4772 cum
1031 4706 1120 4772 mole
1144 4713 1179 4773 et
1204 4707 1383 4774 ferratura
1407 4725 1472 4772 sua
1496 4711 1531 4772 ol
1555 4706 1648 4788 omni
1676 4725 1740 4773 sua
1766 4707 1997 4790 pertinentia,
2022 4709 2161 4774 etcum
2189 4709 2303 4775 redita
2327 4727 2392 4775 sua

549 4863 744 4930 conciatum
771 4863 914 4946 bonum,
941 4863 1098 4948 qualiter
1125 4861 1295 4927 meruerit
1310 4881 1319 4944 3
1345 4867 1380 4926 et
1403 4859 1545 4945 quando
1569 4878 1632 4944 pro
1657 4859 1821 4926 conciare
1847 4861 1923 4944 ipsa
1948 4860 2139 4928 serraturia
2162 4867 2197 4928 et
2215 4862 2399 4933 arcaturia

549 5017 590 5082 de
616 5017 729 5101 ipsum
754 5015 924 5080 melinum
948 5021 983 5081 et
1008 5027 1071 5081 aut
1096 5031 1157 5098 pro
1182 5021 1288 5099 gente
1317 5011 1459 5098 puplica
1487 5015 1619 5100 lroperu
1648 5013 1842 5099 perdiderit
1872 5013 1984 5099 ipsum
2011 5014 2195 5101 molinum,
2221 5018 2397 5086 iaciamus

547 5175 576 5238 ei
606 5171 724 5237 miuus
748 5169 791 5236 do
815 5171 891 5254 ipsa
921 5168 1116 5254 molitura,
1140 5167 1294 5253 qualiter
1322 5168 1408 5235 lacit
1438 5171 1551 5253 ipsum
1582 5167 1835 5236 monasterium
1863 5168 1977 5234 sancti
2010 5169 2178 5236 iohannis
2207 5171 2251 5237 ad
2281 5174 2396 5256 ipsum

546 5345 647 5394 suum
673 5325 858 5392 molinum.
883 5324 982 5392 Unde
1008 5323 1045 5389 in
1070 5340 1110 5389 eo
1133 5325 1248 5391 tinore
1280 5339 1342 5406 per
1370 5321 1655 5392 convenientiam
1687 5321 1821 5408 guadio
1850 5321 1950 5388 nobis
1979 5320 2075 5390 dedit
2105 5323 2178 5407 ipse
2206 5343 2339 5410 ursus,
2366 5329 2401 5392 et

544 5477 773 5547 mediatorem
799 5478 899 5545 nobis
924 5480 1041 5564 posuit
1065 5496 1192 5545 manus
1217 5475 1435 5544 atrianensis
1456 5475 1551 5545 filius
1568 5476 1745 5562 quondam
1763 5477 1882 5544 comiti
1903 5478 2065 5563 iohanni3
2084 5484 2120 5548 et
2136 5497 2197 5566 per
2215 5480 2294 5567 ipsa
2310 5499 2399 5567 gua-

546 5635 604 5702 dia
621 5633 794 5720 obligavit
819 5635 946 5720 seipse
974 5651 1078 5698 ursus
1095 5639 1128 5699 ot
1145 5649 1225 5697 suos
1249 5631 1383 5717 eredes
1404 5637 1442 5698 ut
1459 5633 1487 5696 si
1506 5632 1625 5700 omnia
1649 5635 1894 5718 suprascripta
1922 5635 2022 5701 nobis
2045 5639 2080 5702 et
2104 5635 2148 5702 ad
2174 5653 2257 5720 pars
2282 5635 2397 5721 ipsius

546 5789 767 5872 monasterii,
792 5794 828 5856 et
851 5789 908 5856 cui
935 5788 1077 5855 brebem
1103 5786 1209 5854 istum
1236 5787 1271 5852 in
1299 5803 1404 5852 manu
1430 5787 1605 5873 paruerit,
1632 5807 1701 5854 uon
1724 5789 1973 5874 adimpleberit
1996 5797 2032 5858 et
2055 5791 2187 5876 aliquit
2211 5791 2292 5858 inde
2318 5807 2398 5857 con-
