5408 7108
1021 455 1436 534 DIPLOMATIGUS
2025 459 2090 533 rut

302 688 496 758 bolumtate
518 691 666 757 istorum
679 689 816 755 viribus
840 689 875 754 ot
890 687 1093 756 mundoaidi
1110 688 1236 772 nostri,
1253 688 1288 753 et
1304 683 1371 752 due
1384 683 1517 754 cartule
1535 685 1642 752 unius
1657 685 1804 769 tenoris²
1820 681 1971 769 quarum
1985 701 2053 752 aue
2071 684 2136 750 tibi

304 845 498 928 emisimus,
515 849 551 910 et
567 841 717 910 alteram
742 838 850 908 talem
873 845 962 926 aput
979 858 1042 906 nos
1058 838 1140 906 inde
1163 840 1296 925 scripta
1311 840 1517 921 retinemus,
1535 838 1884 924 petrum'notariurn
1909 837 2064 904 scribere
2087 853 2144 903 ro·

302 997 481 1083 gavimus.
1034 973 1039 980 ⁶

350 1121 381 1236 †
405 1167 471 1237 ego
494 1153 554 1238 qui
579 1167 690 1236 supra
713 1150 882 1237 grimoalt
904 1169 1019 1219 comes
1041 1157 1077 1218 et
1102 1149 1221 1218 iudex.

1006 1433 1479 1446 m

1089 1792 1378 1874 CMXCIII.

1079 2093 1137 2167 A.
1164 2093 1219 2166 D.
1249 2090 1379 2165 1042.
1444 2127 1446 2130 ·

353 2378 601 2444 summanum
619 2400 626 2444 :

351 2477 386 2615 †
412 2531 515 2596 Auno
537 2531 704 2598 vicesimo
738 2533 864 2615 quarto
899 2529 1127 2615 Principatus
1143 2532 1354 2618 Guaimarii,
1369 2535 1405 2598 et
1421 2534 1549 2616 quarto
1573 2533 1799 2616 Principatus
1822 2535 1900 2598 eius
1924 2533 2075 2620 Capuae,
2101 2521 2146 2602 et'·

306 2706 324 2746 «
355 2684 458 2751 tertio
480 2685 638 2752 Ducatus
662 2682 873 2768 Amaiphiae
888 2644 924 2748 et
939 2683 1101 2770 Sirrenti,
1119 2687 1154 2752 ct
1170 2686 1283 2770 primo
1307 2701 1403 2754 anno
1426 2683 1585 2770 Gisuiphi
1602 2683 1667 2750 filii
1685 2687 1776 2771 eiuS,
1793 2703 1912 2754 mense
1929 2686 2057 2773 Aprili,
2085 2687 2146 2786 dc·

306 2857 324 2898 c
350 2837 439 2902 cima
463 2835 671 2902 indictione.

352 3011 371 3055 ‹
397 2987 598 3056 infantulus
620 2993 763 3054 nornine
790 3035 799 3053 .
828 3038 835 3054 .
865 3037 872 3053 .
900 3037 908 3054 .
934 2991 970 3054 et
992 2990 1093 3057 Grisa
1116 2991 1231 3057 mater
1253 2988 1331 3058 eius
1354 2989 1428 3059 iilia
1451 2992 1626 3078 madelmi,
1644 2993 1788 3060 obtenta
1811 2937 1958 3062 licentia
1974 2993 2070 3060 Petri
2096 2995 2149 3060 iu-

288 3163 326 3204 ·«
353 3141 456 3227 dicis,
482 3142 640 3212 rendunt
663 3143 882 3211 Machenoiio
905 3144 978 3212 illio
1001 3143 1208 3212 Machenolfi
1221 3193 1231 3231 ,
1254 3123 1364 3212 causa
1389 3143 1614 3232 valetudinis,
1639 3145 1742 3214 samis
1758 3150 1793 3214 ct
1810 3145 1998 3230 nuditatis,
2013 3151 2146 3216 terram

307 3319 324 3359 a
355 3298 392 3363 in
415 3294 489 3363 loeo
513 3296 696 3386 Ftoccano,
721 3300 779 3365 ubi
804 3299 852 3364 ad
873 3301 1035 3368 Maurici
1057 3299 1199 3366 dicitur.

349 3474 368 3518 u
392 3450 567 3518 Iohannes
590 3453 751 3519 notarius
774 3453 868 3520 hanc
891 3453 1053 3538 chartam
1077 3451 1244 3520 exaravit
1267 3452 1453 3519 Nuceriae.

347 3625 366 3667 «
390 3603 529 3672 Adsunt
552 3569 824 3688 subscriptiones
848 3606 1018 3674 testium:

349 3726 478 3842 †Ego
501 3774 563 3842 qur
586 3772 696 3841 supra
718 3755 846 3822 Petrus
890 3855 895 3864 ι

350 3881 381 3997 †
405 3910 479 3998 ligo
501 3909 739 3980 Guandelseri.

1076 4551 1369 4635 quorv.
1391 4517 1394 4524 ’

1078 4848 1135 4922 Α.
1163 4849 1217 4923 D.
1246 4847 1377 4924 1042.

351 5085 387 5224 †
411 5139 450 5203 ln
474 5139 616 5205 nomine
638 5137 771 5206 domini
795 5137 959 5204 vicesimo
981 5143 1109 5223 quarto
1132 5155 1226 5205 anno
1250 5139 1470 5225 principatus
1493 5138 1612 5205 domni
1637 5139 1749 5206 nostri
1781 5139 1959 5226 guaimari
1992 5139 2141 5226 salerni,

302 5293 339 5358 et
359 5293 487 5376 quarto
510 5307 605 5357 anno
628 5291 849 5376 principatus
872 5292 950 5358 eius
973 5308 1098 5376 capue,
1115 5292 1151 5358 et
1166 5293 1273 5360 tertio
1295 5307 1391 5359 auno
1414 5291 1565 5359 ducatus
1585 5293 1663 5360 eius
1685 5290 1807 5360 amalfi
1833 5285 2044 5368 et'sirreuti‚
2069 5291 2146 5378 glo·

303 5441 396 5508 rioso
418 5443 592 5527 principe,
616 5458 737 5508 meuse
763 5487 772 5506 .
804 5493 811 5508 .
840 5493 847 5508 .
874 5493 881 5509 .
912 5491 920 5508 .
946 5441 1081 5511 decima
1107 5443 1311 5510 indictione.
1340 5449 1408 5513 Nos
1434 5446 1526 5512 maio
1549 5443 1644 5513 iilius
1666 5445 1773 5534 disigi
1791 5451 1827 5514 et
1849 5445 1978 5512 mulier
2002 5446 2146 5513 nomine

307 5593 483 5664 rodelaita
505 5594 581 5664 filia
604 5595 714 5664 aliani
738 5593 781 5663 de
803 5595 877 5663 loco
902 5596 1101 5664 trasboneie
1124 5595 1369 5664 clarefecimus
1404 5599 1510 5666 abere
1534 5615 1608 5665 una
1642 5601 1742 5684 pecia
1764 5599 1807 5666 do
1831 5601 2031 5666 terrarum
2056 5599 2145 5664 insi·

304 5753 416 5819 tetum
433 5751 471 5816 iri
498 5749 572 5843 ipso
596 5747 710 5815 iocum
734 5749 921 5817 traboueia
943 5748 988 5816 ad
1013 5750 1087 5834 ipse
1112 5765 1199 5815 vene
1225 5749 1459 5835 pertinentem
1483 5751 1591 5818 michi
1618 5749 1758 5819 mulieri
1782 5769 1843 5838 per
1861 5753 2093 5827 successione,
2111 5755 2148 5820 et
