5402 7088
626 459 671 530 m
1267 455 1441 529 cooax
1475 455 1736 560 onvuusrs

581 679 643 750 dia
668 681 846 770 obligauit
870 701 908 753 se
930 699 1082 770 suosque
1104 679 1196 751 tilios
1220 685 1255 750 et
1278 678 1428 766 eredes,
1452 679 1517 751 tali
1541 679 1692 768 ordine,
1716 683 1757 748 ut
1780 679 1904 751 amodo
1926 684 2097 768 eiusque
2132 679 2319 750 duodecim
2341 682 2431 752 anni

579 832 744 921 completi
771 833 816 903 ad
841 854 907 906 sua
930 839 967 904 et
989 833 1032 902 dc
1056 834 1131 901 suis
1153 833 1319 904 eredibus
1341 831 1390 902 sit
1412 835 1584 919 potestate
1607 850 1666 902 eos
1689 833 1881 902 tenendum
1904 837 1942 902 et
1963 831 2248 922 dominandum,
2271 837 2308 903 et
2329 835 2431 906 fobee

583 991 620 1056 et
645 988 762 1058 omnis
785 1007 848 1059 sue
872 991 1041 1062 utilitatis
1063 992 1158 1062 iusta
1180 991 1357 1060 rationem
1380 986 1512 1057 ibidem
1536 986 1699 1074 iaciant,
1723 991 1759 1056 et
1781 989 1896 1055 toturn
1913 1004 1972 1055 eos
1987 991 2221 1074 pastenarent
2235 988 2434 1060 abellanie·
2499 1045 2503 1054 .

579 1147 669 1230 tum,
694 1143 785 1213 sicut
807 1144 992 1230 meruerit,
1011 1147 1048 1212 et
1063 1148 1197 1230 quante
1221 1141 1384 1212 abellane
1408 1139 1538 1210 ibidem
1564 1139 1779 1210 collexerint
1802 1139 1927 1209 amodo
1950 1144 1988 1210 et
2011 1161 2124 1229 usque
2139 1145 2218 1211 octo
2234 1142 2323 1213 anni
2337 1159 2430 1212 com·

580 1295 681 1383 ploti,
704 1298 816 1364 totum
838 1313 902 1364 sue
925 1293 999 1363 sint
1022 1283 1210 1383 potestdtis
1233 1297 1269 1362 et
1291 1293 1428 1362 nullam
1451 1292 1644 1362 sortionem
1668 1293 1751 1363 inde
1775 1295 1864 1363 mihi
1888 1293 1943 1364 vel
1966 1295 2014 1364 ad
2037 1313 2121 1382 pars
2145 1294 2260 1383 ipsius
2275 1294 2422 1366 ecclesie

583 1447 707 1534 deant3
732 1447 778 1515 ad
801 1413 967 1536 completi
987 1451 1110 1520 autem
1136 1445 1204 1532 ipsi
1228 1448 1305 1513 octo
1329 1444 1418 1514 anni
1434 1447 1596 1514 inantea
1621 1463 1732 1533 usque
1755 1449 1927 1534 quattuor
1951 1446 2040 1516 anni
2055 1445 2235 1534 completi,
2252 1452 2292 1516 ut
2307 1445 2432 1516 amodo

582 1615 618 1667 se
645 1596 848 1684 compleant
871 1598 939 1685 ipsi
962 1595 1148 1664 duodecim
1172 1596 1275 1682 anni,
1299 1599 1432 1681 quante
1455 1596 1616 1665 abelleno
1639 1596 1726 1666 inde
1745 1596 1972 1685 collexerint,
1996 1598 2142 1667 tertiam
2164 1602 2267 1686 parte
2290 1598 2333 1668 de
2356 1599 2432 1688 ipse

556 1773 560 1782 ’
585 1749 750 1819 abellane
774 1750 881 1819 secke
904 1749 1013 1818 deant
1036 1746 1123 1814 mihi
1149 1747 1204 1814 vel
1227 1747 1273 1817 ad
1296 1746 1518 1858 parsipsius
1540 1749 1687 1819 ecclesie
1709 1761 1747 1820 et
1768 1753 1837 1820 due
1860 1754 1968 1822 sortis
1992 1751 2073 1820 illut
2097 1752 2165 1820 sivi
2200 1754 2345 1838 abeant3
2381 1753 2427 1823 ad

582 1901 747 1989 completi
774 1906 895 1971 autem
919 1900 989 1989 ipsi
1011 1901 1195 1969 duodecim
1219 1902 1307 1969 anni
1330 1897 1400 1969 ille'
1414 1905 1535 1969 autem
1558 1906 1594 1970 et
1616 1903 1691 1970 suis
1713 1903 1878 1990 eredibus
1901 1905 2034 1974 abeant
2058 1905 2097 1971 in
2120 1908 2194 1973 tota
2219 1906 2298 1991 ipsa
2330 1907 2429 1975 terra

583 2053 844 2158 abellanietnm
863 2056 1010 2140 factum,
1035 2057 1221 2141 operatum
1244 2056 1280 2121 et
1304 2052 1492 2140 collatum,
1516 2053 1609 2122 sicut
1631 2054 1675 2122 de
1697 2057 1816 2122 tantos
1838 2071 1950 2122 annos
1973 2053 2070 2121 locus
2087 2055 2162 2140 ipse
2178 2057 2363 2144 meruerit,
2386 2057 2428 2125 ut

583 2207 677 2275 bene
699 2209 827 2294 pareat
850 2207 972 2292 factu,
997 2209 1034 2274 et
1060 2203 1131 2273 iarn
1155 2206 1251 2272 omni
1275 2209 1445 2292 tempore,
1470 2205 1554 2273 dum
1579 2206 1639 2274 ille
1662 2211 1699 2274 et
1721 2207 1795 2274 suis
1819 2205 1983 2274 eredibus
2002 2204 2084 2274 illut
2100 2211 2221 2277 tenere
2237 2205 2433 2296 boluerint,
2517 2291 2520 2296 .

582 2363 697 2428 totum
722 2378 785 2427 sue
808 2359 883 2426 sint
907 2360 1093 2446 potestatis
1116 2375 1175 2427 eos
1198 2359 1390 2425 tenendum
1412 2364 1448 2426 et
1471 2359 1740 2446 dominandum,
1764 2366 1799 2429 et
1822 2362 1921 2430 fobee
1954 2366 1991 2430 et
2024 2362 2140 2428 omnis
2175 2380 2238 2429 sue
2261 2360 2437 2432 utilitatis

582 2517 679 2584 iusta
704 2518 894 2600 rationem,
911 2518 947 2583 et
963 2518 1076 2581 totum
1100 2514 1176 2599 ipso
1199 2511 1454 2580 abellanietum
1479 2513 1573 2598 aptis
1595 2514 1813 2600 temporibus
1835 2511 1909 2579 suis
1933 2511 2015 2580 illut
2039 2513 2244 2582 laborarent
2267 2517 2303 2580 et
2318 2512 2431 2582 culta-

491 2759 495 2764 ·
583 2672 679 2755 rent,
704 2670 799 2737 sicut
822 2671 1020 2752 meruerit,
1043 2671 1080 2735 et
1102 2669 1236 2751 quante
1258 2663 1422 2734 abellane
1445 2667 1650 2736 annualiter
1672 2668 1754 2737 inde
1776 2666 1974 2752 collexerit,
2006 2668 2153 2735 tertiam
2175 2672 2314 2756 partem
2338 2667 2428 2735 mibi

582 2819 640 2886 vel
663 2819 708 2886 ad
731 2838 817 2906 pars
842 2819 955 2906 ipsius
978 2817 1126 2886 ecclesie
1150 2819 1269 2905 secke,
1293 2823 1330 2886 et
1352 2818 1421 2884 due
1443 2820 1549 2887 sortis
1571 2819 1652 2888 illut
1675 2821 1743 2888 sivi
1768 2823 1925 2906 abeant,
1949 2825 1985 2887 et
2007 2819 2100 2906 quod
2124 2819 2256 2887 ibidem
2272 2819 2429 2890 semina·

583 2970 713 3058 berint,
730 2970 839 3040 deant
855 2971 938 3040 inde
961 2972 1062 3039 nobis
1085 2972 1141 3038 vel
1158 2971 1203 3039 ad
1221 2989 1304 3058 pars
1328 2970 1440 3056 ipsius
1463 2972 1610 3040 ecclesie
1626 2972 1833 3040 annualiter
1849 2972 2058 3040 terraticum
2073 2971 2268 3040 secundum
2287 2989 2434 3043 consue-

581 3123 740 3192 tudinem
764 3124 807 3193 de
830 3123 906 3212 ipso
928 3125 1055 3193 locum.
1081 3124 1128 3191 Et
1152 3123 1257 3209 quale
1280 3127 1438 3208 tempore
1461 3122 1507 3190 da
1531 3123 1598 3207 ipsi
1623 3121 1807 3190 duodecim
1830 3123 1919 3191 anni
1944 3123 1983 3189 in
2007 3127 2115 3192 antea
2137 3123 2213 3211 ipso
2235 3123 2430 3195 abellanie·

580 3285 657 3347 tum
679 3251 802 3347 tenere
823 3283 861 3347 et
887 3279 1050 3347 laborare
1074 3296 1146 3345 non
1170 3277 1366 3364 boluerint,
1393 3275 1558 3346 inclitum
1582 3277 1663 3345 illut
1686 3275 1897 3363 laboratum,
1917 3281 1954 3344 et
1968 3277 2120 3366 cultata,
2138 3282 2174 3346 et
2189 3277 2431 3378 clusuuremit-

583 3435 664 3498 tant
688 3430 733 3500 ad
757 3433 928 3517 potestate
951 3430 1065 3516 ipsius
1087 3429 1245 3497 ecclesie.
1274 3427 1371 3504 Quod
1395 3430 1425 3496 si
1450 3427 1573 3498 taliter
1595 3433 1648 3497 etc
1662 3451 1677 3534 :¹
1707 3431 1876 3515 Sequitur
1897 3435 2064 3500 consueto
2086 3433 2273 3518 formula,
2297 3433 2435 3498 statuta

583 3585 719 3654 maleta
742 3585 874 3670 cipiati
897 3581 1093 3652 solidorum
1115 3599 1311 3649 aureorum
1336 3580 1576 3650 Constantini.
1600 3584 1636 3647 et
1659 3597 1728 3647 unc
1752 3583 1894 3648 brebem
1917 3581 2044 3668 scripsi
2064 3600 2129 3670 ego
2148 3581 2349 3651 romoaldus
2366 3599 2430 3650 no·

584 3734 700 3804 tarius
722 3736 784 3823 qui
811 3735 974 3822 interiui3
1000 3738 1246 3804 berumtamen
1270 3739 1306 3800 et
1329 3751 1369 3799 oc
1392 3748 1641 3818 memoramus
1665 3729 1753 3818 quia
1777 3749 1839 3818 per
1863 3694 2033 3820 tempore,
2059 3735 2200 3820 quando
2225 3734 2358 3804 ibidem
2381 3735 2436 3803 di·

588 3885 790 3954 rexerimus
811 3885 960 3954 missum
984 3887 1030 3955 ad
1053 3886 1298 3973 recipiendum
1324 3885 1406 3972 ipsa
1427 3884 1583 3954 sortione
1606 3885 1649 3954 de
1672 3886 1748 3974 ipse
1771 3885 1953 3955 abellane
1969 3933 2314 3955 ..........
2354 3887 2434 3956 illut

586 4037 725 4104 notrire
748 4036 942 4105 secundum
965 4055 1031 4109 sua
1054 4015 1342 4125 possivilitatem,
1366 4040 1401 4106 et
1423 4054 1490 4125 ego
1512 4035 1675 4126 superius
1699 4037 1815 4108 dictus
1838 4037 2037 4110 romoaldus
2060 4040 2226 4111 notarius
2241 4039 2434 4109 subiunsit.
2477 4141 2481 4148 Ι

632 4163 663 4278 Ἰ’
689 4191 764 4278 Ego
787 4191 940 4262 arechisi
965 4191 1128 4263 notarius
1151 4213 1207 4264 me
1231 4194 1423 4282 subscripsi

633 4315 664 4432 †
691 4344 766 4432 Ego
788 4343 949 4416 ademari
973 4345 1137 4415 notarius
1160 4363 1215 4414 mc
1238 4343 1445 4432 subscripsi.

1281 4639 1701 4649 m

1290 5030 1717 5128 DCCCLXXIX.

1359 5299 1416 5371 Α.
1445 5297 1662 5390 muoso.
1797 5371 1803 5378 .

632 5531 668 5672 †
692 5584 733 5650 ln
756 5587 898 5654 nomine
922 5585 1056 5653 domini
1084 5583 1390 5671 septimodecimo
1421 5601 1515 5652 anno
1547 5583 1773 5671 principatus
1796 5584 1915 5652 domni
1940 5587 2050 5686 nostri
2075 5588 2267 5658 wuaimari
2290 5589 2436 5677 gloriosi

584 5737 761 5825 principis
785 5739 858 5807 tilio
881 5738 1058 5826 quondam
1083 5737 1202 5806 domni
1225 5737 1391 5806 waimari
1415 5738 1605 5825 principis,
1632 5757 1751 5808 mense
1775 5742 1982 5829 november,
2000 5717 2110 5812 tertia
2136 5741 2342 5814 indictione.
2368 5763 2441 5817 me-
