5456 7096
549 504 551 510 ’
590 500 661 574 tro
1241 497 1415 572 cobhx
1448 499 1713 574 cnvuhsts

541 721 598 790 bis
620 721 705 791 Indo
729 722 783 792 vel
807 721 938 792 exinde
961 724 1186 810 preponeret,
1211 725 1275 792 aut
1291 724 1462 792 ‘amittere
1484 723 1720 812 quesierimus
1741 744 1804 814 per
1827 726 1987 814 qualibet
2008 725 2121 794 modis
2144 723 2199 796 vet
2222 725 2388 812 Ingenio,

547 875 674 962 primis
696 875 859 944 omnium
883 877 1022 972 questio
1045 879 1082 944 et
1106 874 1267 944 causatio
1288 877 1412 944 nostra
1434 880 1471 944 et
1493 875 1537 943 de
1558 876 1691 945 nostris
1713 877 1904 946 heredibus
1940 877 2051 945 modis
2075 877 2240 944 omnibus
2264 875 2392 946 adber—
2470 904 2474 918 ·

545 1045 607 1098 sus
630 1046 693 1097 vos
714 1029 798 1097 inde
818 1027 926 1096 taciti
950 1031 987 1096 et
1011 1028 1116 1097 baoui
1146 1042 1404 1114 remaneamus,
1417 1030 1454 1096 et
1469 1026 1514 1095 ad
1530 1028 1816 1114 compositionem
1839 1029 1975 1096 siamus
2000 1045 2064 1095 nos
2085 1027 2288 1114 nostrisque
2305 1027 2393 1096 tiliis

545 1183 583 1249 et
605 1179 799 1250 heredibus
823 1179 973 1267 obligati
997 1180 1243 1266 unusquisque
1266 1178 1310 1248 ad
1333 1180 1610 1266 componendum
1633 1182 1731 1249 vobis
1754 1181 1846 1249 alais
1869 1184 1905 1249 et
1927 1180 2073 1251 adeltcri
2105 1181 2308 1267 comitibus,
2333 1199 2391 1250 re-

546 1333 706 1420 strisque
729 1333 815 1400 filiis
837 1337 873 1401 et
895 1331 1102 1410 heredibus,
1128 1331 1394 1418 quinquaginta
1417 1333 1538 1399 haurii
1561 1330 1661 1399 solidi
1685 1334 1906 1401 constantini
1929 1335 1967 1400 et
1988 1351 2056 1419 que
2079 1350 2188 1419 supra
2210 1351 2274 1420 per
2299 1334 2393 1402 inbi-

545 1485 594 1554 tis
618 1485 716 1594 vobis
741 1483 939 1571 vestrisque
962 1481 1048 1551 filiis
1073 1488 1109 1551 et
1133 1482 1300 1551 enodibus
1324 1482 1581 1570 adimpleamus
1602 1487 1638 1552 et
1662 1484 1804 1554 cartula
1827 1485 1898 1554 ista
1913 1484 2125 1553 binditionis
2141 1485 2180 1553 in
2196 1485 2396 1573 suprascri-

546 1641 607 1724 pta
630 1637 775 1706 ratione
798 1635 895 1703 omni
920 1640 1079 1723 tempore
1102 1637 1150 1705 sit
1173 1636 1306 1722 firma,
1330 1654 1437 1723 quam
1462 1639 1498 1704 te
1522 1653 1605 1704 urso
1629 1635 1803 1722 presbiter
1826 1641 1862 1706 ct
1884 1637 2049 1706 notarius
2072 1638 2227 1707 scrihere
2251 1639 2394 1725 rogabi-

544 1809 624 1862 mus
649 1791 747 1859 intus
772 1789 887 1858 locum
911 1791 1069 1858 truncito
1093 1789 1224 1856 finibus
1247 1788 1431 1875 campanie
1454 1788 1516 1874 qui
1540 1789 1717 1856 interfuit.

594 1915 625 2032 †
650 1961 715 2030 ego
739 1941 898 2011 iohanne
920 1941 1098 2026 presbiter
1122 1957 1164 2006 uc
1189 1957 1244 2008 me
1267 1938 1382 2007 recolo
1404 1957 1479 2008 esse

596 2069 626 2185 †
652 2112 719 2181 ego
742 2093 859 2182 pando
882 2079 1071 2180 presbiter.

1319 2800 1616 2884 CMLXIX·

1324 3127 1381 3202 A.
1409 3127 1465 3200 D.
1492 3125 1618 3202 1041.

596 3366 632 3505 †
651 3417 692 3486 In
710 3417 854 3484 nomine
871 3414 1004 3485 domini
1021 3413 1200 3482 vicesimo
1215 3413 1324 3481 tertio
1338 3429 1434 3482 anne
1448 3413 1671 3502 principatus
1684 3411 1818 3484 salerni
1833 3411 1953 3484 domni
1969 3413 2081 3482 nostri
2097 3413 2296 3482 Guaimarii
2319 3414 2394 3501 glo-

548 3571 644 3639 rioso
667 3567 843 3656 principe,
867 3573 904 3636 et
929 3566 1039 3636 tertio
1065 3582 1160 3636 anno
1184 3567 1407 3652 principatus
1430 3567 1507 3635 eius
1528 3585 1775 3670 capue,quam
1789 3573 1826 3636 et
1847 3567 2001 3636 secundo
2024 3583 2120 3636 anno
2141 3565 2293 3636 ducatus
2314 3563 2393 3634 eius

549 3720 671 3791 amalfi
694 3723 730 3790 et
754 3717 917 3804 sirrenti,
943 3735 1063 3786 mense
1087 3719 1281 3803 februario,
1304 3735 1400 3787 nona
1424 3717 1630 3787 indictione.
1657 3720 1732 3807 Ego
1754 3736 1891 3788 cosmas
1916 3721 2111 3787 monachus
2133 3721 2170 3787 et
2195 3720 2306 3788 abbas
2322 3735 2395 3786 mo·

551 3872 702 3942 masterii
717 3873 840 3938 sancte
852 3869 948 3955 sofle,
963 3869 1025 3955 qui
1037 3868 1146 3936 situm
1160 3873 1215 3936 est
1231 3869 1327 3937 intus
1338 3871 1433 3938 hanc
1448 3870 1708 3942 salernitanam
1723 3873 1918 3959 civitatem,
1935 3867 2020 3942 ante
2036 3871 2187 3940 domnus
2201 3837 2394 3938 theodorus

552 4023 730 4094 almificus
753 4022 950 4110 episcopus,
975 4025 1011 4090 et
1034 4020 1156 4109 ibique
1180 4021 1345 4092 adessent
1366 4022 1554 4110 subscripti
1579 4023 1721 4093 idoneos
1747 4025 1921 4110 nominer,
1938 4042 2000 4112 per
2014 4021 2267 4092 convenientia
2284 4040 2392 4108 quam

551 4180 587 4246 et
604 4194 667 4261 per
692 4175 884 4244 iussionem
908 4176 1023 4262 ipsius
1045 4175 1165 4244 domni
1187 4175 1341 4261 episcopi
1364 4194 1437 4246 una
1462 4195 1540 4244 cum
1566 4176 1739 4246 iohannes
1763 4177 1916 4244 clericus
1939 4174 2129 4244 advocator
2151 4175 2309 4244 eiusdem
2323 4191 2395 4244 mo·

552 4327 703 4398 nasterii
727 4327 772 4396 ad
800 4325 1035 4397 laborandum
1058 4327 1271 4398 tradidimus
1293 4331 1392 4414 petro
1417 4326 1493 4394 filio
1516 4326 1695 4414 quondam
1712 4327 1803 4414 petri
1822 4327 2008 4396 fermosaci
2024 4344 2089 4413 pro
2104 4327 2178 4396 vioe
2197 4327 2309 4416 ipsius
2326 4343 2398 4395 mo-

554 4479 711 4551 nasterii
734 4485 770 4547 et
792 4499 857 4567 pro
881 4480 958 4548 vice
982 4481 1111 4550 domne
1134 4498 1274 4568 gemme
1296 4479 1369 4548 filie
1384 4481 1561 4567 quondam
1576 4481 1693 4548 domni
1709 4481 1905 4568 guaimarii
1921 4480 2073 4567 comitis,
2090 4487 2126 4550 et
2142 4481 2268 4552 relicta
2283 4500 2397 4570 quon·

554 4633 638 4701 dam
658 4630 781 4702 domni
799 4632 996 4719 guaimarii
1019 4630 1179 4718 comitis,
1196 4635 1232 4700 et
1247 4630 1377 4700 relicta
1392 4631 1568 4718 quondam
1586 4632 1739 4718 guaiferi
1755 4632 1890 4720 comiti,
1907 4634 2032 4704 inclita
2049 4629 2241 4704 medietate
2256 4633 2300 4704 de
2311 4634 2398 4706 dua-

558 4787 626 4854 bus
651 4785 750 4871 petie
771 4785 815 4852 de
837 4789 937 4852 terra
961 4784 1167 4870 pertinente
1190 4783 1421 4870 suprascripti
1446 4781 1656 4852 monasterii
1678 4786 1715 4850 et
1738 4783 1850 4869 ipsius
1874 4801 2024 4872 gemme,
2049 4803 2119 4871 que
2141 4790 2226 4854 sunt
2242 4786 2341 4856 intra
2356 4787 2396 4854 d·

552 4951 616 5004 nes
642 4934 886 5005 salernitanae
910 4937 949 5001 in
974 4931 1088 5000 locum
1111 4949 1223 5002 sarnu
1246 4933 1314 5002 ista
1337 4937 1440 5019 parte
1465 4932 1571 5001 dubio
1593 4932 1807 5020 dragunteio
1830 4936 2028 5022 propinquo
2051 4939 2155 5023 porta
2169 4955 2239 5024 que
2257 4936 2307 5006 ibi
2326 4943 2394 5010 est.

552 5087 679 5155 Prima
702 5087 804 5172 petia
828 5103 890 5172 per
916 5103 957 5154 as
979 5085 1089 5152 flncs:
1116 5085 1162 5152 ab
1185 5084 1365 5154 occidente
1388 5085 1459 5153 fine
1480 5102 1576 5170 aqua
1599 5083 1642 5152 de
1665 5084 1740 5170 ipso
1761 5085 1890 5153 dubio:
1915 5106 1938 5156 a
1960 5085 2108 5156 meridie
2131 5089 2202 5158 flue
2225 5107 2331 5160 muru
2356 5091 2398 5160 de

552 5235 705 5306 civitate
729 5238 850 5305 betere
874 5235 936 5322 qui
962 5233 1013 5302 ibi
1037 5238 1114 5302 est:
1138 5237 1175 5302 et
1198 5233 1241 5302 de
1264 5251 1370 5320 super
1393 5254 1416 5304 a
1437 5235 1686 5320 septemtrione
1709 5237 1780 5304 dne
1802 5236 1862 5308 via
1886 5239 2042 5325 puplica,
2066 5244 2103 5308 et
2125 5241 2172 5309 ab
2194 5242 2332 5312 oriente
2355 5245 2396 5314 fl·

554 5405 601 5464 no
625 5389 669 5458 de
692 5387 757 5458 alii
781 5385 996 5455 hominibus.
1037 5384 1200 5455 Secunda
1225 5385 1325 5471 petia
1347 5385 1468 5476 ibique
1489 5404 1512 5454 a
1534 5403 1639 5472 super
1662 5386 1705 5454 de
1728 5404 1801 5456 una
1825 5391 1927 5473 parte
1949 5388 2143 5456 coniuncta
2165 5386 2212 5457 ad
2237 5387 2315 5474 ipsa
2338 5390 2398 5456 via

554 5545 592 5610 et
616 5541 660 5610 de
684 5540 759 5610 alia
793 5544 894 5627 parte
930 5541 1000 5608 fine
1036 5538 1134 5626 plaiu
1158 5537 1201 5607 de
1223 5543 1342 5608 monte
1364 5542 1401 5607 et
1422 5539 1491 5607 due
1514 5539 1609 5627 parti
1633 5539 1706 5607 flne
1726 5539 1770 5608 de
1793 5537 1858 5609 alii
1883 5538 2113 5608 hominibus:
2138 5539 2182 5610 de
2205 5542 2274 5609 istc
2295 5541 2401 5610 ambo
2447 5599 2449 5602 .

406 5777 412 5784 Ε
555 5691 650 5779 petie
674 5691 899 5762 medictatem
924 5693 1035 5780 ipsius
1057 5689 1152 5779 petri
1177 5688 1393 5760 tradidimus
1416 5691 1493 5760 vice
1514 5690 1630 5779 ipsius
1653 5691 1861 5762 monasterii
1884 5697 1921 5760 ot
1945 5692 2058 5780 ipsius
2092 5709 2257 5782 gemme,
2291 5713 2400 5782 quam
