5406 7090
606 512 676 610 asi
1240 535 1413 610 conux
1455 534 1719 613 cluensis

560 761 653 830 dicte
671 755 797 832 'oblato
821 764 1001 833 adducant
1028 765 1113 830 mihi
1145 763 1203 850 qui
1236 783 1345 849 supra
1373 764 1515 832 landoni
1548 757 1687 852 pariur'n
1722 785 1831 836 unum
1863 771 1899 836 et
1928 785 2070 835 cereum
2098 784 2236 852 uuum,
2266 769 2329 852 pio
2351 783 2425 854 qna

559 915 651 984 mihi
677 917 834 1004 pertinet
857 919 999 986 tertiam
1023 923 1160 1004 partem
1184 917 1227 984 de
1251 917 1329 1004 ipsa
1352 917 1527 1005 ecclesia,
1551 926 1587 986 et
1612 919 1700 987 mihi
1725 921 1787 1008 qui
1810 937 1921 1006 supra
1943 918 2070 987 disidei
2095 923 2133 987 et
2157 916 2308 986 iohanni
2340 937 2427 1005 ger·

560 1073 679 1142 manis
705 1073 817 1143 alium
842 1076 983 1162 parium
1009 1072 1052 1140 de
1079 1074 1154 1161 ipse
1178 1072 1306 1150 oblate,
1331 1077 1366 1140 et
1389 1089 1499 1140 unum
1522 1072 1566 1140 de
1595 1073 1673 1160 ipsa
1698 1093 1804 1143 cerea
1833 1077 2081 1163 ipsopertinet
2106 1126 2114 1143 .
2142 1119 2152 1139 .
2179 1120 2188 1139 .
2216 1123 2225 1141 .
2250 1067 2420 1140 similiter

558 1230 703 1299 tertiam
730 1233 868 1317 partem
893 1229 935 1296 de
960 1230 1038 1316 ipsa
1062 1226 1242 1315 ecclesie,
1266 1227 1412 1296 etmihi
1437 1229 1498 1313 qui
1528 1245 1637 1314 supra
1666 1225 1811 1295 landoni
1840 1227 1913 1294 lilio
1941 1225 2177 1313 suprascripti
2208 1223 2335 1294 disidei
2358 1223 2423 1293 ad·

557 1371 691 1453 ducant
715 1382 828 1452 alium
853 1383 996 1470 parium
1020 1384 1063 1452 de
1089 1383 1163 1470 ipse
1187 1381 1304 1451 oblate
1331 1387 1366 1450 et
1390 1399 1501 1449 unum
1525 1380 1568 1448 de
1585 1381 1661 1469 ipsa
1677 1399 1782 1449 cerea
1806 1399 1957 1468 proque
1974 1385 2010 1449 et
2027 1378 2114 1448 mihi
2134 1379 2291 1466 pertinet
2307 1377 2420 1447 aliam

557 1539 701 1609 tertiam
727 1546 867 1626 partem
892 1538 935 1607 de
959 1539 1036 1626 ipsa
1059 1537 1222 1607 ecclesia.
1247 1536 1346 1606 Unde
1371 1537 1409 1603 in
1435 1553 1476 1602 eo
1499 1533 1614 1604 tinore
1642 1553 1702 1620 per
1730 1534 1981 1602 convenientia
2010 1533 2145 1620 guadia
2167 1533 2269 1600 nobis
2294 1547 2423 1618 preno-

557 1690 706 1758 minatis
731 1690 809 1807 dedi
837 1692 912 1778 ipse
938 1691 1093 1759 lazzarus
1116 1695 1152 1758 et
1177 1689 1351 1757 mediator
1376 1687 1477 1755 nobis
1503 1689 1602 1773 posui
1627 1685 1733 1754 laudo
1757 1703 1873 1754 comes
1892 1685 1987 1754 illius
2002 1685 2182 1773 quondam
2200 1682 2344 1753 landolfi
2362 1699 2423 1750 co·

558 1843 681 1928 mitis3
706 1851 741 1911 et
764 1862 827 1929 per
854 1843 965 1930 ipsam
990 1841 1158 1930 guadiam
1186 1847 1253 1910 etc:
1281 1843 1429 1908 statuta
1456 1842 1573 1908 multa
1599 1842 1855 1927 quinquaqinta
1884 1841 1967 1906 auri
1996 1837 2190 1907 solidorum
2218 1837 2425 1907 constanti-

558 1985 766 2054 nianorum.
792 1988 889 2064 Quod
913 1987 1040 2074 scripsi
1065 2003 1133 2074 ego
1158 1987 1330 2055 iohannes
1355 1984 1492 2054 scriba.

604 2112 636 2230 †
661 2144 734 2229 Ego
758 2147 880 2228 petrus
903 2141 1068 2208 notarius
1094 2159 1149 2208 me
1176 2139 1383 2207 subscribsi.

604 2267 635 2384 †
661 2298 735 2382 Ego
759 2301 883 2384 petrus
907 2293 1072 2364 notarius
1094 2313 1150 2362 me
1176 2292 1383 2380 subscripsi.

1381 2975 1581 3057 MLIII.

1340 3273 1398 3347 A.
1426 3271 1480 3346 D.
1512 3271 1640 3348 1045.

603 3511 703 3655 †ln
728 3564 871 3632 nomine
894 3552 1217 3631 domini'bicesimo
1240 3564 1364 3630 octabo
1387 3579 1483 3628 anno
1507 3561 1730 3648 principatus
1757 3561 1886 3630 salerni
1938 3561 2058 3629 domni
2099 3561 2211 3629 nostri
2241 3562 2421 3648 guaimari

563 3719 713 3807 gloriosi
738 3719 927 3805 principis,
951 3719 987 3784 et
1011 3717 1134 3783 octabo
1157 3731 1254 3783 anno
1278 3715 1502 3801 principatus
1525 3717 1603 3783 eius
1626 3735 1739 3804 capue
1762 3717 1872 3785 etiarn
1894 3719 1930 3784 et
1953 3715 1979 3799 ¹)
2003 3713 2154 3784 ducatus
2182 3719 2259 3785 eius
2292 3717 2413 3784 amaltl

557 3877 594 3941 et
617 3871 778 3958 sinenti,
802 3879 838 3938 et
861 3877 990 3955 quarto
1014 3886 1109 3938 anno
1132 3869 1283 3937 ducatus
1306 3870 1382 3936 eius
1406 3869 1526 3937 domni
1550 3869 1667 3958 gisoltl
1691 3869 1767 3939 eius
1784 3870 1850 3940 lilii
1867 3869 1991 3939 eximii
2008 3870 2196 3958 principis,
2215 3889 2335 3940 mense
2351 3871 2415 3939 de·

557 4044 726 4108 cemver,
751 4024 1023 4109 quartadecima
1047 4021 1252 4090 indictione.
1277 4021 1426 4106 ideoque
1450 4041 1515 4108 ego
1538 4021 1735 4109 grimoaldo
1760 4021 1854 4090 filius
1879 4021 2046 4092 madelmi
2069 4023 2133 4110 qui
2156 4042 2234 4090 sum
2259 4039 2416 4090 commo·

564 4163 689 4246 rantes
712 4177 756 4245 de
780 4175 926 4244 castello
947 4177 1102 4261 laurine,
1127 4175 1295 4261 quoniam
1319 4175 1520 4244 declaratus
1543 4193 1622 4241 sum
1647 4177 1770 4244 aberet
1794 4180 1901 4244 rebus
1924 4194 2111 4246 commune
2134 4196 2215 4244 cum
2239 4175 2347 4246 lando
2375 4177 2420 4244 n-

560 4329 609 4396 lio
632 4329 799 4415 balsami,
822 4334 858 4398 et
882 4327 1053 4396 iamdicta
1078 4331 1178 4395 terra
1200 4331 1254 4394 est
1286 4329 1323 4392 in
1353 4326 1466 4393 locum
1499 4329 1558 4395 ubi
1589 4335 1734 4395 corneto
1762 4328 1895 4396 dicitur
1909 4349 1919 4414 ;
1948 4332 1983 4396 et
2006 4345 2203 4415 congruum
2227 4329 2331 4396 nobis
2356 4335 2413 4398 est

571 4503 642 4553 ona
666 4485 801 4553 etenim
827 4489 950 4550 nostra
975 4483 1157 4552 voluntate
1183 4482 1220 4547 in
1245 4483 1351 4549 simul
1375 4501 1437 4568 per
1461 4485 1554 4550 hanc
1578 4481 1755 4551 cartulam
1779 4483 1937 4550 dividere
1962 4484 2002 4550 in
2023 4484 2147 4552 tertios
2172 4485 2344 4553 iamdicta
2361 4503 2418 4553 re·

566 4643 647 4726 bus,
672 4639 733 4726 qui
760 4640 883 4707 statim
907 4638 1133 4726 perreximus
1156 4635 1198 4702 de
1223 4653 1328 4722 super
1353 4637 1428 4722 ipsa
1455 4640 1559 4705 rebus
1589 4657 1669 4704 cum
1699 4639 1802 4703 bonis
1832 4639 2035 4704 hominibus
2065 4639 2128 4725 qui
2159 4640 2414 4726 supterscripti

561 4797 660 4880 sunt,
685 4799 721 4861 et
745 4794 840 4861 sicut
863 4793 960 4859 inter
983 4808 1047 4858 nos
1070 4792 1246 4878 convenit,
1270 4791 1462 4859 dividimus
1488 4791 1657 4861 iamdicta
1681 4794 1810 4880 rebus,
1835 4793 1896 4878 qui
1921 4795 2043 4861 statim
2068 4792 2203 4880 recepit
2228 4793 2421 4880 predictus

560 4946 667 5016 lando
696 4965 762 5014 sua
789 4947 899 5014 sortio
924 4947 962 5012 in
986 4947 1149 5032 partibus
1173 4946 1345 5033 orientis,
1370 4952 1407 5012 et
1431 4963 1493 5010 nos
1517 4945 1714 5031 grimoaldo
1739 4946 1938 5033 recepimus
1962 4948 1999 5012 in
2024 4947 2189 5031 partibus
2214 4947 2418 5016 occidentis

562 5121 624 5189 per
648 5103 713 5168 hec
739 5101 834 5167 linis.
860 5100 891 5166 A
916 5115 1001 5184 pars
1025 5096 1175 5164 orientis
1199 5097 1268 5164 fine
1298 5097 1469 5184 godelseri
1501 5095 1674 5186 presbiter
1705 5099 1771 5185 lilii
1802 5101 1949 5169 iohanni
1981 5101 2168 5188 presbiteri
2200 5109 2237 5170 et
2259 5104 2420 5171 consorti

562 5255 667 5341 eiuS,
690 5259 727 5322 et
750 5253 933 5321 descendit
956 5251 994 5318 in
1024 5253 1096 5320 fine
1119 5252 1269 5339 predicti
1303 5252 1432 5338 lando,
1457 5253 1550 5319 sieut
1574 5253 1708 5321 termiti
1741 5253 1882 5322 conficti
1906 5261 2014 5344 sunt;
2040 5275 2062 5324 a
2089 5256 2176 5342 pede
2201 5256 2272 5324 line
2298 5256 2425 5326 nicola

573 5604 1001 5620 μ

603 5853 625 5933 ¹)
648 5853 796 5933 Septimo
820 5851 959 5915 ducatus
982 5853 1089 5914 antelli
1113 5859 1145 5914 et
1168 5853 1317 5914 sirrenti.
