5406 7090
1093 432 1249 508 SAEC.
1291 433 1364 507 Xll.

516 691 531 727 u
562 657 792 734 Gbristioolae
810 659 977 757 jubilanl;
1006 629 1154 734 candida
1179 659 1283 758 turba
1310 672 1421 732 sonat.

514 843 530 893 u
559 820 654 914 Euge
680 818 779 892 beate
805 819 911 893 nimis
938 843 1053 892 arcem
1080 819 1139 912 qui
1166 820 1304 892 scandis
1331 819 1449 914 olimpi

513 1011 528 1046 κ
559 981 677 1076 Regna
705 989 829 1056 tenens
855 1005 1035 1077 superum;
1059 1003 1147 1075 euge
1174 981 1271 1054 beate
1298 979 1403 1054 nimis

516 1171 531 1206 ι(
563 1140 650 1214 Urbs
676 1142 835 1234 redimita
862 1143 946 1215 setis
972 1166 1112 1239 germen
1140 1143 1228 1238 quae
1256 1140 1371 1214 nobile
1399 1144 1531 1240 prodis,

318 1473 795 1489 m·—

323 1747 337 1781 n
363 1722 489 1803 syllaba
511 1723 660 1802 geminat
682 1721 955 1794 antecedentem,
981 1723 1157 1784 autsimul
1180 1721 1499 1806 antepenultimam,
1523 1743 1587 1804 quo
1611 1723 1761 1805 aliquid,
1784 1740 1884 1805 saepe
1916 1724 2173 1806 inexpectatum,

321 1893 337 1928 u
362 1870 540 1941 inferatur,
565 1875 601 1931 ut
624 1869 657 1930 in
680 1869 774 1931 his-

405 2014 484 2088 Quie
504 2016 627 2096 prades
649 2017 687 2076 in
709 2017 806 2077 terrie
830 2015 957 2076 bomini
980 2013 1190 2074 tutissimus?
1211 2014 1309 2074 lenus.

407 2163 499 2237 Quod
521 2181 623 2244 pertus
644 2169 690 2224 est
711 2163 881 2223 bominum
902 2162 1030 2223 coelesti
1052 2162 1090 2221 in
1112 2160 1243 2222 limite?
1262 2161 1351 2223 inite.

365 2313 406 2375 Et
428 2313 462 2373 in
485 2311 728 2392 Epigrammete
751 2311 882 2392 vulgato
899 2345 927 2356 -

409 2459 570 2532 Quicum
591 2459 739 2521 clamor?
761 2474 865 2532 emor,
889 2459 1040 2536 quisnam
1062 2451 1181 2536 furor?
1202 2474 1293 2518 uror.

366 2606 432 2670 Sed
455 2611 489 2667 et
511 2607 693 2684 reciprocos
716 2602 907 2684 appellant,
932 2603 988 2682 qui
1012 2607 1198 2664 antrorsum
1221 2618 1259 2662 ac
1282 2605 1461 2662 retrorsum
1486 2599 1520 2661 in
1545 2599 1631 2662 idem
1662 2600 1828 2663 recidunt.
1853 2598 1955 2661 Cuius
1982 2600 2108 2662 formae
2143 2600 2178 2660 in

483 2761 555 2830 <ore
580 2769 759 2832 puerorum
784 2749 819 2810 bi
842 2749 1165 2812 circumferuntur-

408 2897 576 2976 siponto,
600 2896 709 2976 ripeta,
733 2900 852 2958 temere
873 2914 925 2957 me
946 2895 1072 2971 tanais,
1095 2900 1125 2955 et
1147 2897 1254 2975 cupit,

408 3041 515 3106 Romu
536 3042 598 3104 tibi
618 3042 724 3104 cubito
745 3041 883 3106 motibus
905 3041 965 3104 ibit
987 3058 1090 3104 omer.

369 3190 410 3251 Et
432 3188 557 3252 illud-

406 3336 444 3399 st
465 3337 547 3400 beree
569 3342 599 3400 te
622 3345 682 3400 tua
704 3337 775 3400 leus
798 3341 903 3406 torret,
927 3353 990 3398 erto
1011 3335 1098 3397 laute
1120 3335 1252 3396 tenebis.

376 3483 574 3548 Correlatiui
595 3503 693 3566 porro
715 3482 870 3546 dicuntur
892 3481 1081 3544 huiusmodi
1094 3515 1122 3528 -

410 3631 542 3706 Pastor,
564 3639 688 3702 arator,
713 3648 809 3711 equos
827 3649 835 3703 ;
854 3630 950 3708 pavi,
974 3629 1072 3707 colui,
1095 3629 1263 3707 superavi,

411 3776 550 3856 Caprea,
574 3776 655 3851 Rus,
678 3776 804 3854 Hostes,
827 3776 958 3856 fronde,
981 3777 1099 3856 lipone,
1122 3791 1238 3839 mauu.

374 3924 525 3997 Leouini,
550 3921 672 4005 quibus
694 3923 841 3986 medium
864 3923 1010 3986 rithmici
1033 3929 1194 3988 consonat
1216 3928 1376 3986 extremo.
1400 3920 1492 3985 ovid.
1516 3921 1622 4004 Epist.
1647 3921 1688 3985 arl
1709 3921 1925 3986 Hermionam
1939 3955 1966 3970 -
2041 3921 2043 3928 ’

420 4067 477 4130 Vir
493 4075 613 4149 precor
633 4070 744 4134 aaroni.
767 4067 891 4132 Frater
910 4086 1065 4133 succurre
1085 4075 1201 4134 sorori.

374 4215 463 4290 Quae
487 4221 670 4279 metrorum
695 4215 801 4279 forme
822 4216 965 4279 maxime
990 4215 1115 4298 placuit
1129 4215 1350 4297 semiprincis,
1367 4215 1475 4298 inquit
1496 4217 1671 4298 Scaliger,
1695 4223 1733 4279 ut
1753 4217 1866 4282 ridere
1900 4225 1954 4282 est
1974 4219 2009 4283 in
2031 4220 2182 4288 omnibus

457 4362 531 4424 iere
555 4361 824 4444 sepulchralibus
859 4362 1134 4443 inscriptionibus
1157 4361 1389 4436 saeculorum,
1413 4381 1497 4442 quae
1521 4383 1584 4426 non
1619 4361 1702 4428 adeo
1731 4371 1862 4430 vetusta
1893 4373 1982 4431 sunl.
2010 4369 2187 4436 Recentio·

455 4527 526 4571 rem
549 4526 648 4570 unam
671 4507 785 4589 accipe
808 4507 1039 4570 brevissimam
1056 4541 1083 4556 ·-

370 4655 435 4720 Hic
450 4655 540 4735 (iacet
562 4657 732 4732 Erasmus,
755 4655 868 4733 fuerat
890 4658 948 4734 qui
965 4655 1127 4718 ridiculus
1147 4675 1263 4718 mus.-
1338 4727 1343 4738 ι

414 4803 554 4865 Vittorio
576 4801 740 4872 (lictardi,
766 4802 847 4864 Acta
869 4800 976 4864 Paeo:
1000 4808 1031 4862 et
1057 4801 1161 4862 Trasl.
1186 4801 1246 4866 SS.
1262 4801 1337 4867 Mb.
1353 4802 1511 4866 Mercurii
1528 4823 1566 4867 oc
1581 4803 1647 4868 XII
1664 4803 1749 4876 FF„
1775 4805 1896 4870 Romae
1919 4804 2028 4884 1703;
2051 4827 2070 4871 a
2093 4816 2185 4873 carte

456 4952 520 5018 126
542 4970 560 5014 e
584 4952 645 5014 let
667 4950 793 5033 riperta
816 4952 964 5014 eziandio
988 4951 1041 5013 dei
1064 4951 1151 5016 tersi
1174 4949 1278 5014 ecoici
1303 4952 1337 5012 in
1360 4969 1461 5014 onore
1485 4951 1535 5024 de’
1558 4951 1613 5015 Xll
1637 4952 1695 5016 SS.
1720 4954 1797 5028 FF„
1814 4951 1847 5015 di
1864 4953 1919 5016 cui
1943 4971 2023 5019 ecco
2047 4955 2071 5017 il
2094 4957 2188 5038 prin·

455 5098 582 5181 cipio-

379 5249 506 5310 Arutua
525 5248 610 5328 festa
631 5245 702 5308 dies
724 5245 850 5307 cunctis
872 5244 1068 5308 celebranda
1087 5245 1242 5308 reduxit:

415 5393 588 5475 Exoptota
608 5394 700 5457 dedit
721 5409 836 5456 annue
855 5395 941 5473 festo
963 5394 1042 5455 dice.

379 5539 514 5606 Gaudio
534 5556 660 5618 maone
681 5541 747 5603 tuis
769 5539 920 5619 replicat,
943 5543 1136 5611 Beneuento,
1159 5537 1299 5613 Colonia,

416 5685 499 5750 Fert
521 5687 667 5751 reuoluta
688 5687 758 5749 dies
778 5688 905 5767 paedia
924 5705 1047 5767 mapna
1068 5687 1145 5748 tuis.
1170 5693 1222 5748 etc
1240 5733 1247 5749 .
1265 5733 1272 5748 .
1293 5735 1326 5749 ..

258 5835 260 5840 ’
375 5833 448 5916 Egli
466 5833 525 5897 nel
549 5833 710 5898 Monitum
730 5887 738 5916 ‚
762 5836 824 5898 ohe
848 5835 900 5898 sla
924 5833 1056 5896 innanzi
1079 5835 1108 5897 ai
1132 5836 1273 5917 predetti
1298 5834 1382 5899 uersi
1406 5834 1492 5897 dico:
1518 5857 1532 5894 o
1557 5838 1626 5898 Hoc
1649 5854 1804 5907 carmen,
1834 5838 1920 5917 quod
1950 5839 2127 5906 Euboicum
2150 5842 2190 5904 ab
