5408 7108
988 513 1410 589 DIPLOMATICUS

1080 923 1336 1008 MXLVI·

1054 1219 1112 1295 A.
1140 1219 1195 1295 D.
1225 1219 1354 1297 1045.

319 1475 415 1592 †ln
439 1507 584 1574 nomine
607 1505 742 1574 domini
769 1507 936 1576 vicesimo
964 1510 1113 1598 septimo
1143 1528 1238 1580 anno
1268 1508 1495 1598 principatus
1524 1509 1661 1582 Salerni
1693 1509 1814 1578 domni
1845 1511 2029 1580 Guaimari
2057 1507 2133 1598 glo-

273 1661 358 1729 riosi
387 1659 585 1749 principis,
603 1670 640 1734 et
656 1665 807 1752 septimo
826 1683 921 1733 anno
936 1663 1162 1754 principatus
1178 1665 1255 1733 eius
1272 1685 1384 1753 capue
1398 1672 1433 1735 et
1450 1665 1524 1734 dux
1539 1663 1676 1751 amalfi,
1692 1669 1728 1734 et
1744 1669 1844 1733 sexto
1867 1681 1963 1733 anno
1979 1663 2130 1734 ducatus

274 1815 374 1884 illius
399 1821 581 1894 surrentu,
608 1823 644 1888 et
668 1825 796 1908 quarto
820 1839 915 1890 anno
939 1823 1262 1909 suprascriptorum
1287 1821 1555 1909 principatuum
1587 1826 1623 1891 et
1651 1821 1847 1890 ducatuum
1871 1819 1989 1888 domni
2013 1817 2132 1907 gisolfi

271 1971 353 2040 eius
377 1971 442 2040 filii
467 1973 593 2040 eximii
618 1973 794 2060 principis
816 1979 851 2042 et
865 1975 981 2062 ducis,
997 1981 1033 2043 et
1049 1976 1156 2044 tertio
1179 1994 1275 2046 anno
1299 1976 1449 2045 ducatus
1468 1975 1610 2045 illorum
1626 1956 1745 2062 apulie
1762 1979 1797 2042 et
1815 1972 1987 2048 calabrie,
2007 1989 2127 2042 mense

272 2125 442 2214 magius,
467 2125 715 2194 tertiadecima
742 2127 948 2198 indictione.
974 2130 1045 2198 Nos
1068 2130 1215 2198 alfanus
1245 2148 1360 2197 comes
1385 2129 1481 2195 lilius
1504 2127 1686 2215 quondam
1709 2128 1801 2216 petri
1830 2127 1971 2195 comitis
1994 2133 2031 2196 et
2054 2145 2132 2195 mu·

273 2275 341 2346 lier
364 2281 508 2347 nomine
532 2279 726 2367 sikelgaita
752 2279 829 2350 fllia
851 2282 1028 2368 quondam
1046 2285 1254 2370 beringneri
1273 2284 1414 2352 comitis
1431 2289 1466 2352 et
1483 2283 1609 2352 relicta
1625 2283 1804 2370 quondam
1829 2280 1999 2350 romoaldi
2023 2282 2132 2349 comi-

272 2431 339 2506 tis.
365 2436 402 2502 et
425 2453 548 2502 sumus
571 2434 651 2504 thia
674 2441 711 2504 et
735 2441 903 2523 nepotes,
929 2435 1177 2506 clarefecimus
1201 2439 1369 2526 quoniam
1395 2440 1497 2505 nobis
1519 2443 1573 2506 est
1596 2436 1815 2524 pertinentes
1843 2436 1950 2504 abere
1980 2436 2046 2504 due
2071 2455 2131 2522 pe-

270 2587 326 2655 cie
351 2587 394 2656 de
418 2589 525 2657 terris
549 2592 673 2659 bacibe
697 2593 736 2658 in
761 2591 875 2660 locum
899 2595 1063 2679 nuceria,
1081 2612 1154 2660 una
1180 2593 1240 2660 ubi
1264 2590 1396 2660 dicitur
1420 2590 1466 2660 ad
1490 2589 1641 2675 dumne,
1659 2587 1732 2660 alia
1756 2592 1816 2658 ubi
1841 2590 1974 2658 dicitur
1997 2589 2043 2658 ad
2061 2591 2137 2656 bir-

272 2740 415 2829 ricelli3
441 2751 477 2812 et
501 2762 697 2831 congruum
722 2751 775 2814 est
799 2747 902 2813 nobis
925 2765 988 2834 pro
1012 2748 1139 2815 christi
1163 2746 1227 2813 deo
1242 2762 1363 2816 amore
1387 2765 1496 2834 quam
1519 2750 1555 2814 et
1571 2763 1636 2832 pro
1660 2745 1835 2814 mercedis
1865 2747 1985 2814 anime
2010 2749 2132 2814 nostre

269 2903 306 2966 et
332 2897 376 2967 de
400 2901 614 2984 parentibus
638 2902 770 2967 nostris
800 2901 939 2988 integre
966 2901 1070 2970 ambo
1098 2902 1172 2988 ipse
1200 2901 1300 2987 pecie
1327 2899 1371 2968 de
1397 2900 1506 2969 terris
1533 2899 1673 2968 offerire
1708 2901 1748 2968 in
1776 2899 1890 2970 altare
1913 2897 1955 2966 de
1978 2897 2132 2968 ecclesia

269 3055 394 3119 nostra
417 3051 630 3119 bocabulum
653 3052 768 3120 sancti
791 3053 948 3132 nicolai,
973 3073 1043 3140 que
1066 3057 1273 3123 constructa
1295 3061 1351 3123 est
1374 3055 1470 3123 iusta
1494 3071 1594 3121 muro
1619 3053 1662 3122 de
1686 3053 1834 3122 castello
1868 3051 2042 3120 iamdicta
2066 3069 2136 3118 nu-

269 3209 378 3276 ceria.
408 3207 453 3276 Et
476 3207 569 3297 ideo,
592 3210 686 3277 sicut
708 3211 812 3277 nobis
834 3228 1031 3298 congruum
1056 3214 1122 3298 est,
1146 3213 1236 3280 bone
1261 3214 1382 3279 nostre
1404 3209 1601 3280 boluntatis
1624 3227 1685 3291 per
1702 3226 1770 3278 ane
1787 3207 1965 3276 cartulam
1989 3206 2134 3276 offerui-

269 3377 347 3427 mus
369 3364 405 3429 et
428 3361 640 3430 tradidimus
663 3365 701 3429 in
725 3365 802 3450 ipsa
825 3364 975 3432 ecclesia
998 3365 1102 3432 ambo
1125 3365 1366 3450 suprascripte
1389 3363 1489 3449 pecie
1517 3362 1560 3431 de
1587 3361 1694 3430 terris
1721 3379 1803 3429 cum
1836 3361 2003 3429 omnibus
2018 3360 2129 3431 intro

268 3531 306 3582 se
329 3514 520 3584 abentibus
545 3515 779 3603 omnibusque
802 3515 877 3584 suis
901 3517 1132 3604 pertinentiis
1155 3521 1191 3586 et
1214 3536 1294 3586 cum
1322 3515 1401 3587 bice
1432 3517 1475 3587 de
1502 3518 1560 3586 bie
1587 3535 1676 3603 sue,
1703 3535 1840 3604 semper
1863 3515 1961 3585 siant
1983 3516 2027 3586 de
2050 3517 2131 3604 ipsa

268 3666 433 3756 ecclesia,
457 3676 492 3738 et
515 3687 655 3758 semper
679 3675 796 3738 rector
821 3672 982 3758 predicta
1005 3673 1156 3741 ecclesia
1180 3670 1256 3759 ipsa
1281 3676 1387 3742 rebus
1410 3673 1570 3742 trudiare
1585 3677 1622 3742 et
1637 3672 1679 3740 de
1706 3671 1780 3758 ipso
1803 3669 1963 3738 frudium
1988 3669 2125 3738 faciant

268 3823 389 3891 omnia
413 3823 506 3910 quod
531 3825 708 3903 boluerit3
734 3831 770 3895 et
793 3826 1031 3914 obligabimus
1055 3844 1119 3894 nos
1147 3833 1183 3896 et
1211 3831 1351 3895 nostros
1378 3830 1501 3897 eredes
1529 3811 1668 3915 semper
1697 3827 1885 3896 defendere
1908 3828 2011 3896 ambo
2035 3824 2132 3895 inte-

267 3996 333 4064 gre
357 3981 599 4065 suprascripte
626 3979 724 4066 pecie
751 3977 796 4046 ad
829 3984 965 4068 partem
993 3987 1029 4050 et
1055 3987 1174 4050 rector
1208 3983 1371 4070 predicta
1398 3982 1547 4052 ecclesia
1563 4001 1644 4050 cum
1673 3983 1750 4049 bice
1767 3979 1811 4048 de
1838 3981 1895 4047 bie
1918 3998 2007 4065 sue3
2033 3983 2070 4048 et
2094 3980 2127 4048 si

268 4131 412 4219 taliter,
438 4130 594 4218 qualiter
618 4151 728 4220 supra
751 4133 910 4221 legitur,
939 4151 1009 4199 non
1033 4132 1349 4222 adimpleberimus
1372 4141 1409 4205 et
1433 4117 1564 4224 aliquit
1592 4135 1723 4204 exinde
1747 4135 1928 4204 remobere
1951 4137 2016 4204 aut
2039 4150 2125 4201 con·

270 4285 446 4354 tradicere
470 4288 780 4375 presumserimus,
805 4305 1013 4376 componere
1038 4287 1279 4377 obligabimus
1302 4309 1367 4358 nos
1392 4291 1553 4361 iamdicti
1577 4289 1771 4379 sikelgaita
1796 4294 1832 4360 et
1856 4289 1979 4358 allano
2003 4293 2039 4359 et
2062 4306 2129 4357 nc·

180 4460 183 4470 ·
266 4441 353 4508 stris
376 4441 540 4509 eredibus
563 4441 608 4509 ad
632 4446 770 4529 partem
798 4440 959 4530 predicta
982 4443 1133 4512 ecclesia
1157 4446 1305 4532 eiusque
1329 4453 1483 4513 rectores
1510 4446 1663 4533 triginta
1694 4446 1775 4514 auri
1800 4443 1931 4512 solidos
1954 4448 2122 4512 constan-

268 4595 450 4680 tinian0s;
480 4599 518 4664 et
547 4595 688 4683 quando
718 4615 802 4683 pars
830 4595 881 4662 rel
910 4601 1027 4665 rector
1056 4598 1216 4684 predicta
1244 4599 1394 4667 ecclesia
1421 4599 1464 4668 de
1495 4599 1741 4687 suprascripta
1769 4601 1878 4666 rebus
1905 4616 1969 4685 per
1998 4598 2128 4684 seipsis

268 4747 424 4818 boluerit
447 4769 565 4818 essere
589 4748 724 4819 exinde
749 4751 983 4838 defensores,
1009 4757 1218 4839 potestatem
1242 4755 1400 4841 abeant,
1426 4752 1583 4839 qualiter
1610 4753 1790 4822 boluerint
1813 4771 1893 4820 cum
1916 4752 1988 4822 tale
2012 4751 2125 4819 moni-

267 4919 347 4971 men
374 4951 566 4972 ......
593 4904 747 4973 boluerit
762 4912 798 4973 et
815 4923 885 4973 non
910 4904 1104 4992 aliquando
1127 4910 1284 4994 tempore
1301 4908 1380 4992 ipsa
1395 4909 1501 4976 rebus
1518 4925 1581 4994 per
1597 4905 1854 4994 qualecumque
1877 4904 2017 4975 ratione
2041 4908 2120 4992 ipsa

267 5060 372 5128 rebus
405 5065 469 5129 aut
496 5059 539 5129 de
565 5063 643 5148 ipsa
672 5062 777 5128 rebus
801 5063 870 5131 siat
893 5062 1163 5148 substractum,
1187 5065 1240 5129 set
1270 5079 1408 5148 semper
1432 5059 1530 5129 siant
1552 5061 1596 5128 de
1619 5062 1698 5148 ipsa
1721 5061 1890 5129 ecclesia.
1916 5061 1961 5130 111
1996 5059 2118 5129 omnia

268 5213 513 5301 suprascripta
537 5215 604 5283 leci
629 5233 696 5303 ego
719 5213 915 5304 sikelgaita
943 5235 1005 5304 per
1034 5214 1220 5286 boluntate
1248 5215 1291 5284 de
1315 5215 1500 5286 mundoalt
1522 5217 1606 5301 mei,
1630 5219 1667 5284 et
1690 5213 1813 5284 taliter
1838 5221 1873 5284 te
1899 5215 2120 5285 romoaldum

265 5369 446 5438 notarium
471 5369 629 5439 scribere
653 5371 873 5460 rogabimus.

314 5495 345 5614 †
370 5527 445 5615 Ego
468 5525 693 5615 grimoaldus
716 5547 772 5597 me
796 5527 994 5615 subscripsi

315 5649 346 5768 †
371 5682 446 5769 Ego
469 5682 599 5750 Petrus
622 5680 786 5752 notarius
811 5699 867 5750 me
890 5680 1096 5770 subscripsi.

408 6019 480 6078 Τοι.
500 6033 539 6079 vu
