5456 7096
631 535 701 611 158
821 581 824 590 =
1262 535 1437 613 CODEX
1475 534 1751 612 cluensis

578 781 654 833 nos.
680 761 729 834 Et
750 781 793 834 oc
815 765 1017 856 recolimus,
1041 771 1082 836 ut
1104 767 1135 834 si
1161 763 1322 852 predicta
1346 765 1480 834 molina
1501 782 1610 851 opera
1633 763 1827 851 perdiderit
1849 766 1887 832 et
1915 777 2106 832 macenare
2123 777 2194 830 non
2209 759 2384 848 potuerit,
2397 760 2429 830 si

578 917 691 986 suerit
713 917 949 1006 generatione
971 935 1078 1004 super
1101 936 1170 986 auc
1193 922 1305 1004 terra,
1327 935 1394 1005 ego
1416 919 1471 986 vel
1494 936 1578 1005 pars
1602 918 1713 1006 ipsius
1736 915 1883 986 'ecclesie
1899 913 2115 1002 imputemus
2132 913 2196 982 nos
2212 910 2345 982 exinde
2361 930 2424 999 per

578 1069 720 1136 ratione
742 1068 786 1136 de
810 1068 888 1156 ipso
903 1086 1092 1138 numerum
1109 1069 1202 1156 quod
1218 1068 1301 1138 inde
1317 1067 1441 1138 tollere
1456 1067 1623 1138 debemus
1640 1067 1715 1154 ipso
1730 1085 1891 1154 censum,
1904 1069 2080 1154 quantum
2102 1065 2180 1153 ipsa
2196 1071 2305 1155 gente
2319 1084 2426 1154 super
2552 1055 2555 1060 ‘

575 1239 619 1292 ac
644 1227 742 1292 terra
766 1223 888 1310 fuerit,
911 1205 1004 1310 quod
1026 1223 1153 1309 scripsi
1176 1240 1243 1310 ego
1264 1221 1471 1292 smaracdus
1493 1225 1672 1293 notarius.

622 1344 744 1461 †·ego
768 1373 954 1460 iaquintus
976 1373 1128 1443 clericus
1150 1381 1187 1444 et
1209 1373 1376 1444 sculdais.

1329 1996 1679 2081 CMLXXVI·

1351 2294 1411 2370 Α.
1437 2293 1504 2367 D.·
1522 2288 1648 2368 1041.

617 2526 653 2667 †
678 2581 719 2646 ln
742 2579 886 2648 nomine
909 2577 1042 2668 domini
1067 2579 1360 2650 vicesimotertio
1382 2597 1478 2648 anno
1503 2581 1720 2667 principatus
1751 2580 1886 2651 salerni
1919 2580 2042 2649 domni
2089 2579 2202 2648 nostri
2238 2577 2422 2668 guaimari

570 2731 717 2818 gloriosi
742 2733 930 2820 principis,
955 2739 990 2800 et
1012 2734 1119 2800 tertio
1141 2748 1236 2802 anuo
1259 2731 1484 2818 principatus
1506 2733 1584 2800 eius
1606 2751 1718 2819 capue
1740 2739 1776 2801 et
1797 2731 1948 2802 ducatus
1973 2731 2075 2800 illius
2099 2728 2235 2818 amalfi,
2249 2750 2357 2818 quam
2383 2737 2420 2801 et

570 2841 723 2952 ducatus
745 2889 824 2953 eius
848 2884 1043 2954 sirrentum
1066 2884 1103 2974 ¹),
1127 2902 1246 2954 meuse
1269 2883 1412 2972 aprelis,
1436 2902 1532 2953 nona
1554 2883 1765 2953 indictione.
1789 2884 1940 2971 Ideoque
1962 2901 2029 2953 nos
2053 2885 2200 2954 alfanus
2231 2883 2275 2952 de
2301 2889 2424 2972 pater·

570 3056 656 3106 num
679 3037 776 3107 filius
800 3039 977 3127 quondam
1002 3036 1143 3126 falconi,
1166 3042 1203 3106 et
1225 3036 1415 3124 landolfus,
1438 3037 1501 3127 qui
1524 3056 1646 3106 sumus
1670 3044 1772 3126 pater
1794 3043 1831 3132 et
1853 3037 1969 3126 illius,
1993 3037 2088 3108 sicut
2105 3037 2208 3106 nobis
2223 3055 2417 3124 congruum

569 3192 623 3258 est
648 3193 740 3260 bona
764 3194 885 3260 nostre
907 3189 1100 3261 voluntatis
1123 3209 1186 3278 per
1208 3209 1277 3261 auc
1300 3195 1440 3260 cartam
1456 3194 1541 3262 ante
1557 3194 1690 3281 roplus,
1711 3195 1749 3263 in
1764 3193 1867 3263 cuius
1884 3192 2060 3262 iudicium
2080 3190 2262 3261 iudicandi
2280 3192 2323 3260 de
2340 3210 2423 3280 pre·

568 3347 664 3416 dicto
688 3345 803 3414 locum
828 3345 865 3413 in
889 3362 1037 3414 manum
1061 3347 1288 3416 commissum
1311 3349 1365 3416 est
1379 3364 1443 3432 per
1466 3343 1639 3416 ioannace
1661 3309 1851 3433 castaldeo,
1868 3348 1904 3414 et
1919 3343 2051 3414 ibidem
2070 3343 2238 3414 adessent
2253 3343 2320 3414 alii
2336 3345 2422 3412 sub·

568 3500 697 3588 scripti
721 3505 842 3589 testes,
867 3500 1170 3588 venumdedimus‚
1193 3501 1301 3586 atque
1324 3497 1369 3567 ad
1393 3515 1531 3584 semper
1555 3497 1731 3566 abendam
1753 3495 1925 3564 confirmo
1952 3493 2019 3564 tibi
2046 3492 2196 3565 iohanni
2228 3494 2419 3580 presbiteri

566 3653 632 3724 filii
655 3655 743 3724 dicti
767 3646 917 3724 iohanni
940 3653 1133 3740 presbiteri
1156 3655 1229 3722 tote
1251 3655 1288 3720 et
1310 3650 1434 3719 inclite
1457 3651 1525 3719 due
1548 3649 1646 3738 pecie
1663 3649 1706 3718 de
1722 3653 1821 3719 terra
1836 3649 1961 3718 vaoibe
1978 3649 2222 3736 pertinentem
2240 3649 2420 3736 nobisper

566 3813 793 3881 subcessioue
816 3829 957 3879 sursum
983 3813 1021 3878 in
1045 3814 1164 3879 monte
1188 3831 1211 3880 a
1226 3808 1433 3896 supradicto
1450 3807 1568 3875 locum
1583 3811 1786 3893 paternum,
1804 3807 1865 3874 ubi
1882 3825 1969 3876 area
1984 3807 2120 3877 fabrita
2135 3805 2283 3892 dicitur3
2300 3807 2420 3893 prima

566 3962 668 4051 pecie
691 3981 754 4048 per
776 3981 816 4030 ec
839 3963 923 4031 finis
947 3967 983 4030 et
1006 3964 1207 4032 mensurio:
1233 3964 1277 4032 de
1311 3981 1418 4049 super
1453 3964 1531 4050 ipsa
1565 3979 1650 4047 pars
1677 3965 1868 4029 coniuncta
1892 3961 1963 4030 ilne
1986 3961 2030 4029 de
2055 3961 2177 4032 eredes
2201 3961 2359 4048 iaquinli
2382 3966 2418 4030 et

510 4151 513 4159 ·
566 4116 739 4204 ruscinei‚
764 4117 846 4184 inde
869 4121 953 4185 sunt
975 4115 1072 4201 passi
1095 4115 1215 4185 decem
1238 4122 1275 4185 et
1291 4121 1382 4186 octo:
1400 4137 1422 4186 a
1440 4136 1522 4204 pars
1539 4116 1805 4204 septemtrionis
1822 4075 1952 4186 fine-de
1967 4122 2148 4186 consortes
2164 4122 2318 4206 nostros,
2333 4117 2417 4188 inde

566 4271 652 4337 sunt
674 4268 771 4356 passi
794 4268 1037 4356 quadraginta
1059 4269 1246 4356 quadtuor‚
1271 4270 1313 4338 de
1337 4289 1444 4356 super
1468 4271 1539 4338 fine
1561 4269 1605 4338 de
1629 4269 1695 4355 ipsi
1721 4273 1900 4337 consortes
1924 4270 2068 4356 nostri,
2101 4270 2185 4340 inde
2208 4277 2293 4340 sunt
2315 4271 2416 4358 passi

565 4419 741 4490 tridecim:
767 4442 790 4493 a
813 4440 896 4513 pars
920 4422 1068 4492 meridie
1091 4421 1324 4492 descendente
1346 4422 1418 4490 ilne
1442 4399 1485 4490 de
1508 4439 1679 4510 germano
1701 4426 1738 4490 et
1761 4419 1835 4488 illio
1858 4427 2019 4492 nostrum
2042 4428 2127 4492 sunt
2159 4441 2270 4511 usque
2294 4422 2417 4510 priore

564 4571 637 4640 fine
661 4571 755 4658 passi
779 4571 1024 4660 quadraginta
1047 4573 1235 4662 quadtuor.
1262 4573 1425 4643 Secunda
1449 4575 1547 4660 pecia
1572 4572 1691 4662 ibique
1718 4594 1742 4644 a
1764 4592 1870 4661 super
1894 4576 1975 4642 abet
1998 4574 2081 4643 fluis
2105 4580 2141 4644 et
2158 4573 2417 4646 mensuriarde

565 4726 691 4793 subtus
713 4726 785 4792 line
807 4727 975 4794 iohannis
996 4724 1216 4814 scaldalolia,
1241 4724 1323 4794 inde
1347 4729 1433 4792 sunt
1456 4726 1550 4813 passi
1577 4727 1703 4794 undeci
1728 4731 1765 4794 et
1789 4726 1967 4796 medium:
1992 4747 2016 4798 a
2051 4746 2136 4816 pars
2162 4729 2311 4799 meridie
2341 4729 2413 4800 fine

564 4878 719 4963 garami,
744 4878 826 4946 inde
849 4877 945 4965 passi
969 4879 1158 4965 quadtuor:
1184 4878 1227 4946 de
1249 4895 1356 4964 super
1379 4876 1451 4946 fine
1474 4881 1638 4966 germani
1663 4879 1789 4964 nostri,
1818 4881 1903 4948 inde
1925 4886 2010 4949 suut
2026 4881 2121 4968 passi
2139 4881 2273 4951 decem:
2294 4901 2414 4972 apars

567 5028 830 5115 septemtrionis
852 5029 923 5098 fine
946 5029 990 5098 de
1014 5030 1114 5098 redes
1137 5031 1298 5116 oazzocti,
1324 5029 1407 5099 inde
1429 5037 1514 5100 sunt
1538 5032 1633 5117 passi
1659 5031 1859 5120 quadtuor‚
1875 5037 1987 5102 totum
2004 5040 2251 5103 mensuratum
2266 5039 2307 5104 at
2322 5035 2416 5103 iusto

509 5183 511 5194 '
566 5199 674 5268 passu
696 5183 865 5250 hominis.
891 5183 1003 5250 Ambo
1025 5183 1184 5269 predicte
1207 5183 1306 5270 pecie
1329 5182 1374 5250 de
1400 5189 1497 5254 terra
1522 5204 1583 5273 per
1610 5185 1775 5257 iamdicto
1798 5187 1882 5254 finis
1913 5191 1951 5256 et
1987 5188 2169 5257 mensurio
2203 5189 2279 5257 tota
2302 5191 2338 5256 et
2361 5187 2417 5255 in·

566 5333 651 5401 clito
674 5349 756 5400 oum
779 5331 899 5401 omnia
923 5333 1019 5403 infra
1040 5353 1078 5403 se
1101 5334 1303 5423 abentibus,
1327 5339 1364 5403 et
1387 5354 1470 5403 uum
1495 5338 1571 5406 vice
1588 5337 1631 5406 de
1650 5339 1708 5408 via
1725 5359 1804 5428 sua,
1822 5339 1905 5410 illut
1921 5339 1986 5410 tibi
2004 5339 2158 5429 predicti
2178 5339 2325 5410 iohanni
2339 5359 2418 5428 pre·

578 5619 1004 5638 m

608 5829 632 5920 ¹)
654 5840 777 5906 Potius:
800 5841 944 5906 secundo
969 5860 1054 5908 anno
1076 5843 1232 5909 Sirreuti.
