5402 7088
1024 549 1427 625 DlPLOlld'l'lCUS
1926 647 1930 666 Ι
2033 549 2078 622 5ἶ

288 775 332 844 de
357 776 510 879 subtano
536 774 649 844 latere
673 776 777 862 quasi
801 793 823 844 a
846 793 930 862 pars
953 777 1101 844 orientis
1126 775 1196 845 dne
1219 775 1291 864 bia,
1311 777 1505 863 incipiente
1521 793 1544 843 a
1558 775 1725 860 termine,
1742 773 1804 860 qui
1823 773 1942 841 lictum
1959 777 2013 842 est
2036 775 2132 840 inter

282 943 324 994 ec
349 929 456 994 rebus
487 930 523 995 et
553 929 652 996 terra
675 945 756 994 cum
788 929 1024 996 castanietum
1048 927 1288 1013 pertinentem
1315 927 1358 996 de
1387 927 1537 996 ecclesia
1560 931 1685 996 sancte
1717 929 1829 996 marie
1852 924 1965 1012 plevis
1989 924 2032 993 de
2055 925 2130 1012 ipso

286 1076 402 1142 locum
427 1081 520 1154 rota,
545 1079 746 1160 etabiente
770 1095 833 1165 per
857 1079 935 1164 ipsa
957 1079 1027 1165 via,
1051 1081 1137 1146 sunt
1160 1078 1240 1146 inde
1264 1096 1326 1165 per
1350 1078 1533 1146 mensurio
1555 1078 1650 1164 passi
1675 1053 2068 1165 octuagintaquinque
2092 1083 2130 1146 ct

287 1232 408 1298 cuvito
433 1247 557 1317 unum,
583 1235 619 1299 et
642 1231 743 1318 quasi
768 1251 791 1300 a
814 1235 916 1318 parte
940 1217 1133 1299 occidentis
1155 1229 1226 1297 tine
1249 1229 1362 1316 ipsius
1384 1231 1543 1317 ecclesie,
1559 1231 1651 1298 sicut
1675 1230 1810 1297 termiti
1837 1233 1873 1297 et
1897 1217 2015 1298 media
2040 1247 2123 1316 sepe
2148 1264 2153 1272 ·

289 1383 483 1471 discernit,
510 1387 546 1452 et
569 1385 662 1452 sicut
685 1383 874 1472 coniungit
908 1383 946 1451 in
979 1383 1051 1453 alia
1074 1385 1132 1453 via
1155 1402 1314 1471 suprana
1337 1404 1406 1472 que
1429 1385 1572 1454 deducit
1607 1384 1701 1452 inter
1726 1385 1812 1454 istut
1845 1389 1881 1452 et
1915 1384 1989 1454 alia
2021 1386 2128 1455 rebus

288 1536 403 1623 ipsius
428 1535 600 1621 ecclesie,
626 1543 710 1605 sunt
734 1537 816 1605 inde
839 1537 933 1624 passi
958 1538 1185 1624 sebtuaginta
1208 1536 1386 1624 quadtuor
1411 1537 1505 1606 iusta
1527 1537 1607 1623 ipsa
1632 1555 1714 1624 sepe
1738 1542 1984 1606 mensuratum
2010 1542 2045 1606 et
2068 1557 2131 1624 per

288 1685 364 1770 ipsa
389 1687 449 1754 via
473 1704 630 1772 suprana
653 1693 849 1758 mensurati
874 1694 969 1778 passi
995 1693 1146 1777 triginta
1162 1695 1251 1776 octo,
1268 1688 1423 1776 qualiter
1446 1688 1596 1758 deducit
1621 1691 1690 1759 ista
1715 1692 1773 1761 via
1791 1691 1828 1758 in
1846 1695 1947 1778 parte
1961 1691 2130 1780 orientis,

287 1845 323 1909 et
345 1842 391 1908 ab
415 1839 482 1926 ipsi
507 1839 660 1926 triginta
684 1844 762 1909 octo
785 1843 879 1928 passi
898 1841 1055 1910 lassante
1080 1845 1157 1928 ipsa
1181 1843 1241 1910 bia
1265 1847 1301 1911 et
1323 1847 1493 1930 pergente
1517 1862 1580 1930 per
1611 1845 1681 1911 fine
1706 1843 1816 1932 ipsius
1839 1842 1987 1913 ecclesie
2005 1850 2126 1914 sancte

285 1993 410 2080 marie,
435 1995 530 2098 sicut
552 1994 669 2064 media
692 2013 774 2081 sepo
802 2001 838 2064 et
861 1996 997 2064 termiti
1023 1996 1208 2085 discernit,
1232 2003 1316 2066 sunt
1332 1999 1414 2066 inde
1429 2001 1523 2085 passi
1540 1998 1810 2086 quinquaginta
1827 2017 1936 2067 unum
1955 2005 1989 2068 et
2014 1997 2131 2087 palmo

285 2163 421 2232 unum,
447 2146 541 2214 sicut
563 2147 751 2236 coniungit
774 2148 819 2218 ad
846 2148 923 2234 ipsa
947 2148 1007 2216 via
1029 2148 1075 2216 da
1098 2153 1199 2234 parte
1222 2149 1370 2217 orientis
1393 2151 1512 2237 priore
1535 2151 1652 2220 flues:
1678 2155 1791 2218 totum
1815 2157 2060 2220 mensuratum
2083 2152 2128 2222 ad

284 2299 379 2365 iusto
401 2317 543 2385 passum
567 2301 735 2368 hominis.
763 2322 826 2388 per
850 2303 935 2372 istas
958 2304 1047 2370 lines
1070 2307 1107 2370 et
1129 2323 1313 2372 mensuras
1337 2303 1500 2372 inclitum
1528 2302 1610 2372 illut
1633 2305 1733 2372 nobis
1759 2305 1833 2390 ipse
1868 2305 1922 2373 leo
1956 2305 2128 2376 diaconus
2199 2355 2204 2362 -

274 2451 320 2520 ad
354 2450 545 2520 tenendum
569 2457 605 2520 et
630 2452 863 2523 lavorandum
887 2454 1037 2524 tradidit
1059 2454 1124 2524 tali
1149 2456 1286 2544 ordine,
1311 2463 1349 2524 ut
1374 2457 1502 2525 amodo
1526 2464 1560 2524 et
1583 2475 1732 2543 semper,
1757 2463 1859 2526 natos
1882 2464 2064 2545 nascente,
2083 2460 2128 2528 ad

281 2609 404 2674 nostra
427 2606 520 2674 etde
543 2609 674 2674 nostris
697 2607 862 2674 eredibus
884 2606 957 2677 sint
981 2612 1154 2695 potestate
1169 2627 1228 2676 eos
1244 2611 1434 2678 tenendum
1451 2614 1489 2679 et
1507 2609 1776 2698 dominandum,
1793 2615 1827 2678 et
1844 2613 1942 2680 lobee
1957 2617 1993 2680 et
2009 2612 2125 2680 omnis

281 2763 400 2826 nostre
425 2759 593 2827 utilitatis
618 2761 713 2828 iusta
736 2760 912 2827 rationem
936 2759 1068 2828 ibidem
1092 2761 1278 2848 faciamus,
1296 2768 1331 2832 et
1348 2763 1397 2831 ibi
1422 2766 1594 2838 faciamus
1612 2781 1697 2834 casa
1716 2763 1873 2850 lingnita
1897 2783 1998 2851 vona,
2017 2771 2053 2832 et
2071 2765 2120 2834 ibi

276 2907 633 2979 mlttamusominem
657 2911 701 2980 ad
725 2911 876 2997 abitare,
900 2912 1133 2982 olfaciamus
1158 2915 1206 2981 ibi
1231 2916 1323 3000 aira,
1350 2921 1384 2985 et
1410 2921 1485 2986 tota
1511 2917 1588 3004 ipsa
1612 2921 1716 2986 rebus
1741 2936 1803 3004 per
1826 2918 2014 2986 circoitum
2041 2917 2123 2987 illut

273 3064 458 3132 cludamus
480 3067 516 3132 et
538 3083 677 3151 semper
699 3066 835 3133 clusum
861 3068 1038 3152 abeamus,
1063 3067 1156 3134 sicut
1181 3071 1373 3147 meruerit,
1399 3073 1435 3135 ct
1460 3073 1571 3137 totum
1597 3071 1670 3156 ipso
1697 3072 1882 3138 arbustum
1906 3071 2117 3140 annualiter

272 3216 488 3302 temporibus
510 3217 585 3284 suis
609 3215 824 3304 lavoremus,
850 3221 1011 3304 potemus
1034 3221 1069 3286 et
1092 3221 1390 3307 propaginemus,
1414 3225 1467 3307 et,
1495 3220 1556 3288 ubi
1582 3224 1773 3308 meruerit,
1798 3225 1944 3290 arbores
1967 3228 2003 3291 et
2029 3225 2124 3293 vites

274 3370 372 3438 inira
396 3371 470 3456 ipso
494 3371 677 3439 arbustum
712 3369 761 3438 ibi
797 3376 1046 3458 pastenemus,
1071 3375 1239 3441 ettotam
1265 3375 1342 3458 ipsa
1367 3374 1579 3444 tradictione
1611 3377 1820 3447 annualiter
1855 3378 2055 3446 lavoremus
2086 3384 2125 3447 et

271 3521 444 3591 cultemus
466 3523 510 3591 de
533 3541 639 3610 super
662 3528 698 3592 et
720 3525 763 3592 de
785 3527 920 3612 subter,
944 3523 1036 3594 sicut
1061 3525 1157 3593 locus
1181 3527 1256 3613 ipse
1280 3530 1464 3615 meruerit,
1490 3531 1668 3615 quatenus
1694 3529 1884 3615 proficiant
1907 3537 1942 3597 et
1967 3549 2037 3598 non
2064 3532 2117 3599 di·

272 3681 451 3763 spereant;
475 3679 613 3746 etcum
638 3677 814 3747 vindemie
840 3684 977 3766 tempus
1001 3679 1120 3767 luerit,
1138 3680 1311 3748 iaciamus
1333 3681 1426 3748 scire
1450 3683 1525 3767 ipse
1549 3680 1604 3748 leo
1627 3682 1798 3749 diaconus
1821 3681 1875 3750 vel
1901 3700 1984 3767 pars
2006 3684 2118 3770 ipsius

270 3831 429 3919 ecclesie,
454 3835 495 3899 ut
518 3831 653 3920 dirigat
677 3831 806 3900 ibidem
830 3833 988 3921 missum,
1013 3839 1050 3902 et
1073 3853 1135 3922 per
1158 3838 1315 3920 tempore
1341 3833 1415 3922 ipso
1438 3836 1627 3917 arbustum
1651 3836 1792 3902 salbum
1816 3835 2003 3921 faciamus,
2020 3837 2116 3906 sicut

271 3985 471 4072 meruerit,
496 3983 691 4072 usquedum
714 3983 797 4052 illut
821 3985 1077 4054 vindemiemus
1099 3989 1135 4054 ct
1158 3987 1298 4054 benerit
1322 3987 1397 4073 ipso
1422 3986 1570 4053 missum
1596 3984 1647 4052 ibi
1676 3991 1711 4054 et
1735 3985 1812 4072 ipsa
1838 3984 2005 4054 tradictio
2030 3989 2118 4054 tem·

271 4135 418 4224 poribus
432 4131 513 4206 'suis
536 4135 805 4226 vindemiemus,
822 4137 915 4207 sicut
929 4139 1114 4227 meruerit,
1130 4141 1167 4207 et
1183 4142 1296 4208 totum
1320 4137 1394 4224 ipso
1418 4139 1541 4206 vinum
1566 4139 1687 4226 ibique
1719 4138 1764 4207 ad
1788 4139 2007 4226 palmentum
2025 4139 2122 4208 inter

271 4305 336 4357 nos
356 4287 574 4358 dividamus:
599 4293 675 4377 ipso
697 4288 844 4357 mis'sum
859 4287 921 4357 'vel
945 4309 1028 4378 pars
1052 4289 1164 4378 ipsius
1187 4291 1334 4360 ecclesie
1357 4289 1466 4360 tollad
1492 4290 1568 4379 ipso
1593 4292 1716 4360 vinum
1740 4291 1978 4379 medietatem,
1996 4297 2032 4362 et
2056 4311 2124 4362 nos

271 4441 327 4512 vel
351 4441 483 4510 nostris
505 4442 670 4510 credibus
692 4439 859 4510 tollamus
888 4443 1026 4532 reliqua
1062 4443 1250 4514 medietate
1272 4449 1308 4514 et
1331 4445 1526 4534 adsignare
1551 4447 1653 4514 nobis
1683 4443 1814 4513 ibidem
1842 4463 2038 4533 organeum
2062 4465 2121 4513 vo·

269 4613 357 4667 num
383 4599 430 4668 da
453 4601 598 4686 vinum,
623 4603 660 4667 et
682 4617 745 4667 nos
767 4597 821 4665 vel
846 4597 978 4666 nostris
1001 4600 1165 4668 eredibus
1187 4605 1299 4670 totum
1322 4602 1399 4688 ipso
1421 4603 1608 4670 arbustum
1639 4601 1906 4687 vindemiemus
1930 4603 2023 4669 sicut
2046 4619 2118 4668 me·

269 4753 396 4840 ruerit,
423 4757 460 4822 et
483 4753 559 4840 ipso
582 4771 779 4843 organeum
802 4755 933 4822 bonum
958 4753 1171 4842 conciemus,
1196 4754 1289 4824 sicut
1314 4755 1496 4843 meruerit,
1521 4759 1558 4824 et
1582 4771 1796 4841 reponamus
1821 4755 1895 4842 ipso
1922 4771 2124 4843 organeum

270 4905 390 4992 ibique
415 4905 512 4973 intus
534 4905 611 4991 ipsa
633 4924 715 4975 casa
747 4911 783 4974 ct
807 4905 857 4973 ibi
882 4925 1094 4992 reponamus
1121 4908 1199 4995 ipsa
1223 4925 1347 4975 eorum
1371 4908 1529 4976 sortione
1552 4906 1596 4975 de
1623 4905 1699 4994 ipso
1721 4908 1860 4995 vinum,
1884 4915 1921 4976 et
1942 4907 2124 4977 iaciamus

273 5059 391 5162 ipsius
416 5060 509 5128 leoni
545 5061 599 5130 vel
634 5061 678 5130 ad
701 5080 785 5149 pars
808 5061 921 5149 ipsius
943 5060 1089 5130 ecclesie
1111 5058 1318 5128 annualiter
1352 5063 1428 5146 ipso
1461 5061 1584 5127 vinum
1607 5058 1761 5148 salbum,
1784 5060 1895 5129 donec
1930 5060 2011 5129 illut
2035 5059 2122 5130 inde

276 5211 426 5282 tulerint
448 5214 581 5300 absque
603 5212 876 5301 degeneratione
899 5217 935 5281 et
957 5213 1080 5300 ingne,
1097 5211 1261 5280 tollentes
1283 5213 1366 5281 inde
1391 5215 1465 5298 ipso
1490 5214 1627 5301 vinum,
1647 5214 1722 5301 ipso
1740 5231 1938 5302 organeum
1955 5215 2122 5284 labarent

274 5371 309 5436 et
333 5365 549 5455 studiarent,
572 5366 663 5436 sicut
685 5367 871 5452 meruerit,
887 5371 923 5434 et
939 5366 1013 5454 ipso
1036 5365 1180 5432 missum
1205 5367 1405 5434 nutriemus
1427 5366 1618 5434 secundum
1644 5372 1765 5436 nostra
1789 5366 2063 5454 possivilitatem
2083 5373 2120 5438 et

271 5517 437 5588 daremus
471 5517 517 5587 ad
551 5519 627 5607 ipso
651 5519 795 5587 missum
829 5517 1035 5588 annualiter
1058 5520 1320 5606 palmentatica
1353 5538 1423 5588 uno
1446 5523 1548 5608 pario
1586 5519 1629 5588 de
1653 5520 1756 5608 pulli,
1782 5524 1818 5589 et
1840 5539 1908 5607 que
1932 5519 2057 5589 amodo
2080 5527 2118 5590 et

234 5741 236 5744 .
268 5689 406 5759 semper
431 5671 561 5741 ibidem
585 5662 896 5760 seminaberimus,
920 5671 1042 5740 demus
1067 5673 1149 5741 inde
1174 5673 1285 5760 ipsius
1310 5672 1401 5741 leoni
1424 5673 1482 5742 vel
1513 5673 1558 5742 ad
1582 5691 1666 5759 pars
1697 5673 1811 5760 ipsius
1843 5673 2115 5760 archiepiscopii

270 5825 478 5897 annualiter
508 5828 717 5896 terraticum
743 5825 1250 5895 secundumconsuetudinem
1274 5826 1317 5897 de
1343 5833 1418 5916 ipso
1441 5828 1574 5904 locum;
1600 5829 1687 5897 etsi
1713 5827 1760 5894 ibi
1787 5828 1929 5898 abuerit
1953 5846 2056 5913 poma
2081 5831 2118 5896 in

387 6005 392 6010 '
414 6011 486 6071 dour.
505 6024 540 6070 vr.
765 6021 768 6026 ·
1445 6083 1447 6089 k
1887 6018 1905 6076 8
