5456 7096
889 533 892 538 ·
1002 494 1453 576 uletonllllcus
2056 508 2097 584 ll

345 750 363 790 «
389 722 560 795 venditio
585 725 706 794 terrae
730 723 768 792 in
795 723 870 793 loco
894 723 1068 794 ‘rusciano
1092 725 1186 795 sacta
1208 725 1370 798 Pandoni
1394 730 1600 818 presbytero
1623 729 1696 800 lilio
1719 731 1825 803 Rosci
1849 736 1896 803 ab
1918 737 2051 804 Ursone
2076 734 2153 806 lilio

301 901 321 942 e
348 876 501 947 udoaldi
525 876 568 946 de
592 875 666 944 loco
691 877 834 945 Furano
857 873 988 944 finibus
1010 877 1237 964 Campaniae.

348 1031 541 1100 Proelium
563 1031 774 1098 venditionis
797 1027 884 1115 fuit:
909 1031 990 1100 auri
1015 1034 1132 1099 tareni
1157 1037 1322 1119 quatuor.

351 1187 501 1256 notant
523 1204 667 1264 nomeu.
693 1186 778 1270 quio
803 1185 983 1271 obrosum,
1006 1186 1073 1272 lapi
1094 1187 1231 1253 minime
1248 1189 1374 1270 potest.

351 1342 430 1408 Duo
453 1340 586 1408 adsunt
609 1339 885 1424 subscriptiones
908 1339 1062 1406 testium:

352 1465 383 1583 †
407 1495 481 1581 Ego
506 1494 666 1561 Iohanne
690 1491 865 1580 presbiter
888 1510 932 1559 uc
955 1511 1011 1560 me
1035 1493 1146 1560 recolo
1170 1508 1246 1560 esse

350 1617 381 1734 †
405 1646 476 1730 Ego
499 1645 665 1714 Dilectus,

1106 2267 1355 2352 CMXVI·

1078 2569 1135 2643 A.
1163 2569 1217 2644 D.
1247 2569 1375 2646 1037.

351 2803 386 2945 †
411 2857 450 2923 ln
476 2859 624 2926 nomine
643 2858 776 2926 domini
801 2875 894 2925 nono
913 2857 1048 2926 decimo
1070 2877 1165 2928 anno
1182 2859 1405 2946 principatus
1420 2860 1539 2928 domni
1558 2858 1672 2926 nostri
1690 2859 1870 2946 guaimari
1889 2858 2037 2946 gloriosi
2063 2857 2162 2944 prin·

305 3008 408 3098 cipis,
423 3009 491 3078 fllii
507 3011 626 3078 domni
643 3011 826 3099 guaimari
845 3010 1029 3098 principis,
1045 3030 1165 3082 mense
1182 3014 1335 3102 magius,
1352 3015 1482 3101 quinta
1497 3012 1703 3102 indictione.
1717 3031 1783 3100 ego
1797 3014 1851 3082 leo
1864 3013 1961 3081 lilius
1978 3013 2158 3101 quondam

310 3167 419 3253 petri,
444 3166 529 3234 dum
554 3165 722 3252 prestitui
748 3165 854 3235 disiio
878 3165 953 3234 filio
979 3167 1154 3254 quondam
1173 3168 1280 3255 disigi
1298 3168 1474 3255 quadtuor
1489 3169 1569 3238 anri
1585 3168 1672 3257 tari,
1689 3173 1730 3237 ut
1744 3169 1868 3237 amodo
1883 3173 1918 3237 et
1933 3186 2044 3256 usqne
2067 3185 2159 3236 com-

307 3318 392 3409 pleti
417 3319 556 3388 duobus
578 3319 666 3390 anni
690 3319 733 3388 de
757 3320 1007 3408 suprascripto
1031 3339 1150 3390 mense
1174 3324 1315 3411 magius
1338 3324 1413 3410 ipse
1436 3323 1541 3391 disiio
1563 3323 1619 3392 vel
1642 3322 1720 3392 eius
1742 3324 1864 3392 eredes
1888 3279 2027 3421 reddere
2051 3323 2160 3392 michi

311 3470 454 3559 meique
479 3472 658 3560 enodibus,
683 3473 737 3541 vel
761 3437 817 3542 cui
843 3474 984 3541 brebem
1010 3473 1076 3540 iste
1103 3473 1142 3540 in
1164 3493 1309 3544 manum
1333 3479 1507 3566 paruerit,
1531 3476 1594 3546 alii
1622 3477 1798 3564 qnadtuor
1815 3479 1892 3546 auri
1921 3480 1991 3547 tari
2010 3480 2105 3557 boni,
2126 3481 2162 3549 et

308 3647 372 3714 pro
395 3629 502 3715 prode
525 3629 568 3697 de
593 3628 662 3716 ipsi
688 3629 758 3697 lari
785 3623 894 3697 deant
916 3627 1019 3694 nobis
1042 3646 1105 3715 per
1129 3631 1244 3696 omnis
1260 3648 1395 3699 annum
1412 3633 1455 3700 de
1472 3633 1649 3700 vindemie
1666 3634 1703 3701 in
1723 3635 1827 3702 rebus
1850 3653 1916 3703 sua
1940 3634 2026 3702 dare
2051 3635 2163 3704 michi

310 3800 384 3852 una
406 3803 534 3854 sauma
558 3784 601 3851 de
625 3783 746 3851 vinum
775 3784 904 3851 bonum
931 3785 966 3850 in
992 3783 1105 3849 locum
1132 3782 1277 3870 uliaria,
1302 3788 1421 3852 tamen
1447 3785 1524 3870 ipso
1540 3787 1662 3852 vinum
1678 3785 1763 3854 dare
1779 3784 1881 3852 nobis
1897 3803 1960 3871 per
1989 3787 2160 3872 tempore,

308 3940 453 4028 quando
474 3901 547 4006 illis
570 3939 645 4027 ipso
670 3942 792 4006 vinum
820 3957 923 4006 suum
948 3939 1029 4006 inde
1053 3939 1221 4008 aduxerit
1243 3942 1280 4008 et
1303 3939 1439 4008 iaciant
1462 3957 1526 4007 nos
1550 3939 1642 4007 scire
1668 3941 1778 4008 tertia
1801 3939 1869 4023 die,
1897 3941 2056 4027 antequa
2080 3939 2162 4010 illut

308 4091 391 4160 inde
407 4093 580 4162 eduxerit
597 4109 661 4179 pro
676 4092 909 4160 nunciandum
927 4110 992 4159 nos
1008 4109 1219 4182 organeum,
1237 4095 1296 4161 ubi
1317 4093 1419 4162 illum
1435 4113 1658 4180 reponamus
1676 4093 1719 4162 de
1736 4113 1807 4181 qua
1824 4113 1886 4181 per
1911 4094 2164 4166 convenientia

308 4245 445 4332 guadia
471 4246 560 4314 mihi
587 4245 661 4331 ipse
685 4244 789 4312 disiio
812 4245 907 4330 dedi,
931 4251 968 4314 et
993 4247 1188 4316 mediatore
1212 4249 1300 4317 mihi
1325 4251 1445 4336 posuit
1468 4251 1561 4319 maio
1585 4250 1658 4317 filio
1675 4249 1854 4336 quondam
1870 4248 2018 4336 maioni;
2039 4254 2075 4318 et
2098 4267 2161 4336 per

310 4403 385 4488 ipsa
411 4404 549 4490 guadia
572 4403 746 4490 obligavit
769 4422 807 4472 se
832 4407 868 4471 et
894 4422 975 4471 suos
999 4402 1135 4490 eredeS,
1160 4409 1199 4472 ut
1222 4405 1250 4470 si
1277 4402 1399 4472 taliter
1423 4404 1543 4472 omnia
1567 4402 1809 4489 suprascripta
1831 4403 1933 4470 nobis
1956 4421 2026 4470 non
2050 4403 2164 4473 adim·

311 4557 464 4645 pleverit
487 4564 523 4628 (1
545 4557 589 4627 (1(
613 4561 857 4646 suprascripta
882 4558 1012 4646 aliquit
1034 4558 1307 4644 contradixerit,
1333 4576 1395 4644 per
1418 4558 1494 4644 ipsa
1517 4556 1651 4645 guadia
1665 4560 1701 4624 et
1716 4575 1779 4643 per
1802 4555 2052 4626 convenientia
2076 4556 2163 4626 obli-

308 4714 413 4801 gavit
436 4731 473 4780 se
497 4717 532 4782 (1
555 4731 636 4780 suos
658 4713 781 4781 eredes
803 4730 1012 4800 componere
1036 4711 1150 4798 nobis,
1175 4716 1212 4778 et
1234 4715 1294 4778 cui
1319 4712 1462 4778 brebem
1488 4713 1553 4778 iste
1578 4713 1615 4778 in
1640 4728 1785 4778 manum
1815 4711 2002 4799 paruerit,
2040 4711 2160 4781 decem

310 4868 391 4937 auri
416 4865 545 4934 solidos
567 4867 814 4935 constantines
836 4870 873 4934 et
897 4863 987 4935 talia
1011 4865 1114 4933 nobis
1140 4863 1367 4951 complirent,
1390 4868 1426 4932 et
1448 4865 1523 4951 ipse
1546 4864 1740 4933 mediatore
1765 4865 1930 4951 apposuit
1945 4881 1982 4932 se
1997 4866 2098 4933 nobis
2115 4866 2159 4934 ad

309 5019 580 5108 pignerandum
603 5037 748 5088 causam
774 5037 876 5088 suam
905 5017 1067 5106 legitimo
1090 5023 1126 5087 et
1140 5017 1354 5107 inlegitimo,
1369 5018 1441 5088 alio
1456 5017 1508 5086 sic
1524 5037 1562 5087 se
1578 5015 1832 5106 apposuit-ipse
1862 5017 1999 5086 devitor
2026 5022 2062 5088 et
2086 5020 2163 5088 eius

310 5175 442 5246 eredes
466 5174 510 5244 ad
537 5174 655 5262 ipsum
679 5173 874 5243 mediatore
899 5173 943 5243 ad
968 5171 1242 5261 pignerandum,
1268 5171 1360 5259 quod
1385 5172 1508 5256 scripsi
1532 5189 1599 5260 ego
1622 5171 1828 5242 smaraedus
1850 5171 2024 5241 notarius.

362 5296 392 5414 †
417 5327 493 5412 Ego
516 5324 677 5393 ademari
702 5341 757 5392 me
780 5324 970 5410 subscripsi

362 5449 393 5568 †
422 5481 496 5566 Ego
520 5477 680 5548 alderissi
704 5477 865 5548 notarius
889 5495 943 5544 me
967 5475 1175 5564 subscripsi.
