5456 7096
520 545 522 550 ’
567 512 637 588 tiu
1204 507 1379 582 00qu
1412 505 1680 586 cavensis

517 739 564 809 ad
591 736 813 826 palmentum
837 735 1068 824 procuraret,
1095 738 1132 804 et
1153 750 1257 821 poma
1280 731 1411 801 exinde
1434 750 1499 801 suo
1523 735 1678 820 ternpore
1700 733 1911 825 colliierent,
1935 740 1974 805 et
1988 736 2032 806 de
2045 737 2160 806 omnis
2182 739 2305 808 vinum
2326 743 2363 810 et

521 910 641 979 poma,
662 908 771 977 quam
788 887 872 957 inde
886 887 1035 974 exierit,
1053 884 1141 954 dare
1162 882 1266 952 nobis
1288 883 1344 952 vel
1367 883 1412 954 ad
1434 887 1582 954 missum
1598 889 1759 956 nostrum
1776 885 1896 974 ibique
1911 886 2150 977 medietatem,
2167 893 2203 958 et
2218 889 2284 990 sivi
2302 892 2366 961 ba·

524 1043 624 1111 beret
639 1040 882 1124 medietatem3‘
905 1041 941 1106 et
963 1039 1043 1125 ipsa
1067 1035 1296 1106 medietatem
1317 1040 1441 1107 nostra
1463 1035 1507 1106 de
1529 1038 1606 1126 ipso
1628 1040 1752 1107 vinum
1776 1037 1847 1108 illis
1869 1041 2025 1127 reponad
2049 1042 2170 1131 ibique
2193 1044 2241 1114 ad
2256 1045 2362 1116 cella·

520 1195 616 1264 rium
640 1197 816 1280 nostrum,
833 1208 902 1278 que
918 1190 969 1290 ibi
984 1191 1165 1276 abeamus
1188 1189 1227 1258 in
1252 1207 1411 1277 organea
1433 1195 1555 1260 nostra
1578 1190 1846 1282 (latinumque
1862 1193 2006 1263 illorum
2022 1195 2362 1286 ibiqueassignabe·

520 1347 648 1432 rimus,
667 1363 736 1432 que
751 1362 815 1432 per
833 1343 904 1410 illis
925 1343 998 1411 sint
1020 1361 1085 1428 per
1110 1359 1247 1411 annum
1271 1343 1363 1412 bona
1385 1342 1550 1413 conciata
1571 1347 1608 1414 et
1630 1343 1801 1432 stodiam,
1818 1348 1854 1414 et
1869 1345 1987 1416 saciad
2002 1347 2104 1416 uobis
2127 1349 2266 1419 salbum
2290 1353 2366 1438 ipso

527 1499 649 1566 vinum
674 1501 850 1584 nostrum,
867 1496 979 1565 donec
995 1495 1079 1565 illut
1096 1495 1182 1565 inde
1204 1497 1382 1584 tollamus,
1399 1497 1532 1583 absque
1547 1495 1860 1584 degenerationem
1875 1500 1912 1565 et
1926 1503 2061 1586 ignem5
2076 1499 2168 1571 etde
2183 1501 2276 1588 quod
2301 1501 2366 1570 ibi·

533 1651 612 1722 dem
638 1651 872 1722 seminaberit
893 1669 957 1739 per
981 1666 1130 1734 annum,
1155 1651 1263 1716 totum
1281 1645 1366 1714 illut
1381 1644 1451 1714 sibi
1467 1647 1626 1731 heberet,
1643 1649 1785 1714 tantum
1801 1644 2011 1715 terraticum
2027 1645 2109 1717 inde
2125 1651 2228 1717 nobis
2241 1651 2369 1720 darent

528 1806 650 1893 ibique
676 1804 873 1874 secundum
895 1802 1113 1872 consuetudo
1137 1801 1252 1888 ipsius
1277 1800 1373 1875 locis;
1390 1803 1438 1885 et,
1455 1799 1539 1868 dum
1562 1815 1626 1886 pro
1649 1798 1727 1884 ipsa
1748 1796 1929 1866 vindemia
1951 1801 1987 1866 et
2008 1819 2072 1886 pro
2093 1799 2173 1886 ipsa
2199 1802 2274 1872 alia
2296 1803 2370 1872 spu.

506 1956 583 2025 dia
606 1955 799 2024 tollendum
824 1973 887 2043 per
911 1973 1047 2024 annum
1071 1953 1122 2020 ibi
1145 1949 1351 2020 steterimus
1373 1966 1438 2017 nos
1461 1951 1512 2016 vel
1536 1952 1684 2018 missurn
1706 1954 1891 2040 nostrum,
1927 1950 1999 2020 illis
2025 1971 2090 2021 nos
2113 1956 2295 2025 nutrirent
2309 1975 2369 2027 se·

517 2109 674 2178 cundum
696 2126 799 2178 suam
822 2105 1093 2194 possivilitatem
1117 2107 1153 2171 et
1176 2067 1430 2190 palmentatica
1452 2103 1555 2171 nobis
1579 2103 1720 2191 darent,
1744 2104 1839 2174 sicut
1860 2105 2075 2175 consuetudo
2098 2112 2162 2176 est.
2191 2108 2237 2176 Et
2258 2106 2301 2198 {si
2326 2108 2370 2176 de
2456 2185 2461 2192 ,

524 2263 601 2349 ipso
625 2261 737 2330 locum
762 2259 895 2330 exierit
917 2278 981 2347 pro
1005 2257 1118 2329 aliubi
1141 2260 1186 2329 ad
1209 2259 1421 2329 avitandum
1443 2277 1507 2346 pro
1524 2261 1579 2328 ira
1594 2256 1739 2344 seniori,
1757 2261 1821 2326 aut
1835 2272 1899 2344 pro
1913 2256 2156 2345 generatione,
2172 2263 2238 2328 aut
2263 2263 2292 2328 si
2311 2263 2365 2328 ta··

523 2413 591 2484 1611
616 2414 769 2482 fecerint
790 2411 943 2501 culpam,
968 2411 1062 2481 unde
1087 2414 1126 2480 in
1149 2412 1332 2498 publicum
1355 2409 1408 2479 vel
1431 2407 1477 2478 ad
1500 2408 1572 2478 alio
1595 2409 1739 2477 homine
1761 2405 1888 2492 ended,
1905 2410 1991 2474 tunc
2011 2405 2138 2475 inclita
2153 2405 2238 2494 'ipsa
2253 2411 2366 2479 tradi·

523 2565 640 2634 ctione
663 2565 822 2634 rebertat
844 2563 891 2632 ad
914 2565 1091 2649 potestate
1114 2579 1194 2630 mea
1216 2561 1271 2630 vel
1293 2561 1337 2631 de
1359 2561 1449 2630 meis
1470 2562 1674 2630 heredibus.
1701 2561 1800 2628 Etsi
1826 2560 1994 2630 forsitans
2023 2560 2119 2629 inira
2140 2561 2256 2629 tribus
2279 2563 2368 2630 anni

515 2717 554 2784 in
588 2715 665 2802 ipso
698 2713 812 2782 locum
846 2711 1020 2782 redierint
1052 2715 1090 2781 et
1123 2711 1301 2781 voluerint
1325 2711 1407 2780 illut
1440 2712 1638 2781 recolliiere
1666 2711 1704 2779 in
1727 2711 1933 2800 supradicto
1956 2712 2106 2782 hordine
2129 2712 2175 2782 ad
2199 2713 2367 2782 laboran-

514 2860 612 2949 dum,
637 2865 847 2948 potestatem
869 2863 1003 2932 abeant
1025 2862 1108 2931 illut
1131 2861 1326 2932 recolliiere
1348 2865 1445 2932 etin
1467 2863 1842 2950 supradictohordine
1866 2862 1949 2934 illut
1972 2863 2187 2934 laborarent.
2214 2866 2371 2935 Tantum
2405 2827 2411 2836 ’

516 3013 579 3083 1116
602 3033 697 3085 anno
721 3014 813 3104 quod
836 3015 885 3085 ibi
910 3015 1070 3106 redierit,
1094 3018 1124 3085 si
1148 3017 1255 3086 rebus
1278 3017 1356 3104 ipsa
1377 3015 1540 3087 laborata
1564 3016 1757 3103 inbeuerit‚
1782 3033 1854 3084 non
1876 3023 2030 3103 querant
2052 3019 2113 3087 illo
2136 3035 2231 3088 anno
2255 3017 2299 3086 de
2316 3019 2372 3106 ip·

516 3187 555 3238 so
578 3169 710 3238 trudio.
735 3171 780 3240 Et
802 3170 909 3259 quale
932 3175 1088 3258 tempore
1112 3169 1195 3238 illut
1216 3173 1339 3238 tenere
1361 3173 1397 3237 61
1420 3167 1582 3238 laborare
1604 3168 1797 3256 noluerint,
1822 3178 1887 3238 aut
1912 3187 1983 3236 non
2008 3171 2214 3256 potuerint,
2244 3169 2373 3238 inclita

516 3323 727 3410 supradicta
750 3323 947 3392 traditione
969 3328 1115 3412 operata
1138 3327 1174 3391 et
1196 3321 1333 3390 cultata
1356 3319 1526 3388 debonis
1552 3320 1710 3388 arbustis
1734 3319 1859 3390 vitatis
1881 3323 1917 3389 ot
1938 3320 2104 3392 studiatis
2128 3321 2307 3408 perfectis,
2338 3327 2375 3392 et
2491 3295 2494 3302 ’

519 3477 709 3545 circoitum
733 3476 828 3544 unde
850 3477 1036 3563 meruerit,
1060 3475 1169 3544 clusis
1193 3473 1384 3544 remittant
1406 3473 1453 3543 ad
1475 3477 1687 3560 potestatem
1708 3492 1788 3543 mea
1811 3473 1867 3542 vel
1889 3473 1933 3543 de
1957 3478 2045 3544 meis
2069 3476 2236 3545 enodibus
2257 3481 2294 3546 et
2322 3477 2373 3546 sic

520 3624 631 3700 licead
655 3629 757 3697 illum
781 3634 817 3698 et
839 3630 896 3697 sui
919 3629 1042 3698 eredes
1065 3628 1147 3696 inde
1169 3627 1270 3694 exire
1293 3645 1376 3694 cum
1398 3626 1517 3696 omnia
1539 3645 1606 3696 sua
1628 3645 1738 3696 causa
1753 3625 1910 3713 mobilia,
1934 3633 1970 3696 et
1993 3634 2146 3715 pergant
2170 3629 2231 3697 ubi
2256 3631 2377 3698 volue-

520 3783 611 3851 rint.
637 3783 736 3852 Unde
761 3785 794 3848 in
817 3799 859 3850 eo
880 3782 1031 3864 hordine
1054 3801 1117 3869 per
1140 3779 1433 3849 combenientiam
1455 3777 1700 3866 guadiamibi
1724 3778 1821 3848 dedit
1843 3781 1919 3867 ipse
1941 3782 2098 3851 stefanus
2132 3783 2208 3850 vice
2239 3799 2306 3851 sua
2338 3785 2374 3850 et

525 3937 607 4005 vice
630 3936 674 4004 de
697 3937 813 4022 ipsum
838 3936 1010 4003 iohannes
1031 3951 1204 4022 germano
1226 3951 1303 4020 suo,
1328 3935 1364 4002 et
1385 3932 1614 4001 mediatorem
1631 3933 1719 4000 mihi
1737 3934 1854 4018 posuit
1867 3933 2020 4020 seipsum
2036 3952 2100 4021 per
2122 3936 2283 4022 apposita
2306 3952 2377 4002 om·

499 4091 582 4194 ¹nis
605 4107 672 4157 sua
695 4103 840 4158 causam
866 4086 1025 4173 legitimo
1047 4088 1084 4154 et
1106 4084 1319 4173 inlegitima
1353 4052 1394 4153 ut
1427 4084 1458 4152 si
1494 4085 1616 4153 taliter
1653 4085 1774 4154 omnia
1808 4086 2051 4172 suprascripta
2085 4105 2148 4174 per
2178 4087 2378 4174 supradicto

523 4239 676 4308 hordine
700 4237 761 4308 1116
783 4243 820 4307 61
843 4239 919 4326 ipse
941 4254 1112 4324 germano
1134 4252 1198 4303 suo
1221 4238 1257 4304 61
1279 4233 1421 4303 illorum
1443 4235 1568 4304 eredes
1585 4236 1674 4304 111111
1698 4239 1837 4324 meique
1859 4239 2049 4308 heredibus
2071 4257 2142 4307 non
2166 4241 2379 4328 adimplebe·

525 4393 603 4460 rint
626 4395 665 4460 et
687 4390 819 4478 aliquit
842 4389 925 4459 inde
947 4388 1257 4477 contradixerint,
1297 4341 1360 4476 per
1384 4387 1461 4474 ipsa
1482 4388 1616 4474 guadia
1639 4405 1847 4476 componere
1868 4390 2040 4480 obligavit
2063 4392 2198 4480 seipse
2220 4393 2379 4465 stefanus

524 4547 561 4614 et
589 4544 647 4611 sui
671 4542 796 4611 eredes
818 4540 907 4610 mibi
932 4540 1106 4610 nominati
1132 4538 1280 4610 iohanni
1305 4537 1426 4607 comiti
1441 4545 1478 4608 et
1492 4539 1538 4608 ad
1554 4539 1643 4608 meis
1658 4539 1848 4609 heredibus
1861 4541 1994 4629 biginti
2010 4541 2091 4612 auri
2114 4543 2215 4612 solidi
2239 4554 2378 4617 costan-

524 4696 595 4762 tini
619 4699 656 4764 et
679 4695 801 4761 omnia
824 4690 1068 4787 suprascripta
1092 4707 1156 4776 per
1179 4687 1421 4776 supradictum
1444 4688 1628 4758 hordinem
1654 4691 1757 4759 nobis
1771 4691 2020 4781 adimplerent.
2047 4695 2145 4771 Quod
2160 4696 2285 4784 scripsi
2310 4716 2375 4786 ego

528 4847 723 4935 myrandus
744 4847 918 4916 notarius.

575 4972 610 5088 †
633 5001 708 5086 Ego
730 5001 850 5084 petrus
872 4994 1035 5064 notarius
1058 5012 1115 5062 me
1136 4993 1330 5079 subscripsi

575 5123 606 5243 †
631 5153 706 5240 Ego
729 5150 902 5220 madelmo
925 5147 1087 5218 notarius
1109 5165 1166 5216 me
1187 5147 1393 5234 subscripsi.

1238 5495 1662 5512 m
