5402 7088
993 532 1392 638 oratoriar-rcus
2026 544 2074 618 ss

270 762 309 832 et
333 775 398 845 pro
421 757 552 846 quibus
573 757 699 846 paruit
722 759 799 845 ipso
822 758 995 848 scripturn
1019 761 1058 830 in
1083 781 1227 834 manum
1251 765 1363 852 ipsius
1386 721 1485 852 petri⁸
1508 771 1698 856 cognatum
1734 769 1845 856 ipsius
1879 769 2001 840 alcare
2033 775 2119 841 ante

275 913 456 999 presentia
480 910 592 999 ipsius
615 912 739 1000 iudici;
766 911 844 984 ideo
867 915 945 1002 ipsa
968 915 1092 985 aioara
1114 935 1194 986 cum
1218 917 1335 1004 ipsum
1350 921 1472 1008 petrus
1486 923 1678 1008 cognatum
1693 938 1797 990 suum
1812 923 1878 990 hec
1894 923 2120 993 combenien·

276 1063 382 1152 tiam,
406 1063 499 1152 quod
522 1067 723 1153 snpscripta
745 1068 853 1136 rebus
874 1066 918 1136 de
941 1066 1058 1138 calore
1081 1069 1182 1138 etde
1205 1070 1423 1154 pertinentia
1445 1074 1522 1141 tota
1545 1070 1588 1140 de
1609 1073 1821 1160 caputaquis
1847 1073 2033 1176 nobiscum
2063 1076 2116 1145 fa·

274 1234 356 1288 cere
380 1218 550 1307 previdit,
576 1222 613 1286 in
638 1239 678 1288 oc
701 1220 903 1309 ordinant
927 1220 1002 1308 ipse
1024 1223 1197 1292 iohannes
1221 1227 1383 1310 nepotem
1406 1241 1523 1292 meum
1545 1222 1642 1294 filius
1664 1224 1842 1312 quondam
1858 1225 2066 1316 rodelgrimi
2082 1231 2120 1298 et

275 1372 343 1461 ipsi
366 1372 433 1442 filii
459 1373 638 1460 quondam
663 1374 826 1464 guidoni,
852 1377 913 1463 qui
938 1375 1006 1443 fuit
1029 1391 1223 1462 germanus
1246 1393 1358 1464 meus,
1381 1379 1458 1446 tota
1481 1379 1517 1445 et
1540 1376 1667 1446 inclita
1690 1376 1768 1463 ipsa
1791 1381 1896 1447 rebus
1919 1379 2053 1450 dstote
2076 1381 2130 1448 n..

269 1527 328 1596 nis
358 1529 393 1596 et
417 1526 679 1614 pertinentiam
702 1527 745 1596 de
769 1527 995 1616 caputaquis,
1020 1530 1086 1596 hoc
1109 1533 1161 1596 est
1183 1531 1296 1596 totum
1322 1529 1402 1598 illut
1423 1530 1485 1618 qui
1502 1528 1571 1598 fuit
1589 1530 1700 1616 ipsius
1716 1530 1901 1618 grimoaldi
1918 1533 2039 1601 comiti
2056 1495 2117 1621 ge·

280 1677 390 1748 nitori
416 1697 493 1748 meo
515 1684 552 1747 et
575 1681 657 1748 abio
681 1682 863 1768 ipsorum,
887 1681 952 1750 filii
976 1679 1148 1770 guidoni,
1173 1681 1274 1750 etde
1297 1683 1414 1768 ipsum
1435 1680 1671 1770 rodelgrimus
1692 1685 1754 1770 qui
1778 1684 1846 1754 fuit
1869 1685 1987 1754 virum
2005 1685 2118 1782 ipsius
2209 1707 2212 1712 ·

272 1831 394 1904 aloare
417 1836 454 1901 et
477 1833 597 1903 abiam
622 1831 665 1901 de
689 1833 807 1919 ipsum
831 1833 1005 1902 iohannes
1028 1839 1192 1921 nepotem
1210 1852 1341 1920 meum,
1358 1831 1473 1901 tilium
1489 1833 1642 1920 predicti
1659 1835 1878 1923 rodelgrimi,
1897 1835 1943 1905 da
1957 1837 2031 1917 bia,
2049 1856 2119 1932 que

271 1984 395 2074 pergit
417 1985 463 2054 ad
486 1987 736 2052 marinianum
761 1985 800 2053 in
823 2003 955 2074 supra,
986 1985 1185 2054 dividerent
1215 1987 1311 2054 iusta
1334 1987 1472 2055 ratione
1498 1987 1648 2056 induas
1674 1991 1794 2075 partes
1822 1991 1859 2056 et
1887 1991 2115 2058 termitarent
2218 2015 2223 2022 ·

274 2137 370 2209 inter
397 2133 471 2222 ipse
494 2137 613 2222 sortis3
629 2086 675 2204 xet
698 2139 784 2204 ante
808 2135 960 2204 iudicem
983 2142 1019 2206 et
1040 2139 1220 2207 notarium
1243 2139 1344 2226 prius
1367 2157 1432 2226 ego
1463 2139 1643 2226 prediatus
1670 2139 1869 2214 romoaldus
1896 2143 2119 2228 conprehen-

269 2282 393 2364 demus
417 2283 500 2352 inde
523 2302 597 2353 una
620 2291 728 2374 sorte,
753 2287 860 2374 quale
882 2287 1109 2374 voluerimus,
1135 2288 1361 2376 inputantem
1384 2289 1483 2359 illam
1508 2291 1595 2360 mihi
1622 2291 1664 2360 de
1681 2293 1796 2360 omnis
1821 2294 2018 2379 rebusque
2043 2293 2117 2361 fuit

271 2441 383 2527 ipsius
406 2439 564 2528 genitori
589 2443 673 2529 mei,
698 2443 791 2530 quod
814 2446 916 2514 abuit
940 2445 975 2511 in
999 2447 1075 2514 tota
1103 2445 1314 2532 pertinentia
1344 2445 1388 2514 de
1415 2444 1639 2552 caputaquis,
1673 2451 1793 2532 sceptu
1827 2450 1985 2522 sortione
2020 2447 2117 2534 quod

272 2597 362 2665 abeo
387 2599 427 2670 in
452 2596 625 2665 molinum
650 2616 826 2668 conrnune
852 2601 895 2668 de
919 2601 1068 2669 eandem
1094 2597 1177 2666 nnis
1199 2599 1424 2688 caputaquis,
1448 2603 1485 2668 et
1507 2599 1681 2670 faciamus
1703 2617 1770 2686 ego
1806 2603 1842 2668 et
1872 2618 1966 2669 meos
1995 2601 2118 2672 eredes

273 2748 317 2818 de
352 2752 431 2836 ipsa
465 2755 560 2819 sorte
584 2751 627 2820 de
651 2752 729 2840 ipsa
754 2755 860 2822 rebus
882 2753 1002 2824 omnia
1025 2754 1118 2841 quod
1141 2753 1370 2842 voluerimus,
1397 2753 1565 2822 videlicet
1587 2754 1630 2822 de
1655 2752 1736 2822 illut
1758 2755 1851 2840 quod
1875 2771 1939 2823 nos
1964 2757 2002 2822 in
2025 2763 2120 2826 sorte

275 2904 661 2994 comprehenserimus,
685 2910 722 2975 et
744 2911 823 2992 post
845 2908 912 2974 hoc
935 2909 1056 2995 ibique
1079 2926 1223 2996 presens
1247 2909 1323 2994 ipse
1346 2909 1520 2978 iohannes
1543 2909 1639 2977 filius
1663 2909 1869 2996 rodetgrimi
1894 2913 1931 2978 et
1954 2909 2023 2997 ipsi
2048 2911 2118 3012 filii

273 3057 421 3145 guidoni
444 3057 605 3126 dividere
628 3063 702 3128 tota
725 3060 803 3147 ipsa
826 3063 934 3130 rebus
956 3083 1029 3150 qua
1052 3069 1147 3132 sorte
1168 3063 1211 3132 de
1234 3065 1313 3151 ipsa
1335 3064 1442 3132 rebus
1465 3061 1508 3130 de
1532 3061 1661 3132 illuta
1696 3080 1802 3149 super
1839 3062 1917 3148 ipsa
1953 3063 2013 3132 via
2050 3083 2120 3150 que

275 3211 394 3298 pergit
428 3211 474 3280 ad
514 3213 773 3302 murinianum‚
810 3213 847 3280 in
872 3220 1003 3302 quarta
1026 3189 1129 3303 parte
1152 3216 1246 3284 iusta
1268 3213 1420 3302 ratione,
1443 3219 1480 3283 ct
1501 3216 1602 3302 prius
1624 3215 1911 3302 conprehendere
1935 3215 2017 3284 inde
2042 3215 2118 3304 ipse

268 3369 391 3454 petrus
414 3384 478 3454 pro
501 3364 581 3435 vice
604 3366 717 3454 ipsius
741 3365 861 3436 aloare
883 3385 957 3437 una
980 3371 1147 3456 quartam
1171 3373 1285 3456 parte,
1309 3367 1416 3456 quale
1431 3365 1604 3455 uoluerit,
1629 3367 1675 3436 ad
1697 3344 1900 3436 faciendum
1931 3367 2014 3436 inde
2042 3369 2121 3454 ipsa

270 3517 394 3588 alcara
420 3523 456 3586 et
480 3537 562 3586 suos
585 3519 707 3588 eredes
729 3521 846 3589 omnia
869 3519 1148 3616 quodlvoluerit,
1173 3525 1209 3589 et
1231 3523 1306 3607 ipse
1328 3520 1464 3609 relique
1485 3525 1559 3590 tres
1583 3521 1689 3590 sortis
1712 3520 1755 3589 de
1779 3519 1857 3607 ipsa
1880 3522 1987 3588 rebus
2013 3520 2057 3589 de
2074 3521 2115 3588 il·
2211 3569 2214 3576 -

272 3668 327 3739 lut
348 3671 391 3740 de
413 3688 521 3759 super
545 3674 623 3760 ipsa
646 3670 708 3742 bia
731 3691 799 3759 que
822 3675 941 3762 pergit
964 3673 1009 3742 ad
1033 3672 1295 3762 murinianum‚
1318 3672 1441 3742 statim
1466 3671 1579 3760 igitur
1605 3671 1766 3740 dividere
1790 3672 1865 3759 ipse
1890 3671 2063 3740 iohannes
2081 3672 2120 3740 fi-

275 3828 347 3896 lius
372 3825 579 3914 rodelgrimi
603 3829 640 3894 et
663 3826 730 3914 ipsi
756 3828 821 3896 tilii
847 3827 995 3916 guidoni
1018 3846 1081 3914 per
1103 3826 1328 3897 medietatem
1353 3827 1447 3896 iusta
1468 3823 1620 3910 ratione,
1644 3829 1680 3893 et
1707 3825 1807 3911 prius
1844 3824 1926 3893 inde
1955 3841 2114 3912 compre·

275 3979 432 4048 hendere
455 3981 530 4067 ipse
553 3983 675 4067 petrus
697 3997 761 4067 pro
785 3980 862 4048 rice
886 3979 999 4066 ipsius
1022 3979 1143 4049 aioare
1166 3997 1241 4056 una
1264 3979 1454 4049 medietate
1476 3979 1520 4046 de
1536 3978 1614 4064 ipsa
1628 3979 1735 4046 rebus
1758 3976 1864 4064 quale
1888 3978 2055 4067 voluerit,
2073 3977 2119 4048 ad

268 4133 462 4204 tenendum
496 4133 578 4202 illut
601 4133 680 4222 ipsa
702 4132 826 4202 aloara
849 4134 894 4201 ad
917 4131 1147 4202 frudiandum
1170 4133 1293 4201 diebus
1316 4131 1387 4200 vite
1410 4149 1486 4220 sue,
1504 4132 1532 4199 si
1550 4148 1621 4198 non
1636 4135 1811 4220 nupserit,
1835 4135 1871 4200 et
1885 4131 1928 4200 de
1946 4131 2021 4218 ipso
2037 4132 2119 4199 fru-

284 4289 380 4354 diuru
405 4287 607 4356 faciendum
630 4285 723 4373 quod
745 4256 897 4355 noluerit
918 4303 982 4373 pro
1004 4286 1237 4374 usufructum,
1262 4287 1352 4372 quod
1376 4284 1450 4372 ipse
1472 4283 1529 4351 vir
1553 4303 1638 4352 suus
1653 4304 1676 4354 a
1692 4304 1798 4372 super
1814 4304 1917 4354 suum
1943 4289 2114 4374 morgim·

283 4445 374 4531 caph
397 4441 511 4511 eidem
533 4439 676 4510 mulieri
699 4439 847 4528 reliquit
868 4457 932 4526 per
955 4439 1068 4527 ipsum
1087 4443 1258 4526 scriptum
1274 4436 1494 4522 testamenti3
1513 4439 1549 4504 et
1564 4438 1594 4502 si
1611 4435 1786 4523 nupserit,
1804 4440 1867 4504 aut
1883 4441 2023 4504 mortua
2040 4433 2115 4505 fue-

279 4599 330 4667 rit
356 4600 436 4687 ipsa
460 4600 598 4685 aloara,
624 4603 711 4666 tunc
734 4599 815 4684 ipsa
838 4598 944 4665 rebus
967 4595 1058 4682 quod
1081 4613 1145 4682 pro
1168 4594 1353 4662 usufructu
1378 4593 1546 4679 tenuerit,
1569 4589 1736 4660 rabertad
1759 4590 1806 4660 ad
1828 4594 2035 4678 potestatem
2058 4589 2110 4678 ip-

277 4753 353 4823 sius
377 4750 525 4820 iohanni
548 4749 616 4818 filii
640 4747 860 4836 redelgrimi,
883 4747 937 4814 rel
961 4746 1004 4817 de
1018 4764 1099 4814 suos
1113 4747 1247 4834 eredes,
1265 4743 1502 4832 medietatem,
1518 4748 1554 4813 et
1569 4746 1725 4832 ipsorum
1741 4745 1805 4812 tilii
1823 4743 1974 4831 guidoni
1993 4743 2051 4812 vel
2067 4743 2114 4815 ad

218 4884 222 4890 ¹
273 4905 416 4976 illorum
441 4893 683 4991 medietatem,
707 4906 742 4971 et
764 4901 901 4972 faciant
923 4899 1006 4967 inde
1029 4899 1149 4968 omnia
1171 4899 1263 4985 quod
1287 4899 1475 4987 voluerint,
1498 4902 1534 4967 et
1558 4900 1731 4987 imputare
1747 4899 1817 4966 sivi
1835 4899 1912 4986 ipsa
1929 4897 2053 4968 aloara
2070 4897 2113 4966 il·
2245 4927 2251 4940 -

279 5059 336 5130 tut
361 5059 454 5145 quod
479 5054 783 5145 comprehenserit
806 5073 870 5141 pro
893 5053 972 5141 ipsa
995 5057 1126 5140 quarta
1148 5055 1185 5120 et
1207 5070 1272 5140 pro
1293 5052 1408 5140 ipsum
1433 5053 1655 5121 usufructum
1678 5051 1721 5120 de
1745 5055 1823 5140 ipsa
1846 5053 1952 5121 rebus
1973 5067 2117 5139 asuper

279 5213 361 5300 ipsa
387 5211 450 5281 bia
473 5228 542 5297 que
567 5209 667 5277 badii
691 5209 734 5276 ed
760 5205 1019 5295 murinianum‚
1043 5225 1107 5293 pro
1123 5209 1197 5274 tota
1212 5204 1286 5274 alia
1301 5206 1490 5292 rebusque
1506 5205 1574 5272 fuit
1590 5204 1701 5291 ipsius
1716 5203 1872 5291 genitori
1891 5221 1968 5272 meo
1984 5205 2024 5272 in
2038 5206 2114 5274 tota

278 5365 362 5434 finis
384 5369 421 5434 et
443 5361 664 5450 pertinentia
687 5361 730 5430 de
753 5361 991 5448 caputaquis,
1020 5363 1139 5446 scepto
1168 5362 1280 5428 sortes
1309 5359 1399 5445 quod
1425 5361 1531 5429 abere
1553 5358 1656 5428 debet
1678 5360 1755 5447 ipsa
1780 5358 1908 5425 mulier
1931 5358 1970 5425 in
1995 5357 2114 5446 ipsum

272 5517 447 5587 molinum
470 5522 631 5584 nostrum
655 5533 854 5601 conrnune,
888 5515 1011 5584 aberet
1034 5511 1131 5581 illam
1156 5511 1237 5599 sivi,
1261 5515 1298 5581 et
1322 5511 1390 5581 iarn
1414 5517 1489 5582 tota
1511 5512 1588 5600 ipsa
1611 5514 1717 5580 rebus
1739 5511 1812 5582 alia
1834 5511 1877 5579 de
1901 5510 1979 5598 ipsa
2002 5513 2111 5597 perti·

278 5675 406 5742 nentia
440 5672 483 5740 de
517 5671 756 5759 caputaquis,
791 5674 929 5758 quanta
962 5669 1040 5738 fuit
1064 5670 1176 5756 ipsius
1206 5667 1361 5757 genitori
1385 5685 1462 5736 meo
1484 5667 1530 5737 da
1552 5668 1630 5754 ipsa
1653 5668 1714 5736 bia
1736 5667 1783 5736 da
1806 5667 2058 5758 murinianum‚
2081 5669 2120 5737 in

274 5830 390 5915 supto,
414 5845 496 5896 curn
519 5827 601 5895 illut
626 5826 716 5914 quod
739 5827 902 5894 remanet
923 5821 967 5906 de
992 5822 1073 5890 illut
1089 5821 1132 5890 de
1148 5838 1255 5909 super
1272 5817 1333 5890 via
1348 5819 1426 5908 ipsa
1441 5821 1487 5891 da
1503 5819 1749 5890 marinianum
1765 5826 1870 5891 extra
1889 5821 1964 5909 ipsa
1987 5826 2119 5911 quarta
