5456 7096
943 521 947 532 ·
1033 508 1446 594 ommmnmmm
1623 619 1634 642 ·
1932 504 2118 578 .‘ru
2226 451 2237 474 ’

315 733 437 838 dibus,
452 735 557 802 nates
572 693 772 823 nascentes,
788 733 891 804 nobis
907 735 1107 822 nostrisque
1122 709 1395 824 successoribus,
1408 735 1460 811 vel
1478 737 1515 805 in
1531 753 1615 823 pars
1628 735 1740 824 ipsius
1753 731 1914 820 ecclesie,
1937 731 2070 820 biginti
2101 751 2165 846 au-

276 873 287 890 ⁰
315 887 368 955 rei
393 887 496 956 solidi
521 889 755 958 constantini.
780 889 877 966 Quod
900 863 1025 976 scripsi
1050 908 1115 979 ego
1139 892 1334 978 myrandus
1358 893 1536 960 notarius.
1648 899 1650 904 '
1949 871 1956 884 '

167 1011 174 1024 ⁵
364 1011 394 1126 †
420 1041 495 1128 Ego
519 1040 719 1110 romoaldus
742 1060 798 1110 me
821 1043 1014 1130 subscripsi
1040 1113 1055 1136 ,

205 1157 208 1164 ⁸
276 1159 277 1162 Ἴ
363 1165 495 1282 †Ego
517 1191 679 1262 alderissi
704 1195 867 1263 notarius
890 1212 945 1262 me
969 1192 1173 1262 subscribsi.

1054 1486 1477 1503 m-

1045 1847 1449 1932 GMLXXXVL

890 2133 896 2144 ·
981 2155 985 2162 ·
1105 2109 1392 2220 sermm.

368 2383 403 2524 †
428 2435 467 2501 In
494 2435 637 2502 nomine
661 2433 797 2502 domini
819 2432 988 2506 vicesimo
1012 2439 1139 2520 quarto
1163 2450 1258 2500 anno
1281 2433 1508 2520 principatus
1530 2407 1664 2502 salerni
1694 2432 1814 2499 domni
1831 2503 1834 2508 ,
1851 2416 1963 2500 nostri
1994 2431 2176 2520 guaimari

293 2565 299 2576 ⁸
319 2587 472 2678 gloriosi
497 2587 685 2676 principis,
709 2592 745 2656 et
768 2589 897 2673 quarto
920 2603 1015 2656 auno
1039 2585 1262 2672 principatus
1284 2583 1361 2652 eius
1379 2603 1504 2670 capue,
1519 2590 1554 2652 et
1567 2586 1672 2652 tertio
1689 2601 1784 2652 anno
1800 2577 1950 2652 ducatus
1963 2582 2039 2650 eius
2054 2584 2175 2652 amalfi

321 2749 357 2814 et
381 2743 572 2830 sinentem,
597 2689 717 2809 mense
740 2741 947 2826 nobember,
962 2724 1109 2806 'decima
1133 2737 1340 2806 indictione.
1366 2723 1658 2806 Memoratorium
1686 2737 1823 2804 factum
1857 2757 1884 2817 a¹
1913 2755 1967 2804 me
2003 2735 2177 2805 iohannes

323 2895 423 2965 illius
446 2895 621 2984 quondam
647 2895 760 2963 aliani
785 2893 828 2961 de
852 2892 965 2960 locum
992 2892 1136 2978 selecta,
1161 2893 1253 2960 Ante
1277 2892 1463 2978 presentia
1487 2891 1557 2962 ursi
1583 2890 1705 2958 abbati
1730 2889 1773 2957 de
1796 2889 1947 2958 ecclesia
1964 2892 2173 2961 sancti‘ma·

278 3069 281 3076 ·
326 3051 401 3128 thei
426 3049 470 3117 de
496 3050 595 3116 intus
619 3065 658 3114 ec
682 3047 778 3114 cibes
802 3045 1025 3132 pertinentia
1042 3045 1085 3114 de
1104 3045 1225 3112 eredes
1243 3043 1414 3113 romoaldi
1431 3044 1582 3112 castaldi
1603 3044 1852 3112 tradiditmihi
1869 3049 1990 3130 petrus
2006 3045 2180 3132 presbiter

323 3202 420 3272 filius
443 3203 535 3272 leoni
562 3203 605 3271 de
629 3205 734 3272 rebus
759 3201 918 3289 predicte
941 3200 1090 3269 ecclesie
1117 3200 1210 3288 quod
1235 3203 1317 3270 abet
1333 3204 1371 3269 in
1389 3203 1503 3270 locum
1526 3203 1672 3288 selecta,
1699 3204 1796 3270 ubia
1820 3203 1855 3270 la
1871 3221 2013 3290 congna
2028 3201 2178 3290 dicitur,

323 3357 416 3444 quod
441 3357 510 3444 ipsi
533 3363 655 3443 petrus
679 3358 718 3422 in
743 3351 917 3424 beneficio
940 3356 1072 3423 retinet
1096 3377 1118 3423 a
1144 3360 1245 3441 parte
1269 3355 1427 3442 predicte
1444 3357 1604 3444 ecclesie,
1622 3364 1657 3426 et
1674 3362 1727 3425 est
1743 3360 1842 3426 terra
1856 3375 1937 3425 cum
1955 3357 2061 3426 binea
2076 3362 2112 3425 et
2127 3375 2183 3426 ar-

329 3511 471 3577 bustum
496 3511 531 3576 et
555 3513 609 3576 est
627 3527 690 3594 per
714 3508 798 3576 linis
814 3511 850 3575 et
873 3510 1075 3628 mensuriazae
1094 3527 1115 3575 a
1132 3525 1217 3594 pars
1233 3507 1497 3594 septemtrionis
1513 3507 1584 3576 fine
1600 3509 1672 3605 bia,
1691 3509 1771 3576 inde
1789 3509 1885 3595 passi
1902 3513 2044 3576 centum
2062 3513 2181 3578 octua-

326 3661 434 3749 ginta
459 3679 536 3729 sex:
554 3662 681 3748 Apars
694 3659 843 3728 orientis
860 3660 931 3727 fine
947 3659 1020 3728 alia
1037 3659 1110 3746 bia,
1128 3660 1211 3728 inde
1227 3661 1320 3748 passi
1339 3663 1483 3729 centum
1500 3659 1728 3749 septuaginta
1741 3661 1821 3728 duc:
1837 3663 1867 3728 A
1883 3679 1965 3749 pars
1981 3661 2176 3730 occidentis

325 3815 396 3883 fine
416 3815 491 3883 alia
503 3814 578 3902 bia,
592 3813 675 3883 inde
687 3815 780 3926 passi
794 3819 935 3928 centum
949 3813 1158 3902 octuaginta
1170 3817 1297 3883 nobem
1310 3819 1345 3884 et
1362 3817 1538 3902 gubitum,
1552 3819 1923 3884 totummensuratum
1939 3816 1984 3884 ad
1998 3817 2092 3884 iusto
2105 3834 2184 3903 pas·

319 3984 403 4034 snm
421 3966 546 4054 omini3
560 3967 603 4036 de
615 3986 654 4036 ec
671 3985 753 4034 vero
766 3968 871 4034 rebus
884 3968 980 4036 infra
993 3968 1150 4055 predicte
1175 3967 1259 4034 finis
1272 3972 1308 4037 et
1319 3969 1501 4037 mensoria
1518 3966 1667 4035 tradidit
1682 3967 1770 4035 mihi
1790 3971 1864 4054 ipse
1875 3973 1998 4055 petrus
2014 3969 2056 4037 de
2073 3988 2186 4056 quan·

325 4124 404 4188 turn
430 4118 562 4188 ibidem
587 4121 670 4189 inde
693 4121 732 4188 in
756 4119 927 4189 beneficio
949 4121 1095 4208 retinet,
1129 4123 1223 4188 sicut
1244 4119 1476 4190 terminatum
1500 4127 1553 4190 est
1576 4123 1671 4190 inter
1689 4124 1759 4190 ista
1775 4121 1986 4192 tradictione
2002 4127 2037 4189 et
2053 4123 2123 4190 fine
2140 4123 2183 4191 de

51 4347 62 4362 ,
186 4317 188 4322 -
327 4270 407 4340 illut
423 4272 576 4359 quod-ad
591 4273 764 4341 beneflcio
789 4272 921 4341 retinet
939 4273 1034 4341 inira
1045 4273 1204 4360 predicte
1219 4272 1302 4340 finis
1319 4257 1433 4360 rigale
1447 4274 1621 4360 presbiter
1638 4293 1755 4360 apars
1765 4275 1922 4362 predicte
1939 4275 2098 4362 ecclesie,
2115 4274 2183 4344 tali

175 4451 185 4468 ·
320 4424 451 4492 ordine
468 4425 550 4493 illut
569 4415 657 4493 mihi
673 4425 836 4513 tradidit,
848 4427 893 4494 Ut
905 4425 1029 4494 amodo
1041 4430 1077 4493 et
1089 4443 1198 4512 usque
1212 4426 1330 4496 decern
1345 4429 1431 4494 anni
1446 4411 1608 4515 completi
1621 4446 1687 4516 ego
1699 4437 1734 4498 et
1747 4447 1841 4496 meos
1858 4429 1980 4497 eredes
1994 4428 2075 4497 illut
2086 4434 2185 4497 tene-

332 4596 436 4646 amus
459 4583 581 4647 nostre
604 4580 804 4665 potestatis,
827 4583 864 4646 et
887 4579 985 4645 sebee
1009 4582 1045 4646 et
1070 4579 1185 4646 omnis
1207 4583 1328 4648 nostre
1344 4579 1515 4650 utilitatis
1531 4581 1582 4648 ibi
1597 4582 1713 4651 iacere
1732 4583 1828 4651 iusta
1844 4583 2032 4659 rationem,
2052 4587 2088 4652 et
2105 4583 2183 4672 ipsa

328 4731 437 4800 vinea
460 4749 524 4816 per
547 4733 664 4798 omnis
687 4701 823 4800 annum
847 4750 959 4818 usque
984 4733 1057 4818 ipso
1079 4733 1311 4800 constitutum
1335 4735 1416 4802 abto
1439 4737 1597 4822 tempore
1621 4734 1797 4823 laborare,
1823 4737 2024 4824 scalciare,
2057 4755 2184 4825 propa·

302 4833 468 4973 §.ginara
493 4883 678 4997 impalare,
704 4884 837 4972 legare,
861 4904 1023 4972 zappare,
1047 4889 1095 4972 et,
1112 4887 1171 4954 ubi
1197 4886 1380 4964 meruerit,
1408 4887 1606 4956 incannare
1623 4895 1659 4958 et
1682 4863 1854 4978 zappare,
1880 4909 1942 4958 seu
1964 4894 2002 4959 et
2026 4892 2102 4978 ipso
2121 4911 2183 4960 ar-

330 5042 474 5108 bustum
499 5058 561 5126 per
584 5041 698 5108 omnis
721 5058 857 5108 annum
881 5041 965 5108 abto
987 5043 1143 5126 tempore
1166 5039 1329 5110 laborare
1352 5040 1395 5109 de
1419 5059 1525 5127 super
1549 5047 1585 5110 et
1608 5043 1798 5131 desubter,
1816 5042 1922 5128 quale
1938 5043 2125 5130 meruerit,
2150 5050 2186 5111 et

330 5191 413 5262 illut
436 5193 676 5280 propaginare
699 5196 747 5279 et,
772 5192 832 5260 ubi
858 5192 1041 5280 meruerit,
1065 5195 1209 5262 arbores
1232 5197 1268 5262 et
1292 5195 1382 5262 bites
1406 5194 1448 5262 de
1464 5197 1555 5262 bono
1571 5195 1706 5264 bitineo
1721 5196 1769 5264 ibi
1786 5201 1992 5281 pastenare,
2009 5196 2054 5263 Ut
2079 5195 2188 5282 proii-

324 5347 434 5418 ciant
456 5353 493 5418 et
515 5365 588 5416 non
612 5347 817 5434 dispereant
833 5349 907 5415 tota
922 5350 999 5433 ipsa
1012 5346 1224 5416 tradictione
1239 5351 1287 5434 et,
1307 5345 1367 5414 nbi
1382 5347 1565 5434 meruerit,
1583 5345 1665 5414 illut
1680 5317 1821 5414 cludere
1837 5349 1873 5414 et
1887 5322 2024 5413 clusum
2040 5345 2180 5412 salbum

260 5553 271 5566 .
334 5496 415 5568 illut
436 5501 558 5586 abere,
582 5503 622 5567 ut
644 5502 758 5588 totum
782 5515 846 5586 per
869 5501 984 5568 omnis
1007 5517 1143 5568 annum
1165 5501 1297 5568 bonum
1313 5500 1447 5588 paread
1465 5499 1665 5568 laboratum
1682 5502 1718 5568 et
1733 5497 1908 5568 cultatum
1925 5503 1961 5566 et
1978 5497 2130 5570 salbum.
2146 5503 2183 5566 et

315 5657 531 5741 peremnis
555 5673 691 5725 annum
717 5673 828 5744 usque
852 5657 928 5743 ipso
951 5657 1155 5724 costitutum
1180 5640 1394 5724 seminemus
1417 5653 1524 5742 quale
1536 5655 1692 5722 semente
1705 5650 1935 5740 boluerimus3
1950 5655 1986 5720 et
2002 5651 2032 5720 si
2050 5654 2089 5718 in
2106 5605 2197 5738 ipsa

340 5807 450 5877 binea
475 5808 785 5897 seminaberimus,
809 5809 933 5879 demus
959 5809 1042 5906 inde
1066 5809 1205 5878 illorum
1229 5808 1440 5878 terraticum
1463 5807 1505 5875 de
1528 5824 1593 5874 sex
1617 5803 1733 5875 modia
1756 5823 1866 5874 unum
1890 5809 1926 5875 et
1949 5823 2013 5893 pro
2031 5807 2189 5892 tempore
