5402 7088
1004 571 1406 648 ulrtouuuleus
1850 623 1857 638 .
2056 569 2079 642 7

273 813 344 864 nus
368 796 601 885 truppoaldns
623 797 743 870 scriba
766 798 894 888 palatii
917 803 954 868 et
977 796 1191 867 venerabilis
1214 799 1324 868 abbas
1346 797 1492 866 ecclesie
1514 799 1638 865 sancte
1661 795 1774 864 marie
1804 795 2041 882 pertinentem
2066 813 2129 863 su·

275 947 430 1036 pradioti
454 949 575 1018 domni
598 950 795 1039 guaimarii
819 952 994 1040 principis
1016 957 1053 1025 et
1074 952 1117 1021 de
1140 951 1303 1040 germani
1328 951 1406 1020 eius
1429 953 1465 1020 et
1488 948 1532 1018 de
1555 947 1722 1017 eredibus
1745 946 1895 1017 iohanni
1919 947 2068 1036 comiti,
2092 951 2130 1016 et

274 1117 348 1170 una
370 1120 451 1168 oum
467 1119 508 1169 eo
524 1101 635 1172 adera
657 1103 862 1174 ademarius
886 1105 1049 1176 notarius
1066 1104 1257 1175 adbocator
1274 1099 1430 1169 eiusdem
1447 1100 1610 1185 ecclesie,
1623 1119 1704 1168 cum
1719 1095 1848 1169 basilio
1866 1097 1939 1166 filio
1955 1100 2065 1187 sergi,
2093 1105 2137 1169 et·

274 1271 338 1342 per
360 1253 474 1342 ipsum
498 1255 667 1326 abbatem
690 1260 870 1326 ostensum
893 1262 948 1327 est
972 1274 1083 1325 unum
1108 1257 1251 1324 brebem
1274 1253 1532 1322 continentem:
1549 1253 1588 1320 ln
1612 1251 1755 1322 nomine
1779 1250 1917 1320 domini
1939 1251 2129 1340 quartode-

273 1406 365 1474 cimo
381 1423 478 1476 anno
493 1405 726 1509 principatus·
736 1408 854 1478 domni
871 1411 985 1478 nostri
1000 1407 1180 1497 guaimari
1198 1405 1352 1496 glorioso
1369 1405 1559 1494 principis,
1571 1423 1692 1475 mense
1707 1404 1927 1492 februarius
1940 1404 2129 1492 quintade-

277 1555 373 1625 cima
396 1557 602 1627 indictione.
628 1559 919 1630 Memoratorium
943 1561 1042 1630 sactu
1064 1513 1088 1630 a
1111 1578 1168 1630 me
1190 1559 1424 1650 truppoaldus
1449 1559 1505 1627 dei
1530 1557 1652 1646 gratia
1669 1557 1787 1626 'abbas
1810 1560 1846 1626 et
1859 1555 1988 1626 scriba
2004 1555 2131 1642 palatii

278 1707 428 1780 ecclesie
452 1716 574 1781 sancte
597 1713 713 1783 marie
735 1713 974 1804 pertinentem
999 1713 1203 1802 supradicto
1226 1713 1346 1782 domni
1371 1711 1527 1800 principi
1551 1711 1652 1781 etde
1675 1710 1842 1798 germani
1866 1710 1922 1778 sui
1941 1715 1977 1780 et
1994 1710 2122 1780 ieban-

278 1881 343 1932 nes
366 1881 482 1934 comes
505 1865 583 1935 thio
606 1866 762 1957 illorum,
786 1887 827 1936 eo
850 1869 941 1958 quod
964 1874 1049 1938 ante
1073 1867 1264 1954 subscripti
1289 1870 1397 1936 testes
1420 1885 1494 1936 una
1517 1883 1656 1934 mecum
1681 1863 1821 1934 adesset
1838 1864 2013 1933 iohannes
2028 1867 2131 1934 nota·

278 2017 359 2086 rius
382 2017 574 2089 adbocator
598 2019 882 2110 ipsius¹ecclesie
905 2041 968 2112 per
992 2014 1259 2092 combenientia'
1277 2021 1426 2090 tradidit
1454 2019 1558 2091 basili
1588 2018 1663 2088 filio
1692 2015 1872 2106 quondam
1906 2017 2003 2105 sergi
2029 2023 2131 2090 ,terra

277 2189 359 2242 cum
391 2191 475 2242 casa
498 2173 672 2262 lingnitia
694 2179 864 2246 terranea
886 2193 966 2244 cum
990 2194 1091 2244 muro
1114 2175 1298 2263 devitum,
1324 2175 1386 2262 qui
1409 2178 1465 2243 est
1487 2193 1509 2244 a
1533 2193 1618 2262 pars
1640 2173 1790 2243 orientis
1811 2175 1850 2242 in
1875 2189 1945 2259 quo
1970 2143 2056 2258 pars
2080 2171 2132 2274 ip·

276 2325 353 2393 sius
375 2325 523 2395 ecclesie
548 2327 692 2395 furnum
716 2329 799 2399 abet
823 2329 921 2396 intus
943 2331 1010 2398 heo
1032 2327 1217 2399 civitatem
1241 2348 1264 2398 a
1286 2345 1393 2416 super
1416 2333 1453 2398 et
1476 2328 1687 2398 coniunturn
1721 2325 1767 2397 ad
1796 2327 1857 2402 bia
1885 2345 1954 2414 que
1984 2323 2085 2394 ducit
2108 2343 2131 2394 a

280 2495 387 2566 super
410 2479 489 2566 ipsa
511 2479 676 2568 ecclesia,
691 2485 727 2550 et
744 2485 799 2549 est
821 2483 922 2550 terra
945 2480 1024 2567 ipsa
1046 2497 1109 2568 per
1131 2481 1197 2550 bec
1220 2480 1303 2550 finis
1326 2485 1362 2550 et
1383 2483 1597 2551 mensurius:
1622 2501 1645 2550 a
1668 2482 1769 2568 parte
1792 2479 1942 2548 meridie
1958 2481 2030 2548 fine
2053 2479 2133 2566 ipsa

280 2632 366 2720 bia,
390 2629 473 2720 inde
496 2636 582 2700 sunt
607 2633 713 2720 pedes
736 2633 894 2721 triginta
916 2631 1093 2720 quadtuor
1113 2656 1121 2702 :
1145 2654 1168 2704 a
1190 2652 1275 2722 pars
1307 2635 1456 2704 orientis
1492 2635 1562 2704 line
1596 2634 1709 2722 ipsius
1742 2631 1918 2706 ecclesie.
1942 2631 2025 2702 inde
2048 2638 2133 2700 sunt

279 2782 384 2870 pedes
406 2785 540 2872 biginti
563 2790 661 2855 tres:
686 2807 710 2857 a
733 2791 836 2874 parto
859 2787 1122 2875 septemtrionis
1136 2789 1208 2858 fine
1224 2788 1316 2859 facie
1339 2786 1382 2858 de
1406 2804 1508 2856 muro
1532 2789 1651 2856 batere
1668 2805 1864 2876 supranum
1881 2784 1945 2874 qui
1969 2785 2039 2854 fuit
2053 2801 2133 2873 pre-

279 2933 373 3006 dicte
395 2939 574 3022 civitatis,
590 2936 673 3007 inde
690 2939 797 3027 pedes
818 2941 972 3030 triginta
994 2942 1064 3011 duo
1088 2941 1267 3030 usquead
1291 2942 1380 3012 facie
1404 2940 1447 3010 da
1470 2946 1574 3012 turra
1597 2945 1808 3029 vetereque
1832 2939 1964 3012 ibidem
1992 2945 2047 3008 est
2072 2956 2132 3007 co·

284 3087 391 3160 iunta
413 3109 495 3159 cum
519 3090 596 3178 ipso
618 3111 736 3182 muro,
752 3099 788 3164 et
801 3081 933 3164 abinde
957 3093 1158 3164 rebolbente
1180 3099 1217 3163 et
1241 3076 1593 3164 descendente'·iusta
1622 3093 1712 3163 facie
1739 3092 1783 3162 de
1807 3096 1908 3162 turre
1925 3091 2003 3180 ipsa
2019 3099 2055 3160 et
2073 3091 2132 3162 de·
2181 3104 2185 3116 ·

281 3227 514 3334 scandentem
537 3265 602 3336 per
625 3248 697 3318 fine
721 3249 835 3337 ipsius
857 3249 1003 3319 ecclesie
1026 3269 1137 3338 usque
1161 3251 1199 3318 in
1224 3252 1302 3338 ipsa
1317 3251 1390 3326 bia,
1407 3255 1444 3318 et
1466 3255 1551 3319 sunt
1574 3267 1637 3336 per
1663 3252 1737 3318 tota
1753 3249 1940 3334 istapartc
1955 3245 2060 3336 pedes
2077 3245 2133 3314 bi·

280 3397 379 3489 ginti
405 3419 518 3472 unum
540 3407 577 3472 et
599 3403 786 3472 summisse
808 3408 1053 3471 mensuratum
1077 3402 1123 3473 ad
1147 3405 1241 3471 iusto
1264 3403 1352 3490 pede
1375 3421 1520 3473 manum
1545 3404 1695 3474 homini:
1714 3401 1921 3490 supradicta
1937 3407 2134 3470 terraoum
2178 3395 2182 3404 '

223 3635 228 3648 .
280 3571 368 3624 oasa
389 3573 454 3642 per
478 3554 558 3642 ipsa
580 3557 766 3626 mensuria
789 3555 901 3644 ipsius
927 3555 1031 3624 basili
1054 3555 1205 3626 tradidit
1220 3575 1301 3624 oum
1318 3555 1395 3624 vice
1411 3507 1454 3626 de
1472 3555 1548 3643 ipsa
1565 3557 1625 3626 bia
1642 3556 1681 3623 in
1697 3553 1764 3624 tali
1787 3553 1928 3640 ordine,
1953 3559 1992 3622 ut
2008 3553 2134 3623 amodo

287 3712 325 3776 et
348 3725 461 3796 usque
485 3706 616 3797 biginti
641 3710 768 3777 nobem
791 3709 878 3778 anni
903 3709 1058 3797 conpleti
1084 3710 1128 3782 ad
1151 3729 1254 3779 suam
1278 3715 1314 3780 et
1337 3709 1381 3779 de
1404 3710 1478 3779 suis
1501 3709 1668 3778 eredibus
1695 3714 1790 3779 esset
1812 3713 2022 3796 potestatem
2046 3705 2130 3778 illut

278 3860 476 3930 tenendum
499 3864 536 3930 et
558 3861 658 3930 fovee
680 3869 717 3931 et
739 3863 855 3930 omnis
877 3879 941 3930 sue
966 3859 1136 3932 utilitatis
1159 3863 1255 3934 iusta
1278 3864 1423 3933 ratione
1440 3862 1490 3932 ibi
1514 3863 1644 3950 lacere,
1660 3867 1696 3932 et
1710 3863 1806 3932 iusta
1829 3861 1908 3950 ipsa
1935 3859 1997 3930 bia
2020 3878 2131 3948 quam

279 4019 316 4086 et
342 4013 436 4084 iusto
459 4015 534 4103 ipso
557 4032 660 4084 muro
683 4017 828 4119 mittere
852 4015 1015 4086 debeatis
1039 3987 1275 4086 fundamenta
1298 4016 1342 4086 de
1363 4016 1495 4105 parieti
1512 4015 1558 4087 ad
1573 4020 1672 4104 petre
1694 4018 1731 4085 et
1752 4013 1850 4086 calce
1873 4018 1910 4083 et
1933 4031 2060 4104 arena,
2085 4016 2137 4084 si·

282 4173 348 4238 cut
370 4169 544 4239 meruerit
567 4185 681 4257 usque
704 4171 797 4240 facie
819 4169 862 4236 de
886 4175 986 4240 terra
1009 4173 1046 4239 et
1061 4171 1099 4239 in
1114 4170 1441 4258 altum,'quantum
1464 4167 1637 4240 meruerit
1659 4139 1893 4240 fundamenta
1907 4168 1951 4238 de
1965 4187 2063 4257 casa3
2082 4169 2134 4239 sic

263 4329 405 4396 'tamen
428 4329 468 4393 ut
494 4324 572 4412 ipso
595 4327 735 4413 pariete
759 4325 856 4396 iusta
879 4326 956 4413 ipsa
979 4323 1040 4394 bia
1064 4324 1214 4395 beniant
1236 4323 1368 4394 tactum
1393 4321 1577 4426 longitudo
1600 4324 1668 4412 ipsi
1692 4321 1849 4411 triginta
1872 4321 2050 4410 quadtuor
2074 4342 2134 4411 pe-

283 4475 345 4548 des
367 4481 405 4548 et
428 4477 476 4548 da
499 4475 675 4566 completa
700 4480 779 4567 ipsa
803 4477 991 4562 mensoria,
1000 4478 1040 4548 in
1055 4483 1158 4566 parte
1183 4475 1379 4546 occidentis
1402 4476 1508 4566 pedes
1531 4479 1702 4566 quinque,
1726 4477 1820 4565 quod
1836 4483 1921 4580 pars
1940 4476 2055 4564 ipsius
2078 4494 2137 4545 ee-

283 4629 391 4700 clesia
415 4631 460 4702 ad
484 4649 552 4702 sua
576 4633 778 4704 reserbavit
799 4635 1011 4720 potestatem
1034 4637 1071 4702 et
1092 4629 1189 4700 iusta
1212 4629 1292 4718 ipsa
1313 4631 1415 4698 turre
1437 4627 1542 4716 pedes
1558 4627 1621 4720 alii
1638 4630 1796 4718 quinque
1812 4634 1849 4700 et
1866 4647 1930 4718 per
1948 4629 2138 4719 longitudo

279 4783 387 4870 pedes
407 4781 472 4852 alii
500 4783 653 4868 nobem,
678 4785 720 4851 ut
743 4781 901 4852 diximus
927 4781 966 4852 in
991 4773 1067 4853 tota
1089 4783 1169 4870 ipsa
1191 4781 1374 4854 mensuris
1397 4799 1467 4872 que
1491 4782 1551 4852 hei
1572 4773 1723 4854 tradidit
1743 4801 1853 4872 quam
1882 4789 1919 4854 et
1942 4785 1981 4852 in
2006 4781 2089 4853 illut
2113 4803 2137 4854 a

237 4953 241 4962 ·
282 4930 379 5006 toras
403 4935 483 5022 ipsa
507 4933 694 5004 mensoria
715 4934 755 5002 in
779 4939 881 5021 parte
905 4932 1098 5004 occidentis
1119 4952 1183 5023 per
1208 4935 1286 5024 ipsa
1308 4936 1407 5008 halla
1430 4916 1627 5025 mensuria,
1651 4936 1745 5024 quod
1768 4953 1835 5026 ego
1862 4940 2062 5010 reserbavit
2085 4939 2132 5010 ad

282 5105 364 5158 mea
386 5091 612 5177 potestatem,
631 5088 775 5160 faciatis
791 5094 828 5157 et
843 5087 987 5159 mittere
1002 5079 1425 5179 debeatis‘fundamenta,
1441 5089 1535 5160 sicut
1550 5089 1736 5179 meruerit,
1752 5095 1789 5161 et
1805 5089 1852 5161 da
1874 5091 2038 5180 conpleta
2055 5095 2136 5182 ipsa

285 5241 523 5314 tundamenta
545 5245 594 5314 ha
614 5251 718 5332 parte
734 5243 884 5314 meridie
907 5242 1050 5314 faciatis
1072 5246 1147 5314 tres
1170 5241 1261 5330 pilas
1284 5241 1328 5311 de
1350 5242 1419 5314 due
1434 5245 1528 5324 facie
1545 5247 1693 5316 buniam
1707 5245 1801 5315 facte
1814 5263 1887 5316 ana
1902 5244 2008 5333 pedes
2024 5248 2137 5334 quad-

280 5403 364 5468 tuor
385 5396 429 5466 de
458 5395 611 5468 latitudo
632 5401 669 5468 et
691 5399 734 5467 de
757 5396 830 5468 alie
852 5395 921 5468 due
944 5398 1036 5468 facie
1059 5397 1207 5470 beniant
1229 5417 1302 5470 ana
1324 5399 1431 5488 pedes
1453 5400 1524 5470 duo
1545 5406 1582 5471 et
1605 5401 1700 5471 iusta
1715 5399 1790 5488 pila
1805 5400 1867 5489 qui
1882 5401 1926 5470 de
1941 5405 2052 5472 antea
2069 5402 2138 5473 ibi·

282 5551 364 5622 dem
386 5554 484 5624 facta
507 5527 592 5641 luit,
610 5553 672 5642 qui
690 5558 745 5624 est
767 5553 863 5624 iusta
886 5553 966 5641 ipsa
989 5551 1050 5624 bia
1074 5552 1113 5622 in
1136 5559 1238 5642 parte
1261 5553 1413 5625 orientis
1436 5554 1475 5624 in
1499 5503 1654 5625 cantone
1671 5553 1715 5623 de
1738 5554 1815 5643 ipsa
1837 5572 1924 5626 casa
1937 5555 2137 5646 adiungere

283 5705 444 5778 debeatis
468 5705 515 5778 ad
541 5707 619 5794 ipsa
641 5706 716 5795 pila
739 5711 858 5776 vetere
880 5705 927 5777 da
950 5709 1053 5795 parte
1075 5705 1272 5776 occidentis
1294 5708 1432 5796 pariete
1453 5709 1497 5778 de
1520 5707 1672 5779 latitudo
1694 5709 1800 5797 podes
1822 5709 1893 5780 duo
1908 5709 1947 5780 in
1962 5715 2061 5782 omni
2080 5715 2134 5783 la·

282 5861 349 5950 cie,
372 5864 408 5932 et
433 5861 478 5931 da
501 5865 614 5950 parte·
629 5859 894 5948 septemtrionis
916 5858 1085 5928 similiter
1108 5858 1226 5928 lacere
1249 5857 1408 5930 debeatis
1431 5858 1609 5946 quadtuor
1631 5859 1704 5948 pile
1722 5859 1852 5931 travite
1881 5872 2018 5950 grosse,
2033 5863 2140 5932 'sicut
