5402 7088
614 551 659 624 uc
930 639 935 648 ,
1254 547 1429 646 conus
1463 546 1723 623 cuvuusts

571 774 834 843 combenientia
858 791 1065 860 componere
1088 771 1259 860 obligauit
1286 791 1323 842 se
1350 776 1387 840 et
1415 791 1495 842 suos
1523 773 1645 843 eredes
1675 772 1720 842 ad
1750 793 1832 861 pars
1864 775 1975 862 ipsius
2002 775 2148 845 ecclesie
2175 773 2308 863 biginti
2332 777 2416 846 auri

566 926 675 994 solidi
699 928 933 1013 constantini,
957 927 1049 1014 quod
1072 926 1197 1013 scripsi
1222 945 1287 1013 ego
1311 925 1493 1015 iaquintus
1516 925 1693 996 notarius.

612 1050 644 1165 †
670 1081 745 1166 Ego
771 1077 969 1148 romoaldus
993 1079 1155 1146 notarius
1177 1099 1233 1148 me
1256 1080 1449 1167 subscripsi

613 1203 644 1316 †
671 1231 745 1316 Ego
769 1231 972 1302 smaracdus
994 1233 1158 1300 notarius
1182 1237 1240 1302 me
1262 1233 1467 1320 subscripsi.

1242 1882 1745 1966 DCCCLXXXVIL

1343 2153 1401 2225 A.
1429 2151 1482 2224 D.
1514 2151 1638 2226 1035.

611 2388 647 2529 †
673 2443 952 2511 Summarium:

614 2616 633 2659 c
659 2595 798 2661 Decimo
821 2595 969 2678 septimo
996 2609 1092 2659 anno
1115 2590 1337 2678 principatus
1361 2592 1558 2662 Guaimarii
1583 2591 1649 2658 filii
1673 2591 1850 2678 quondam
1875 2591 2073 2662 Guaimarii
2091 2592 2278 2679 principis,
2293 2611 2419 2664 meuse

567 2767 585 2809 ‹
611 2745 791 2830 Ianuario,
816 2746 923 2813 tertia
946 2743 1151 2812 indictione.
1282 2787 1285 2794 ι

612 2919 631 2961 ‹
656 2899 717 2968 Sic
739 2899 865 2982 incipit
891 2901 1011 2964 teocius
1034 2919 1064 2996 u¹

611 3049 759 3135 Ideoque
783 3067 847 3115 nos
872 3047 882 3114 i
909 3066 1032 3115 sumus
1053 3049 1158 3116 tando
1182 3011 1277 3114 fliius
1302 3048 1480 3134 quondam
1504 3050 1651 3116 iohanni
1675 3053 1711 3116 et
1735 3049 1921 3135 iaquintus
1955 3051 2052 3118 filius
2087 3049 2264 3137 quondam
2288 3068 2417 3136 garar-

567 3203 615 3287 di,
638 3202 700 3288 qui
725 3218 848 3267 sumus
872 3201 1026 3268 abitator
1049 3201 1087 3265 iu
1112 3198 1238 3284 iocum,
1264 3199 1323 3264 ubi
1348 3199 1393 3266 ad
1417 3198 1574 3266 floccauu
1596 3199 1728 3267 dicitur
1753 3201 1975 3286 pertinentia
1998 3202 2157 3288 nucerie‚
2179 3201 2222 3269 de
2239 3181 2332 3268 sicut
2355 3217 2418 3269 no-

569 3352 624 3420 bis
647 3370 844 3438 congruum
868 3357 934 3436 est,
959 3369 1046 3417 vone
1070 3358 1189 3417 nostre
1212 3351 1407 3417 voluntatis
1430 3369 1492 3436 per
1516 3369 1585 3417 anc
1607 3351 1806 3420 chartulam
1832 3356 1916 3419 ante
1939 3355 2120 3438 presentia
2137 3351 2219 3418 miri
2241 3351 2353 3420 iudici
2375 3357 2414 3419 et

565 3504 629 3574 alii
655 3508 761 3572 testes
784 3501 1074 3582 benunuiedimus
1091 3501 1206 3587 adque
1225 3502 1269 3570 ad
1286 3521 1424 3588 semper
1441 3503 1616 3570 ubendum
1633 3504 1919 3573 confirmavimus
1935 3507 2003 3573 tivi
2021 3469 2118 3574 rachi
2145 3505 2220 3573 filio
2235 3506 2413 3592 quondam

480 3739 486 3752 ι
529 3662 532 3669 “
569 3658 718 3728 iohanni
743 3659 937 3726 srecentese
960 3658 1115 3726 abitator
1131 3658 1213 3724 uius
1228 3660 1379 3726 Nucerie
1395 3657 1463 3726 due
1478 3659 1577 3746 pecie
1592 3658 1635 3726 de
1659 3659 1766 3727 terris
1782 3663 1900 3727 nostre
1917 3659 2009 3745 quod
2026 3662 2173 3728 abemus
2195 3661 2240 3729 ad
2263 3659 2416 3730 ermoal-

570 3813 653 3880 dum
678 3816 718 3881 et
741 3812 827 3898 alia,
853 3813 914 3879 ubi
940 3810 984 3879 ad
1008 3810 1085 3879 lave
1109 3811 1239 3879 dicitur
1262 3814 1326 3880 ctu.

611 3966 780 4050 Sequitur
801 3965 1028 4048 coufiiuuotio
1049 3965 1280 4050 venditionis,
1310 3968 1342 4031 ct
1367 3979 1443 4030 uua
1465 3963 1566 4030 adest
1589 3961 1800 4046 subscriptio
1823 3965 1987 4032 testium:

608 4088 639 4205 †
663 4119 737 4204 Ego
760 4118 935 4187 lohannes
958 4115 1125 4185 clericus

1221 4823 1751 4906 DCCCLXXXVIII.

1334 5089 1391 5165 A.
1419 5088 1474 5162 D.
1503 5087 1629 5164 1035.
1754 5075 1769 5101 '

613 5329 712 5469 †in
748 5380 890 5447 nomine
927 5377 1061 5446 domini
1086 5375 1370 5464 septimodecimo
1393 5392 1487 5443 anno
1510 5373 1734 5459 principatus
1757 5371 1878 5450 domni
1902 5373 2016 5440 nostri
2048 5373 2229 5460 guaimari
2264 5373 2419 5460 glorioso

569 5536 764 5624 princeps,
789 5535 855 5602 filii
880 5533 1058 5622 quondam
1081 5533 1201 5600 domni
1225 5529 1404 5618 guaimari
1430 5528 1626 5615 principis,
1652 5543 1774 5594 mense
1807 5527 2037 5612 februarius,
2063 5527 2171 5594 tertia
2206 5527 2416 5598 indictione.

568 5688 714 5757 Declaro
737 5707 803 5774 ego
827 5688 965 5756 cicerus
989 5685 1086 5753 filius
1110 5684 1286 5772 quondam
1312 5679 1460 5751 iohanni
1484 5681 1527 5748 de
1551 5681 1665 5746 locum
1689 5677 1833 5765 satana,
1860 5681 1954 5746 sicut
1977 5681 2065 5746 mihi
2099 5697 2300 5768 congruum
2335 5685 2418 5771 est,

3 5796 138 5880 “sd
568 5860 647 5911 mea
669 5841 802 5909 etenim
827 5840 1024 5909 volumtate
1048 5841 1133 5906 anto
1157 5835 1340 5924 presentia
1363 5835 1530 5903 lamberti
1555 5838 1590 5900 et
1614 5831 1709 5918 petri
1733 5831 1911 5900 iudicibus
1945 5831 2161 5901 venumdare
2194 5833 2357 5919 iohanni,
2382 5839 2419 5903 et
