5456 7096
1066 415 1482 492 DIPLOMATIOUS
1826 493 1833 506 ⁸
2090 415 2137 488 99

338 649 412 720 tari
436 651 519 718 boni
546 667 609 735 per
635 647 777 718 solidos.
802 647 846 716 de
868 664 939 736 qua
962 665 1025 733 per
1048 647 1141 716 bona
1163 645 1425 714 combenientia
1450 663 1517 732 ego
1541 641 1769 732 supradictus
1786 641 1959 710 iohannes
1974 639 2107 726 guadia
2121 639 2189 709 tibi

343 801 517 872 iamdicto
539 802 655 870 mauri
682 799 795 888 dedit,
818 804 854 869 et
877 799 1105 869 mediatorem
1128 800 1194 868 tibi
1219 799 1335 886 posuit
1357 817 1412 866 me
1439 799 1566 884 ipsum3
1591 799 1628 865 et
1651 813 1715 884 per
1739 797 1816 884 ipsa
1838 791 1972 884 guadia
1993 791 2110 881 obligo
2133 811 2191 862 me

340 962 376 1026 et
398 976 497 1026 meos
518 956 640 1026 eredes
663 957 787 1026 amodo
810 959 845 1024 et
868 972 1005 1041 semper
1029 955 1275 1023 antistandum
1300 959 1335 1023 et
1358 954 1615 1024 defensandum
1640 954 1707 1022 tibi
1731 949 1902 1021 iamdicto
1926 951 2042 1019 mauri
2062 949 2186 1037 tuique
2260 987 2263 996 ι

336 1109 503 1180 eredibus
526 1110 655 1178 inclita
678 1108 886 1195 supradicta
908 1125 987 1176 mea
1010 1106 1241 1193 bindictione,
1265 1125 1345 1173 cum
1367 1103 1487 1174 omnia
1511 1103 1608 1174 adse
1630 1101 1895 1190 pertinentibus
1910 1105 2040 1169 etcum
2057 1097 2190 1170 bicede

339 1263 399 1331 bia
422 1281 501 1349 sua,
517 1262 562 1332 da
578 1263 693 1330 omnis
715 1262 850 1328 omines
874 1259 1040 1347 omnique
1064 1260 1227 1346 partibus
1250 1263 1286 1326 et
1310 1258 1356 1326 da
1380 1276 1491 1326 uxore
1515 1277 1610 1344 mea3
1627 1255 1770 1344 quando
1781 1259 1904 1326 autem
1922 1257 1960 1323 tu
1977 1257 2013 1322 et
2024 1255 2098 1321 tuis
2113 1272 2192 1323 ere-

339 1412 445 1481 dibus
469 1415 512 1483 de
534 1416 740 1504 supradicta
763 1433 841 1484 mea
864 1413 1085 1483 bindictione
1110 1433 1172 1500 per
1197 1433 1256 1484 vos
1281 1417 1367 1501 ipsis
1392 1414 1577 1482 botueritis
1601 1418 1696 1483 esset
1720 1415 1837 1483 autori
1860 1416 1897 1481 et
1921 1409 2115 1500 defensori,
2130 1428 2190 1498 po-

339 1569 507 1636 testatem
533 1569 673 1638 abeatis
686 1533 735 1636 ¹in
759 1569 923 1636 omnibus
947 1569 1029 1636 inde
1051 1586 1199 1637 causare
1216 1570 1251 1635 et
1267 1567 1372 1634 finem
1390 1566 1521 1651 iacere,
1538 1563 1693 1651 qualiter
1710 1563 1910 1652 bolueritis,
1928 1584 2009 1633 cum
2024 1564 2190 1635 omnibus

341 1719 546 1787 rationibus
568 1739 658 1806 quas
682 1719 765 1788 inde
788 1718 991 1806 abueritis3
1020 1737 1118 1806 nam,
1142 1717 1286 1804 quando
1302 1735 1358 1784 me
1376 1719 1411 1785 et
1434 1735 1528 1786 meos
1551 1717 1674 1786 eredes
1697 1717 1903 1805 quesieritis
1926 1718 2057 1787 exinde
2081 1721 2189 1789 abere
2256 1677 2259 1686 Ι

334 1874 457 1940 autori
481 1875 518 1938 et
541 1870 733 1958 defensori,
757 1889 824 1958 ego
850 1874 968 1940 autem
993 1875 1029 1938 et
1050 1887 1145 1938 meos
1170 1869 1291 1938 eredes
1315 1870 1441 1938 inclita
1463 1869 1672 1955 supradicta
1697 1888 1778 1940 mea
1800 1869 2019 1939 bindictione
2034 1871 2101 1940 tibi
2118 1873 2188 1941 tui·

335 2045 403 2113 que
427 2025 592 2095 eredibus
618 2026 851 2112 defensemus,
879 2025 972 2093 siout
994 2024 1159 2111 superius
1182 2023 1328 2110 legitur3
1355 2025 1391 2091 et
1412 2024 1442 2089 si
1466 2023 1589 2090 taliter
1633 2025 1681 2090 tc.
1708 2023 1856 2090 Stotnta
1878 2026 2013 2092 nnete
2028 2026 2185 2112 tripinto
2316 2075 2318 2085 ,

335 2199 534 2250 aureorum
557 2182 752 2250 solidorum
778 2182 1015 2251 Constantini.
1042 2183 1078 2248 et
1101 2178 1222 2248 taliter
1245 2177 1402 2245 scribere
1426 2176 1632 2264 rogabimus
1654 2178 1690 2243 te
1718 2176 1903 2263 iaqnintus
1926 2179 2101 2266 notarius,
2128 2196 2186 2248 ao-

339 2341 415 2403 tum
440 2334 591 2404 salerno.

394 2459 424 2578 †
452 2489 528 2575 Ego
550 2486 612 2574 qui
636 2505 744 2574 supra
768 2485 938 2575 grimoalt
961 2503 1076 2554 eomes
1097 2489 1133 2554 et
1164 2483 1284 2552 iudex.

1046 2735 1471 2750 m

1056 3003 1463 3086 CMXXXVIII·

1110 3301 1167 3376 A·
1196 3300 1250 3374 D.
1279 3298 1407 3374 1039.

381 3535 416 3675 †
440 3587 481 3653 In
505 3587 648 3656 nomine
671 3587 819 3675 domini,
843 3588 970 3656 domno
992 3586 1166 3658 michaele
1189 3587 1312 3656 divina
1335 3589 1455 3674 gratia
1480 3587 1692 3673 imperatore
1716 3590 1883 3674 augusto,
1908 3585 1972 3654 deo
2003 3587 2186 3674 propitio,

321 3742 440 3842 *sexto
465 3753 560 3806 anno
584 3737 726 3825 imperii
750 3742 840 3826 eius,
864 3758 983 3808 mense
1006 3740 1136 3828 magio,
1162 3741 1314 3828 septima
1338 3741 1546 3809 indictione.
1571 3741 1720 3826 Ideoque
1746 3757 1811 3828 ego
1826 3741 2001 3809 iohannes
2015 3735 2044 3824 ¹)
2066 3742 2185 3828 gratia

334 3888 389 3958 dei
417 3891 601 3978 episcopus
626 3895 749 3959 sancte
772 3892 864 3960 sedis
886 3891 1018 3961 lucerie
1041 3892 1195 3979 declaro,
1220 3895 1306 3979 quia
1331 3885 1441 3961 isdein
1466 3873 1584 3962 noster
1607 3894 1783 3980 episcopio
1811 3895 1920 3962 habet
1944 3895 2183 3980 pertinentem

335 4059 409 4111 una
434 4042 585 4112 ecclesia
612 4047 818 4113 vocabulum
841 4049 937 4116 santi
962 4046 1076 4115 iacobi
1100 4045 1249 4134 apostoli
1274 4051 1310 4114 et
1331 4047 1445 4115 saneti
1470 4048 1629 4116 barnabe
1646 4046 1797 4134 apostoli
1816 4048 1854 4114 in
1872 4045 2004 4114 fluibus
2029 4046 2072 4115 de
2095 4047 2187 4116 iam·

334 4193 430 4264 dicta
453 4195 598 4266 civitate
623 4197 771 4285 luceria,
796 4201 881 4286 quia
905 4199 977 4268 iam
1000 4217 1071 4267 non
1095 4198 1247 4295 multum
1271 4157 1378 4286 longe
1398 4200 1507 4269 distat
1530 4220 1553 4268 a
1580 4200 1650 4269 iam
1675 4203 1850 4288 prephata
1867 4201 1955 4267 urbe
1973 4199 2109 4268 luceria
2128 4219 2185 4268 ve-

330 4354 419 4418 tere.
445 4351 490 4418 Et
514 4351 744 4438 quesibimus,
770 4352 920 4420 forsitan
944 4353 1107 4428 invenire
1130 4356 1360 4442 potuerimus,
1384 4355 1443 4421 cui
1460 4354 1582 4424 eadem
1606 4356 1791 4424 ecclesiam
1808 4374 1871 4442 per
1895 4352 2184 4423 convenientiam

332 4503 419 4573 dare
442 4507 664 4592 potuerimus
686 4509 723 4573 et
745 4508 900 4593 pretium
925 4506 1008 4576 inde
1030 4509 1281 4596 reciperemus,
1305 4509 1347 4576 de
1363 4529 1435 4596 qua
1459 4528 1544 4578 vero
1559 4511 1713 4598 pretium
1730 4509 1817 4577 illud
1835 4527 1954 4578 emere
1977 4508 2184 4600 debeamus,

331 4658 427 4745 quod
451 4659 553 4727 nobis
575 4660 690 4729 eidem
713 4661 825 4730 nostri
850 4663 1019 4748 episcopii
1042 4662 1143 4730 valde
1166 4663 1213 4730 sit
1236 4663 1450 4732 necessaria.
1477 4665 1569 4733 Inito
1584 4683 1723 4752 quoque
1740 4665 1902 4752 consilio,
1921 4664 2123 4733 invenimus
2147 4667 2183 4733 te
2245 4754 2248 4764 μ

331 4817 413 4899 poto
438 4813 554 4882 filium
578 4813 722 4902 poterisi
747 4814 790 4883 de
813 4811 1017 4901 supradicta
1040 4814 1184 4885 civitate
1209 4816 1356 4906 luceria,
1381 4837 1486 4906 quem
1510 4819 1632 4888 eadem
1655 4818 1807 4887 ecclesia
1829 4839 1852 4888 a
1884 4817 1980 4886 nobis
2021 4818 2184 4904 accipere

331 4967 473 5036 volebas
495 4971 531 5036 et
554 4968 598 5037 ad
615 4971 754 5054 partem
770 4972 883 5038 nostri
897 4969 1076 5058 epyscopii
1093 4970 1248 5057 pretium
1264 4971 1351 5040 dare
1368 4971 1520 5058 volebas,
1538 4969 1631 5057 quod
1654 4968 1755 5036 nobis
1770 4968 1905 5055 optime
1922 4969 2078 5039 faciendi
2104 4987 2182 5040 esse

330 5122 544 5209 comparuit.
570 5125 721 5202 Interea,
748 5125 999 5194 reminiscente
1022 5145 1064 5194 ea
1088 5142 1156 5212 que
1180 5126 1218 5192 in
1246 5127 1356 5192 series
1388 5125 1479 5212 legis
1513 5123 1812 5214 longobardorum
1848 5123 1891 5192 de
1927 5124 2179 5193 convenientia

329 5277 502 5364 scriptum
527 5281 596 5365 est,
614 5281 653 5344 ut
669 5278 699 5345 si
717 5277 955 5366 longobardus
978 5297 1058 5346 cum
1082 5280 1322 5367 pontificibus,
1346 5279 1548 5365 abbatibus,
1575 5278 1629 5346 vel
1652 5279 1813 5348 custodes
1837 5277 2080 5365 ecclesiarum,
2111 5294 2176 5345 seu

334 5535 810 5552 m

430 5719 450 5799 ¹)
471 5721 518 5782 De
542 5719 605 5781 isto
626 5719 787 5802 Episcopo
810 5739 874 5781 non
894 5719 929 5780 fit
951 5719 1074 5780 mentio
1089 5719 1122 5779 in
1144 5719 1247 5781 Itultn
1268 5717 1372 5780 Sacro
1393 5713 1432 5777 ab
1454 5712 1619 5795 Ugheilio.
