5406 7090
661 453 709 530 36
1308 452 1767 530 LEC'l'lONthUM

613 683 767 756 dremne.
784 681 834 756 La
852 684 891 758 3ῧι
908 709 950 760 su
970 684 1027 756 cui
1046 689 1064 757 e
1082 647 1201 757 scritta
1218 683 1251 756 la
1270 681 1525 758 rubr—Lectio
1541 682 1687 771 decima,
1716 681 1793 756 Hiis
1809 682 1850 754 de
1868 681 2060 778 enanpaiian
2078 682 2214 756 lectione
2228 668 2250 750 ’.
2277 736 2286 754 .
2311 739 2319 757 .
2341 711 2439 769 nocere

606 845 723 938 justos
756 844 815 916 sed
835 807 1034 939 peccatores.
1062 845 1109 918 La
1136 853 1270 939 quarta,
1299 869 1340 918 su
1363 843 1420 916 cui
1447 843 1480 916 la
1506 842 1746 917 subn-teate
1769 843 1970 928 undecima,
1998 847 2029 917 si
2052 865 2129 940 erpo
2153 844 2307 916 dominns
2325 863 2441 946 propter

613 1021 726 1076 ores...
753 1025 829 1076 enrn
854 1004 926 1075 dies
949 1003 1093 1097 fntnrae
1118 1004 1373 1076 resurrectionis
1398 1003 1581 1075 advenerit.
1602 1002 1650 1074 La
1670 1001 1847 1097 quinta-
1861 1000 1910 1074 De
1934 1007 2031 1098 enias
2047 1005 2272 1076 saeratissimo
2290 1026 2440 1102 corpore..

616 1165 774 1238 manibus
800 1165 954 1260 despeeit
980 1165 1156 1237 latronem.
1182 1167 1230 1237 La
1255 1173 1346 1237 sesta
1371 1219 1378 1250 ,
1408 1188 1449 1236 su
1476 1163 1532 1236 eui
1560 1159 1593 1233 la
1620 1161 1715 1234 rubr.
1736 1161 1843 1236 Lectio
1869 1161 2195 1251 duodecima—ad
2218 1165 2302 1236 bane
2323 1169 2442 1262 ipitnr...

616 1321 840 1394 desideratam
868 1323 1017 1394 concedit
1031 1379 1062 1396 ..
1082 1379 1088 1390 .
1108 1377 1116 1392 .
1133 1326 1171 1394 in
1195 1345 1258 1396 see.
1284 1321 1385 1394 emal.
1415 1321 1533 1395 Antan.

664 1481 776 1553 Finita
802 1480 1058 1575 qnest’Omelia
1076 1481 1111 1553 di
1137 1481 1240 1556 Paulo
1265 1481 1418 1555 Diacono
1446 1482 1473 1554 si
1502 1482 1601 1578 legge
1630 1439 1826 1558 un'Omilia
1855 1509 1875 1558 o
1901 1483 2070 1556 Sermone
2096 1482 2152 1555 del
2179 1483 2280 1579 quale
2315 1487 2341 1558 si
2364 1488 2441 1562 desi-

614 1641 695 1713 dera
716 1639 742 1714 il
760 1644 941 1740 principio.
972 1644 1012 1736 (a)
1029 1684 1077 1702 -
1095 1641 1181 1715 Pare
1209 1640 1273 1714 che
1292 1643 1342 1716 sia
1369 1643 1561 1716 un'Omilia
1588 1643 1642 1716 sul
1669 1644 1816 1740 vangelo
1843 1642 1905 1717 che
1934 1643 1967 1717 'si
2001 1644 2099 1741 legge
2130 1642 2222 1717 nella
2260 1642 2340 1719 lesia
2368 1648 2444 1724 della

616 1801 857 1874 Decollaeione
883 1803 917 1874 di
945 1804 981 1876 S.
1003 1802 1171 1876 Giovanni
1191 1803 1353 1890 Ballista,
1382 1826 1436 1874 ma
1462 1825 1522 1898 per
1549 1813 1679 1899 quanto
1704 1803 1735 1874 ei
1762 1803 1906 1875 fossimo
1932 1803 2109 1899 adoperati
2138 1826 2207 1876 nou
2234 1803 2267 1874 oi
2296 1804 2331 1876 lu
2354 1811 2446 1900 possi-

615 1961 684 2036 bile
710 1963 746 2034 di
771 1985 959 2036 conoscere
986 1962 1042 2036 chi
1068 1988 1112 2036 ne
1138 1964 1190 2038 sia
1215 1963 1236 2034 l'
1251 1972 1383 2037 acriore.
1401 1963 1450 2036 Lo
1477 1963 1674 2038 mandiamo
1700 1991 1719 2039 a
1746 1964 1824 2036 luce
1852 1963 1979 2060 perche
2005 1986 2043 2036 se
2069 1987 2112 2035 ne
2139 1963 2236 2036 abbia
2265 1967 2389 2041 notizia.

668 2313 683 2349 a
709 2338 717 2354 .
747 2338 755 2354 .
785 2338 794 2356 .
821 2283 913 2356 diem
932 2283 1056 2358 natalis
1074 2283 1142 2370 sui,
1158 2284 1227 2357 nisi
1248 2283 1412 2359 herodem
1430 2297 1465 2360 et
1482 2284 1704 2381 pharaonem,
1722 2295 1759 2359 ut
1772 2309 1917 2381 quorum
1938 2294 2014 2359 erat
2035 2309 2096 2382 par
2116 2286 2275 2382 impietas
2293 2297 2376 2359 esset
2392 2311 2449 2360 una

616 2473 634 2509 «
656 2443 893 2540 solempnitas.
910 2442 1003 2517 cum
1022 2445 1217 2521 iuramento
1234 2444 1411 2542 pollicitus
1437 2457 1489 2520 est
1506 2447 1537 2518 ei
1557 2447 1639 2520 dare
1664 2448 1908 2544 quodcumque
1927 2449 2136 2544 postulasset
2154 2448 2195 2520 ab
2213 2473 2269 2521 eo.
2289 2449 2373 2545 Ergo
2390 2473 2448 2522 uon

620 2633 635 2671 a
661 2627 788 2676 excuso
814 2606 978 2676 herodem
1000 2608 1092 2700 qinod
1110 2606 1239 2680 invitus
1258 2617 1292 2678 ct
1312 2605 1434 2678 nolens
1454 2617 1591 2702 propter
1606 2609 1840 2702 juramentum
1861 2605 2088 2680 homicidium
2107 2609 2245 2695 lecerit,
2267 2607 2323 2704 qui
2341 2609 2449 2684 adhoc

618 2792 636 2829 a
658 2765 746 2836 torte
770 2763 912 2857 juravit,
935 2774 973 2838 ut
987 2719 1126 2839 luthrae
1147 2767 1316 2838 occisioni
1344 2764 1519 2840 machinas
1546 2776 1773 2862 praepararet.
1795 2768 1954 2862 Alioquin
1982 2769 2011 2838 si
2031 2766 2074 2839 ob
2085 2767 2449 2864 jusjurandumlecisse

618 2950 635 2986 a
657 2944 694 2993 se
720 2921 817 3008 dicit,
838 2923 867 2995 si
895 2925 1015 3018 patris,
1034 2927 1065 2998 si
1083 2926 1204 3021 matris
1230 2927 1436 3022 postulasset
1461 2927 1639 2998 interitum
1658 2927 1830 2998 iacturum
1850 2935 1934 3011 erat,
1956 2950 1998 2997 au
2017 2927 2112 2997 non?
2136 2926 2235 3012 Quod
2264 2926 2297 2996 in
2322 2949 2357 2999 se
2380 2949 2450 3022 ergo

623 3083 905 3178 «repudiaturus
932 3087 1011 3173 luit,
1039 3097 1285 3182 contempnere
1320 3085 1439 3159 debuit
1465 3095 1499 3159 et
1526 3087 1560 3157 in
1587 3084 1762 3181 propheta.
1793 3088 1841 3158 Da
1880 3087 1966 3160 mihi
1993 3088 2027 3157 in
2055 3086 2154 3158 disco
2180 3098 2287 3182 eaput
2309 3085 2452 3181 johannis

618 3274 636 3309 a
660 3243 840 3338 baptistae.
862 3247 1026 3320 Herodias
1044 3247 1172 3320 timens
1187 3272 1229 3320 ne
1243 3246 1390 3322 herodes
1409 3247 1595 3342 aliquando
1609 3246 1842 3342 resipisceret,
1859 3245 1912 3318 vel
1932 3244 2083 3343 philippo
2097 3241 2194 3318 iratri
2211 3245 2344 3318 amicus
2357 3244 2452 3327 heret,

617 3435 635 3470 e
658 3417 760 3504 atque
775 3405 919 3481 illicitae
939 3405 1078 3504 nuptiae
1106 3408 1247 3504 repudio
1265 3409 1496 3496 solverentur,
1518 3415 1636 3480 monet
1654 3407 1757 3480 filiam
1778 3409 1869 3482 utin
1890 3408 1964 3503 ipso
1985 3407 2101 3480 statim
2120 3407 2284 3482 convivio
2304 3413 2399 3504 caput
2412 3405 2455 3500 jo·

619 3595 636 3630 a
658 3565 784 3636 hannis
803 3565 967 3660 postulet,
990 3537 1134 3662 dignum
1161 3565 1255 3664 operi
1283 3566 1490 3655 saltationis,
1511 3564 1656 3660 dignum
1675 3568 1855 3663 sanguinis
1882 3568 2086 3665 praemium.
2108 3568 2151 3642 Et
2168 3568 2389 3642 contristatus
2412 3573 2457 3636 est

620 3755 635 3790 «
658 3747 744 3796 rex.
760 3722 1036 3798 consuetudinis
1062 3728 1312 3842 scripturarum
1339 3735 1392 3797 est
1417 3735 1465 3810 ut,
1480 3725 1680 3821 opinionem
1707 3727 1895 3800 multorum
1923 3728 1974 3800 sio
2000 3735 2137 3800 enarret
2161 3726 2369 3824 hystoricus,
2398 3747 2456 3820 quo

619 3913 637 3951 a
658 3884 758 3960 modo
785 3909 825 3959 eo
852 3891 1010 3983 tempore
1038 3885 1079 3959 ab
1105 3885 1266 3959 omnibus
1285 3885 1505 3959 credebatur.
1534 3884 1634 3960 Sicut
1652 3885 1772 3982 ioseph
1790 3885 1831 3958 ab
1851 3887 1923 3983 ipsa
1942 3909 2078 3983 quoque
2103 3887 2210 3961 maria
2237 3883 2457 3984 appellabatur

619 4074 637 4112 e
658 4053 754 4140 pater
764 4045 855 4139 jesu.
870 4045 918 4117 lta
937 4053 971 4117 et
990 4067 1083 4118 nune
1096 4043 1242 4118 herodes
1260 4045 1388 4119 dicitur
1402 4047 1643 4137 contristatus,
1659 4047 1738 4145 quia
1752 4046 1818 4122 hoe
1832 4047 2091 4122 discumbentes
2105 4047 2282 4145 putabant.
2299 4047 2459 4120 Dissimu-

622 4237 638 4273 «
659 4206 748 4280 lator
761 4207 854 4278 enim
871 4207 997 4281 mentis
1012 4231 1094 4281 suae
1109 4217 1143 4281 et
1157 4206 1281 4281 artilex
1292 4205 1463 4280 homicida
1478 4207 1657 4280 tristitiam
1674 4207 1888 4304 praeferebat
1899 4209 1932 4280 iu
1944 4207 2033 4280 lacis
2053 4231 2133 4281 eum
2150 4208 2321 4282 laetitiam
2335 4206 2461 4279 haberet

619 4362 696 4434 uin
715 4373 844 4437 mente.
864 4364 1008 4460 Propter
1031 4367 1266 4461 juramentum
1293 4376 1407 4440 autem
1427 4374 1461 4438 et
1479 4389 1539 4438 eos
1564 4367 1693 4462 pariter
1718 4367 1777 4462 qui
1804 4343 2080 4454 discumbebant,
2104 4369 2213 4458 jussit
2232 4369 2320 4441 dari.
2349 4366 2459 4440 Scelus

621 4553 638 4592 «
660 4530 801 4596 excusat
811 4525 1063 4620 juramentum,
1087 4535 1128 4600 ut
1146 4526 1211 4599 sub
1229 4527 1414 4600 occasione
1432 4527 1570 4622 pietatis
1589 4527 1717 4622 impius
1735 4526 1846 4601 lieret.
1866 4529 1965 4616 Quod
1984 4538 2100 4604 autem
2119 4528 2263 4617 subicit;
2285 4538 2319 4602 et
2336 4533 2462 4624 propter
2502 4545 2503 4549 ’

623 4711 640 4750 «
661 4705 721 4756 eos
738 4683 867 4780 pariter
885 4686 943 4780 qui
962 4684 1241 4776 discumbebant,
1262 4689 1339 4760 vult
1356 4711 1479 4762 omnes
1504 4688 1651 4761 sceleris
1668 4688 1723 4761 sui
1741 4710 1818 4760 esse
1836 4698 2030 4774 consortes,
2052 4669 2143 4764 utin
2163 4689 2343 4764 luxurioso
2360 4697 2392 4762 et
2409 4685 2464 4756 im-

622 4871 639 4909 e
660 4866 746 4938 puro
773 4844 937 4918 convivio
955 4857 1119 4921 eruentae
1145 4845 1266 4942 epulae
1285 4843 1518 4920 deferrentur.
1535 4846 1578 4919 Et
1594 4829 1740 4922 allatum
1759 4855 1812 4920 est
1832 4857 1934 4944 caput
1953 4847 2029 4943 ejus
2047 4847 2082 4920 in
2101 4849 2213 4938 diseo,
2234 4859 2270 4923 et
2288 4850 2403 4922 datum
2419 4853 2464 4917 esi

623 5033 639 5070 e
662 5003 796 5098 puellae
817 4985 856 5078 ¹et
880 5005 962 5079 tulit
985 5006 1086 5080 matri
1105 5030 1200 5082 suae.
1217 5007 1381 5102 Legimus
1395 5008 1430 5079 in
1449 5029 1591 5079 romana
1604 5007 1756 5102 hystoria
1775 5008 1968 5082 flaminium
1981 5008 2108 5082 ducem
2127 5033 2366 5097 romanorum,
2382 5003 2464 5104 quod

622 5193 639 5229 «
662 5164 844 5239 accubanti
861 5166 956 5262 juxta
982 5166 1225 5241 meretriculae
1248 5167 1351 5254 latus,
1380 5189 1467 5261 quae
1494 5189 1684 5261 numquam
1702 5165 1848 5240 vidisset
1865 5165 2043 5240 hominem
2062 5169 2290 5258 decollatum,
2313 5187 2463 5242 assensus

663 5781 708 5862 (a)
731 5780 804 5843 Non
827 5800 884 5868 par
907 5782 1022 5847 chiaro
1045 5801 1081 5846 se
1103 5799 1164 5864 per
1185 5799 1365 5846 maneanza
1388 5781 1420 5846 di
1442 5781 1524 5862 iogli
1548 5801 1566 5846 ο
1588 5803 1649 5864 per
1672 5784 1756 5847 altra
1779 5787 1930 5863 capione.
