5402 7088
624 515 672 588 50
919 505 958 530 “’
1265 515 1448 638 00111111
1480 515 1743 588 CAVENSIS

578 745 674 815 iusta
688 747 759 814 fine
775 746 905 833 padule
928 749 1052 814 nostra
1074 760 1276 820 commune,
1297 743 1380 813 inde
1396 749 1481 812 sunt
1496 743 1592 830 passi
1617 742 1793 812 tridecim:
1811 743 1859 812 ab
1882 739 1961 828 ipsa
1983 759 2067 829 pars
2089 739 2238 810 meridie
2259 737 2429 808 similiter

578 895 649 962 fine
673 897 751 982 ipsa
774 895 1031 1006 paludelquod
1049 895 1144 963 sicut
1158 894 1329 982 diximus,
1346 873 1468 962 nostra
1485 911 1684 981 commune,
1702 895 1784 964 inde
1800 899 1885 963 sunt
1900 893 1994 981 passi
2013 875 2220 980 octuaginta
2236 891 2317 959 duo.
2342 893 2428 961 Tota

580 1048 826 1135 suprascripta
849 1049 955 1116 rebus
978 1067 1041 1134 per
1065 1047 1233 1116 iamdicte
1257 1047 1342 1114 flnis
1365 1052 1402 1116 et
1425 1047 1609 1116 mensuria
1632 1023 1782 1115 fecimus
1805 1045 1936 1117 exinde
1961 1064 2035 1113 una
2057 1049 2152 1112 sorte
2181 1062 2262 1112 cum
2286 1042 2362 1112 vice
2384 1042 2429 1112 de

580 1203 656 1288 ipse
679 1202 749 1272 bie:
777 1208 919 1272 tantum
943 1202 1026 1271 inde
1049 1203 1317 1290 sceptuavimus
1342 1220 1414 1272 una
1437 1203 1573 1290 peciola
1596 1202 1639 1270 de
1664 1207 1762 1272 terra
1785 1221 1866 1269 cum
1891 1203 1996 1270 vinea
2011 1220 2092 1270 cum
2115 1202 2192 1270 vice
2215 1199 2258 1267 de
2282 1199 2342 1266 bia
2364 1216 2429 1269 sua

580 1355 626 1425 da
648 1361 749 1441 parte
774 1355 1054 1443 septemtrionis,
1072 1361 1113 1423 ut
1135 1373 1216 1424 cum
1240 1357 1349 1423 boves
1372 1356 1511 1424 iunctos
1534 1361 1571 1423 et
1593 1374 1674 1422 cum
1697 1355 1771 1426 alia
1793 1375 1903 1425 causa
1926 1375 1989 1443 per
2008 1355 2086 1442 ipsa
2109 1353 2169 1423 bia
2185 1350 2377 1441 ingredere
2391 1357 2429 1422 et

582 1512 773 1598 regredere
797 1511 970 1598 possead
995 1513 1072 1599 ipsa
1094 1509 1230 1598 peciola
1254 1509 1328 1579 iilis
1352 1512 1414 1596 qui
1437 1511 1515 1596 ipsa
1539 1516 1634 1579 sorte
1658 1507 1929 1598 comprenserit,
1954 1528 2015 1597 pro
2039 1511 2170 1595 quibus
2191 1509 2270 1596 ipsa
2292 1509 2429 1597 peciola

585 1681 648 1750 per
672 1664 751 1750 ipsa
773 1665 958 1733 mensuria
981 1684 1060 1732 cum
1085 1667 1163 1732 rice
1186 1665 1229 1733 de
1254 1666 1332 1751 ipsa
1356 1665 1417 1733 bia
1441 1663 1479 1731 in
1505 1665 1584 1750 ipsa
1606 1663 1706 1732 halia
1728 1667 1823 1730 sorte
1846 1662 2087 1751 adiunsimus3
2111 1665 2189 1750 ipsa
2211 1663 2311 1732 halia
2334 1671 2429 1735 sorte

581 1815 644 1902 qui
670 1820 725 1884 est
748 1816 795 1884 da
819 1835 903 1902 pars
918 1815 1133 1922 occidentis,
1157 1818 1219 1904 qui
1243 1823 1297 1886 est
1321 1836 1383 1918 per
1401 1818 1473 1885 'nec
1496 1817 1579 1884 finis
1602 1823 1637 1884 et
1659 1817 1853 1886 mensuris:
1871 1817 1919 1885 ha
1937 1771 2038 1901 parte
2060 1816 2208 1883 orientis
2232 1815 2429 1902 incipiente

572 1969 766 2038 demedio
790 1970 930 2040 ballone
953 1971 1015 2057 qui
1040 1975 1095 2038 est
1117 1991 1139 2040 a
1163 1974 1265 2058 parte
1288 1970 1450 2058 meridie,
1473 1974 1510 2038 et
1533 1974 1704 2058 pergente
1729 1969 1767 2037 in
1791 1974 1893 2056 parte
1914 1969 2178 2054 septemtrionis
2202 1989 2265 2055 per
2282 1969 2429 2037 termite

578 2125 638 2208 qui
663 2124 737 2192 ficti
764 2128 850 2192 sunt
875 2126 971 2194 inter
997 2125 1068 2194 ista
1090 2130 1185 2193 sorte
1210 2132 1246 2194 et
1269 2125 1347 2212 ipsa
1369 2125 1490 2210 priora
1512 2126 1619 2209 sorte,
1644 2122 1725 2189 inde
1749 2127 1834 2190 sunt
1856 2121 1949 2216 passi
1973 2119 2168 2208 sexaginta
2191 2141 2269 2207 sex,
2297 2121 2336 2187 in
2360 2141 2429 2208 quo

580 2295 658 2345 unu
683 2280 824 2348 termite
845 2279 972 2366 ,fictum
1004 2283 1081 2365 est,
1112 2279 1303 2346 etiterum
1334 2275 1536 2344 rebolbente
1568 2275 1604 2343 in
1629 2281 1733 2364 parte
1762 2276 1954 2344 occidentis
1983 2295 2070 2364 erga
2102 2277 2180 2363 ipsa
2212 2276 2272 2344 bia
2304 2281 2430 2346 nostra
2471 2303 2477 2314 ·

583 2448 771 2499 commune
795 2449 907 2517 usque
932 2434 971 2498 in
995 2449 1106 2500 unum
1129 2433 1272 2501 termite
1297 2433 1379 2502 inde
1402 2436 1487 2499 sunt
1508 2431 1604 2517 passi
1621 2431 1834 2518 octuaginta
1857 2431 2035 2517 quinque;
2058 2434 2095 2498 et
2118 2429 2164 2497 da
2189 2430 2264 2516 ipso
2287 2431 2430 2498 termite

586 2584 789 2652 rebolbente
814 2591 849 2652 et
871 2585 1121 2670 prebaricante
1145 2585 1224 2670 ipsa
1256 2585 1316 2652 bia
1347 2590 1384 2651 et
1406 2589 1578 2671 pergente
1609 2603 1698 2670 erga
1725 2586 1802 2670 ipsa
1831 2584 1949 2671 priore
1974 2587 2068 2651 sorte
2096 2583 2134 2650 in
2157 2587 2258 2669 parte
2281 2586 2431 2668 septem·

509 2761 524 2788 ·
582 2736 714 2805 trionis
738 2741 909 2824 usquein
934 2755 1045 2807 unum
1074 2737 1249 2807 ballitellu
1277 2737 1358 2804 inde
1381 2743 1464 2805 sunt
1491 2717 1584 2824 pa'ssi
1613 2711 1766 2824 triginta
1788 2741 1909 2822 septe;
1942 2737 2133 2804 etiterum
2160 2734 2365 2803 rebolbente
2389 2737 2429 2804 in

584 2894 689 2975 parte
712 2889 906 2958 occidentis
929 2871 1017 2978 erga
1041 2894 1117 2976 ipso
1139 2890 1316 2966 ballitellu
1341 2889 1423 2957 inde
1448 2896 1532 2959 sunt
1554 2891 1651 2975 passi
1677 2895 1821 2958 centum
1845 2887 2104 2978 quadraginta3
2121 2892 2158 2956 et
2180 2887 2226 2956 da
2250 2891 2351 2975 parte
2374 2905 2430 2955 oc·

585 3040 740 3109 cidentis
763 3043 835 3108 dne
859 3043 934 3128 ipso
960 3041 1185 3139 handel-lum,
1204 3007 1298 3119 unde
1316 3061 1378 3110 ver
1395 3048 1534 3130 tempus
1557 3062 1652 3129 aqua
1674 3043 1845 3130 decurrit3
1862 3044 1909 3111 da
1933 3046 2009 3130 ipsa
2033 2993 2237 3150 rebolbente
2259 3046 2430 3152 pergente

476 3181 480 3190 ’
584 3194 623 3261 in
647 3200 749 3282 parte
772 3195 921 3263 meridie
944 3200 980 3264 et
1001 3197 1242 3282 coniungente
1265 3196 1304 3263 in
1328 3196 1398 3265 alio
1421 3197 1580 3285 ballone,
1605 3199 1664 3285 qui
1690 3205 1743 3268 est
1765 3199 1811 3266 da
1835 3200 1914 3285 ipsa
1938 3216 2019 3284 pars
2051 3196 2210 3284 meridie,
2238 3196 2321 3265 inde
2345 3201 2429 3270 sunt

585 3349 680 3433 pessi
698 3349 906 3436 nonaginta
930 3367 1123 3435 sexusque
1147 3348 1260 3416 medio
1285 3349 1358 3436 ipso
1381 3349 1535 3437 betlone3
1553 3356 1588 3418 et
1613 3350 1744 3418 iterum
1769 3350 1973 3418 rebolbente
1996 3354 2033 3416 et
2056 3349 2211 3418 saliente
2227 3369 2290 3436 per
2305 3367 2370 3418 ora
2387 3350 2430 3418 de

583 3498 660 3587 ipso
685 3501 825 3571 ballone
850 3503 887 3570 in
912 3507 1013 3589 parte
1036 3503 1141 3588 quasi
1165 3501 1316 3570 orientis
1339 3507 1375 3570 et
1398 3505 1637 3590 coniungente
1661 3505 1698 3572 in
1723 3523 1831 3570 unum
1856 3504 2009 3589 termite,
2034 3505 2095 3590 qui
2112 3505 2235 3571 fictum
2252 3507 2305 3572 est
2331 3504 2429 3572 inter

588 3655 660 3724 ista
683 3661 777 3724 sorte
800 3663 836 3724 et
860 3657 937 3742 ipsa
960 3657 1076 3744 pecta,
1092 3657 1154 3742 qui
1181 3656 1315 3724 dicitur
1338 3655 1385 3723 da
1408 3655 1445 3723 la
1468 3657 1555 3724 iscla
1579 3657 1639 3744 qui
1664 3657 1813 3724 adiunta
1834 3661 1888 3724 est
1912 3658 1950 3724 in
1976 3659 2054 3744 ipsa
2076 3657 2194 3743 priore
2218 3660 2325 3743 sorte,
2349 3655 2433 3724 inde

583 3817 671 3880 sunt
695 3811 791 3898 passi
816 3811 1082 3898 quinquaginta
1104 3828 1181 3898 sex3
1206 3814 1243 3878 et
1265 3809 1311 3878 da
1334 3809 1447 3877 medio
1473 3809 1546 3896 ipso
1570 3810 1708 3878 batione
1732 3809 1934 3878 rebolbente
1966 3809 2004 3875 in
2029 3811 2131 3896 parte
2154 3805 2433 3895 septemtrionis,

580 3963 676 4030 sicut
700 3963 931 4032 terminatum
955 3967 1021 4051 est,
1039 3967 1076 4032 et
1091 3964 1326 4050 coniungente
1350 3962 1388 4028 in
1403 3961 1481 4048 ipsa
1504 3961 1565 4028 bia
1580 3966 1703 4029 nostra
1725 3977 1908 4028 commune
1924 3964 1960 4029 et
1982 3959 2065 4028 inde
2087 3962 2172 4026 sunt
2195 3957 2292 4045 passi
2309 3965 2433 4028 octua-

584 4113 689 4201 ginta
711 4113 831 4183 minus
855 4116 979 4202 guvita
1001 4116 1093 4203 dua,
1125 4121 1161 4183 et
1186 4113 1435 4202 prebaricante
1460 4116 1538 4203 ipsa
1562 4113 1622 4182 bia
1651 4119 1688 4181 et
1711 4111 1914 4181 rebolbente
1946 4113 1985 4179 in
2009 4115 2111 4198 parte
2138 4113 2240 4198 quasi
2265 4113 2431 4199 orientiS,

581 4269 618 4332 et
641 4265 794 4333 saliente
816 4285 904 4352 erga
929 4267 1004 4354 ipso
1027 4267 1167 4336 ballone
1191 4269 1229 4335 in
1254 4271 1358 4353 parte
1382 4267 1537 4334 orientis
1556 4271 1592 4334 et
1615 4265 1855 4369 coniungente
1880 4263 2016 4350 inipso
2047 4265 2164 4351 priore
2187 4264 2344 4351 termite,
2368 4263 2433 4351 qui

404 4425 409 4432 '
526 4513 529 4522 A
586 4417 706 4484 notum
731 4421 786 4484 est
811 4416 906 4484 inter
930 4416 1001 4485 ista
1024 4423 1117 4486 sorte
1140 4426 1176 4487 et
1201 4420 1277 4504 ipsa
1301 4417 1419 4504 priore
1443 4415 1550 4504 sorte,
1574 4417 1656 4484 inde
1680 4420 1763 4484 sunt
1787 4435 1849 4502 per
1872 4420 1948 4484 tota
1970 4415 2041 4483 ista
2065 4416 2136 4483 fine
2160 4413 2255 4501 passi
2286 4417 2434 4481 centum

372 4573 379 4596 ⁸
442 4581 456 4610 ⁹
588 4551 787 4655 nonaginta
810 4570 925 4655 nobe;
949 4573 985 4636 et
1009 4569 1047 4636 in
1071 4567 1142 4637 ista
1165 4572 1260 4670 sorte
1285 4568 1510 4637 adiunsimus
1536 4588 1608 4638 una
1632 4571 1734 4657 pecie
1764 4570 1808 4639 de
1832 4575 1931 4638 terra
1962 4588 2041 4636 cum
2064 4567 2171 4636 vinea
2201 4572 2237 4635 et
2260 4566 2372 4652 pomis
2396 4569 2435 4633 et

581 4723 763 4808 bacinum,
788 4723 827 4790 in
850 4739 919 4810 quo
942 4721 1043 4788 modo
1068 4720 1118 4788 ibi
1142 4739 1226 4790 casa
1248 4720 1382 4790 fabrita
1405 4727 1441 4790 et
1458 4701 1603 4790 furnum
1626 4724 1710 4791 abet
1733 4741 1793 4807 por
1809 4721 1997 4792 mensoria
2021 4743 2043 4792 a
2066 4725 2168 4807 parte
2191 4718 2341 4786 orientis
2362 4719 2433 4785 dne

581 4877 661 4964 ipsa
685 4880 746 4946 bia
768 4884 890 4949 nostra
914 4897 1076 4965 comune,
1096 4879 1190 4948 sicut
1214 4881 1449 4948 terminatum
1465 4884 1530 4965 est,
1557 4879 1639 4947 inde
1662 4883 1747 4976 sunt
1769 4880 1864 4964 passi
1890 4880 2230 4966 centu·octuaginta
2253 4876 2428 4966 quinque;

584 5035 622 5100 et
645 5029 691 5114 da
714 5023 789 5117 ipso
813 5035 953 5101 termite
978 5033 1184 5101 rebolbente
1208 5034 1248 5100 in
1271 5038 1372 5119 parte
1394 4989 1646 5119 septentrionis
1670 5031 1764 5099 iusta
1788 5033 1865 5116 ipsa
1889 5030 1949 5102 bia
1971 5037 2096 5136 nostra
2119 5049 2316 5116 commune,
2341 5031 2433 5119 quod

559 5183 676 5251 'inter
698 5200 762 5250 nos
786 5201 971 5251 commune
994 5184 1211 5268 dimisimus,
1229 5193 1263 5252 et
1278 5185 1515 5271 coniungente
1540 5185 1575 5251 in
1594 5203 1664 5253 uno
1682 5184 1907 5272 baltitellum,
1924 5189 1961 5251 et
1984 5185 2231 5271 prebaricante
2255 5185 2331 5270 ipso
2355 5183 2431 5253 bal·

582 5335 758 5423 litollum,
783 5340 820 5404 et
843 5340 1014 5422 pergente
1032 5356 1105 5430 per
1129 5337 1205 5424 ipso
1228 5336 1462 5425 ballttellum,
1489 5337 1723 5405 descendente
1746 5341 1782 5405 et
1804 5335 2042 5425 coniungente
2069 5337 2105 5405 in
2130 5339 2203 5407 elio
2234 5338 2375 5407 hellone
2398 5342 2434 5408 et

579 5487 663 5558 inde
685 5495 770 5557 sunt
794 5510 856 5576 per
880 5496 954 5560 tota
979 5489 1047 5560 ista
1070 5491 1160 5559 dnes
1184 5491 1279 5579 passi
1304 5495 1446 5559 centum
1471 5489 1602 5576 biginti
1627 5449 1727 5577 duo}
1751 5487 1844 5558 siout
1868 5490 2044 5582 diximuS,
2062 5509 2124 5578 per
2149 5496 2226 5562 tota
2249 5493 2319 5562 ista
2344 5493 2434 5562 fines

576 5645 614 5710 ot
636 5660 821 5712 mensuras
843 5646 1075 5713 communiter
1108 5644 1370 5714 reserbavimus
1401 5642 1460 5711 bia
1492 5641 1674 5710 internos
1705 5647 1740 5711 et
1773 5644 1906 5710 nostris
1941 5643 2106 5711 eredibus
2138 5661 2200 5730 per
2225 5649 2346 5732 partes
2370 5663 2434 5712 nos

577 5792 756 5863 abendum
778 5794 825 5863 da
841 5793 919 5882 ipsa
941 5794 1042 5865 halia
1064 5795 1126 5864 bia
1147 5798 1270 5864 nostra
1293 5813 1479 5864 commune
1495 5798 1656 5880 eiusque
1677 5795 1715 5862 in
1733 5795 1810 5882 ipso
1834 5795 1972 5865 ballone
1996 5797 2153 5882 adaque
2176 5795 2260 5866 inde
2283 5799 2431 5866 aurien·
