5408 7108
1006 551 1508 628 uinuonlmcus·
1706 583 1752 616 ·.
1904 645 1909 654 ,
2018 548 2088 624 aaa

277 777 522 864 gobardorum
546 779 717 866 scriptum
742 787 808 870 est,
833 788 874 850 ut
860 781 1026 851 tmulier
1051 785 1127 851 sine
1151 783 1281 851 notitia
1298 779 1506 851 ludicistaut
1522 781 1600 848 sine
1616 751 1827 852 consensum
1844 783 2031 865 parentum
2055 794 2137 845 suo·

285 949 364 997 rum
391 930 445 998 vel
470 930 522 998 illi
548 931 799 1020 hominibus,
790 955 827 1003 m
852 936 954 1003 cuius
977 935 1123 1004 mundio
1145 935 1268 1020 luerit,
1292 933 1334 1003 de
1358 935 1464 1001 rebus
1487 950 1571 1002 suas
1591 931 1710 1000 nichil
1733 929 1896 1001 stabilem
1925 931 2043 1000 lacere
2074 946 2135 1016 pc-

239 1111 245 1122 ·
283 1085 409 1170 tuerit,
433 1083 581 1170 proinde
604 1087 792 1158 obsecrare
817 1087 975 1172 cepimus
998 1086 1157 1156 eumdem
1182 1061 1318 1155 danseri
1344 1086 1422 1152 viro
1438 1081 1514 1154 meo
1529 1089 1687 1172 quamet
1705 1089 1761 1170 pet
1765 1103 1803 1150 ro
1751 1083 1893 1151 tillio
1912 1129 2069 1151 .....
2096 1083 2134 1150 et

280 1235 466 1308 halberico
489 1240 563 1308 lilio
578 1239 636 1304 olil
654 1243 865 1328 parentibus
888 1243 995 1328 atque
1012 1213 1338 1330 consentientibus,
1363 1249 1402 1310 ut
1427 1241 1463 1306 in
1487 1244 1555 1309 hac
1577 1239 1820 1310 cambiationo
1843 1239 1951 1307 michi
1976 1237 2135 1324 predicte

289 1391 459 1458 mulieres
482 1393 583 1460 fleret
607 1393 882 1470 consentientes,
901 1397 945 1462 lit
964 1396 1016 1464 illi
1041 1415 1117 1464 ea.
1149 1447 1157 1463 .
1185 1445 1193 1464 .
1220 1395 1481 1464 consentientes
1495 1387 1610 1463 'michi
1636 1391 1792 1495 luerunt.
1811 1394 1951 1463 Interea
1967 1410 2137 1484 unacum
2199 1373 2203 1382 ⁸

282 1541 495 1628 supradicto
518 1543 598 1612 viro
620 1509 698 1614 rnen
715 1550 751 1614 et
767 1565 847 1616 cum
863 1546 1043 1616 iamdictis
1057 1547 1264 1634 perentibus
1279 1499 1389 1634 atque
1402 1545 1704 1614 consentientibus
1721 1547 1809 1614 meis
1825 1501 1935 1633 etqui
1954 1546 1992 1614 in
2009 1545 2134 1614 eadem
2244 1557 2251 1576 ’

290 1694 433 1764 cartula
457 1712 529 1763 una
553 1689 772 1764 nobiscum
763 1703 857 1766 iusta
882 1700 994 1785 legem
1019 1717 1164 1768 manum
1189 1701 1444 1787 imposuerunt,
1469 1702 1561 1767 sicut
1585 1689 1900 1786 nobiscdngruum
1926 1700 2136 1767 etthabum

282 1866 363 1916 esse
387 1849 484 1926 videt
489 1867 544 1936 ur,
568 1851 722 1919 bonat
686 1859 722 1919 et
724 1853 819 1918 enim
836 1857 959 1922 nostra
974 1851 1204 1923 bolumtatem
1222 1856 1438 1922 unanimiter
1455 1853 1602 1939 parique
1617 1870 1828 1921 consensum
1848 1872 1909 1939 per
1926 1855 2020 1922 hanc
2037 1857 2135 1922 enim

283 2019 430 2086 quoque
455 1999 620 2071 videlicet
606 2009 720 2072 ttcar
706 2003 817 2072 tulam
843 2021 962 2072 coram
979 2013 1120 2090 present
1124 2007 1159 2074 ia
1174 2008 1369 2093 supradicti
1389 2009 1566 2077 ludicrae
1583 2008 1832 2094 nationumque
1849 2010 2133 2094 subscriptorum

284 2153 438 2223 testium
463 2156 712 2268 canbiabimus
735 2155 802 2266 tibi
826 2165 907 2244 poto
873 2159 1003 2228 tillio
1027 2160 1205 2244 poterisi
1196 2180 1273 2248 ipsa
1298 2163 1467 2231 iamdicta
1490 2167 1588 2231 terra
1612 2181 1680 2248 qne
1705 2165 1869 2248 superius
1904 2163 2136 2248 patefecimus

175 2309 178 2314 '
284 2309 390 2376 nobis
414 2327 491 2377 esse
513 2311 745 2404 pertinentes,
769 2329 837 2398 que
860 2313 968 2380 habet
991 2311 1092 2378 lines.
1117 2315 1164 2408 De
1189 2317 1303 2398 prima
1327 2333 1409 2382 vero
1433 2283 1540 2402 parte·
1557 2315 1648 2400 quod
1670 2320 1724 2383 est
1748 2335 1770 2384 a
1794 2314 1861 2382 fine
1885 2313 1927 2383 de
1957 2317 2036 2402 ipsa
2074 2317 2137 2384 hia

286 2461 446 2548 plubica,
471 2462 554 2531 inde
577 2469 661 2533 sunt
684 2465 730 2532 ad
752 2463 1093 2532 ominis·mediocris
1116 2484 1266 2551 persona
1294 2468 1427 2536 iustum
1453 2475 1694 2539 mensuratum
1720 2473 1814 2557 passi
1839 2474 1983 2538 centum
2007 2469 2140 2538 duode·
2220 2489 2228 2502 ·

284 2614 374 2681 cim.
401 2617 449 2683 De
472 2610 630 2684 secunda
654 2633 734 2684 vero
758 2621 857 2703 parte
879 2618 970 2704 quod
994 2623 1046 2686 est
1069 2618 1221 2686 amenio
1238 2619 1362 2706 limite,
1380 2621 1450 2687 fine
1467 2621 1542 2706 ipsa
1560 2627 1657 2690 terra
1673 2620 1827 2688 deudede
1845 2623 2030 2709 presbiter,
2050 2621 2136 2688 inde

282 2765 376 2837 sunt
400 2770 494 2855 passi
520 2770 675 2857 triginta
695 2777 730 2840 et
752 2761 899 2840 duobus.
925 2773 971 2839 De
996 2773 1103 2842 tertia
1126 2790 1208 2839 vero
1231 2777 1332 2861 parte
1355 2774 1445 2858 quod
1471 2778 1525 2841 est
1547 2775 1655 2842 atine
1670 2775 1713 2843 de
1730 2739 1930 2860 ipsaserfa,
1949 2773 2031 2841 inde
2046 2776 2136 2875 sunt

292 2881 386 3007 passi
412 2924 714 3011 quadragintae
736 2925 905 3012 quinque.
931 2927 978 2992 De
1001 2933 1131 3011 quarta
1155 2943 1236 2992 vero
1261 2943 1322 3010 par
1326 2924 1468 3009 equod
1486 2930 1539 2993 es
1525 2925 1664 2993 atine
1680 2924 1749 2994 de
1740 2945 1817 3012 tpsa
1834 2927 1975 3010 pastina
2000 2931 2139 2997 vestra·
2156 2999 2170 3032 ·.

280 3095 359 3163 que
384 3095 452 3162 que
476 3077 696 3150 canbiatore.
724 3078 806 3146 inde
829 3079 1081 3164 nuntiisque
1072 3097 1109 3145 m
1133 3081 1269 3166 priores
1286 3079 1374 3148 fines
1390 3083 1482 3168 passi
1500 3080 1646 3149 hoctant
1632 3085 1668 3148 ta
1684 3086 1719 3148 οι
1732 3086 1821 3148 octo
1775 3081 1895 3148 tlnt
1883 3085 1934 3147 ter
1949 3080 2018 3148 iste
2036 3099 2139 3148 nam-

282 3248 372 3318 »que
370 3230 526 3309 finiet
491 3237 526 3300 et
549 3239 725 3316 mensure,
744 3251 812 3317 que
828 3235 991 3319 superius
1014 3233 1173 3301 cernitur
1201 3239 1236 3302 et
1253 3231 1340 3322 legit
1345 3253 1385 3301 ur
1326 3233 1445 3302 tde
1461 3235 1556 3301 line
1548 3253 1584 3300 m
1603 3234 1723 3318 linem,
1741 3237 1916 3374 quantum
1933 3234 2026 3302 inira
2043 3232 2144 3303 clau-

253 3471 256 3476 λ
294 3384 601 3472 strnmtest,ipsa
624 3385 919 3456 iamdictaterra
943 3384 1036 3454 unde
1061 3403 1126 3454 nec
1150 3386 1252 3453 nobis
1275 3403 1389 3472 neque
1412 3383 1484 3451 hab
1507 3383 1670 3452 eredibus
1693 3387 1825 3452 nosris
1837 3433 1847 3472 ,
1874 3402 1997 3452 verum
2022 3384 2133 3454 etiarn
2218 3351 2222 3360 Ι

290 3560 408 3628 neque
432 3544 476 3612 ad
500 3543 636 3611 nullum
660 3543 864 3631 quempiam
888 3544 1030 3610 homine
1055 3541 1176 3628 aliqua
1199 3541 1315 3627 portio
1339 3540 1600 3609 reserbubimus
1628 3539 1849 3625 requirendi.
1887 3539 1944 3607 Set
1980 3511 2159 3625 qualiter

181 3739 185 3748 ·
284 3713 331 3764 se
356 3683 449 3764 iacet
474 3697 550 3782 ipsa
574 3697 745 3764 iamdicta
768 3702 878 3781 terra,
904 3713 977 3761 una
1001 3713 1079 3762 cum
1105 3693 1231 3761 mediis
1253 3695 1427 3762 limitibus
1450 3699 1486 3761 et
1510 3711 1589 3759 eum
1624 3692 1690 3788 uiis
1724 3694 1761 3763 et
1785 3691 1934 3759 handita
1961 3710 2026 3758 sua
2056 3709 2144 3759 can·
2214 3777 2218 3788 Ι

275 3821 469 3920 'biavimus
490 3851 560 3918 tibi
586 3855 666 3936 poto
689 3851 894 3929 canbiatore
911 3850 1034 3914 nostro
1048 3846 1312 3934 possidendum.
1328 3849 1376 3914 De
1392 3865 1460 3932 quo
1478 3863 1542 3931 pro
1557 3844 1914 3914 constabiliscendam
1931 3845 2038 3929 atque
2056 3861 2143 3912 con·

294 4005 506 4075 firmandam
531 4004 597 4074 tibi
621 4006 714 4074 hanc
739 4009 818 4072 nost
820 4023 894 4074 ram
919 4001 1180 4072 canbiationem
1206 4001 1385 4069 manifesti
1410 4019 1544 4088 sumuS,
1568 4000 1706 4087 quoda
1728 4007 1902 4088 presente
1937 4000 2140 4086 recepimus

145 4178 150 4186 ·
283 4179 314 4228 a
338 4164 374 4228 ιο
397 4158 581 4254 nominato
607 4127 688 4244 ροιο
712 4154 858 4225 canbiat
843 4161 918 4223 tore
943 4161 1023 4222 nost
1027 4171 1065 4220 ro
1089 4154 1126 4220 in
1151 4154 1288 4222 cambio
1313 4171 1386 4220 una
1410 4157 1468 4238 pet
1470 4152 1506 4219 ia
1456 4152 1571 4220 tde
1593 4150 1735 4220 binea
1727 4170 1764 4218 m
1784 4154 1860 4238 ipsa
1876 4149 2088 4272 labandaria
2104 4153 2142 4218 et

292 4312 402 4380 liubin
424 4309 573 4395 salsula;
598 4308 740 4375 finitum
765 4307 916 4375 dicimus
939 4311 1026 4406 aput
1048 4325 1112 4374 nos
1135 4311 1313 4393 receptum
1339 4306 1470 4372 habere
1496 4304 1649 4378 inclito
1642 4321 1718 4391 ipso
1742 4305 1883 4372 canbio.
1914 4305 1967 4372 Ea
2003 4303 2141 4371 scilicet

281 4466 445 4552 ratione,
471 4470 510 4533 ut
533 4464 743 4532 hamodoet
707 4469 904 4550 etsemper
927 4460 1052 4528 eadem
1069 4465 1193 4526 nostra
1216 4459 1368 4541 canbiat
1361 4475 1476 4524 ionem
1502 4455 1601 4544 integ
1578 4473 1705 4542 oram,
1730 4455 1823 4524 sicut
1846 4473 1954 4541 supra
1978 4453 2067 4541 legit
2053 4459 2140 4537 tur,

197 4641 201 4650 ·
283 4621 481 4689 -habereet
502 4618 678 4705 possidere
701 4615 885 4730 baleatis,
898 4619 933 4683 et
956 4613 1074 4683 lacta
1051 4618 1106 4692 1s
1120 4611 1249 4681 exinde
1273 4629 1341 4697 que
1364 4609 1513 4734 hamodo
1538 4570 1643 4676 tibit
1628 4608 1752 4695 tuique
1776 4607 1967 4676 heredibus
1995 4609 2140 4694 placue-

291 4773 341 4840 rit
363 4772 441 4839 sine
464 4769 725 4839 contraditione
749 4771 929 4835 nosttrae
915 4763 994 4834 tde
1018 4765 1150 4832 nostris
1180 4763 1368 4835 heredibus
1398 4727 1640 4848 requisitione.
1653 4761 1764 4829 Unde
1787 4757 2012 4848 guadiatibi
2037 4721 2144 4828 dedi*

289 4871 368 4992 mus
391 4928 427 4992 et
449 4899 680 4992 mediatorem
703 4921 769 4988 tibi
794 4919 977 5006 posuimus
1001 4917 1120 4985 bonizo
1143 4913 1216 4982 lllio
1239 4915 1419 5002 quoddam
1437 4913 1567 5001 guid03
1590 4919 1626 4981 et
1649 4908 1886 5000 obligavimus
1910 4916 2055 4980 nosetc.
2078 4912 2142 4980 Sc·

277 5023 418 5164 quitur
439 5079 602 5146 consucta
623 5075 807 5161 formula,
832 5047 966 5139 statuta
993 5071 1109 5136 multa
1137 5069 1399 5180 qqiupuaqintu
1421 5069 1508 5136 auri
1529 5069 1723 5136 solitorum
1744 5067 2140 5140 constantinianorum.

279 5231 364 5306 Quo
385 5226 582 5311 teadelferi
607 5223 899 5302 notarium-hanc
914 5221 1052 5292 cartam
1069 5226 1191 5290 nostre
1205 5223 1429 5291 absscribere
1446 5223 1662 5310 rogabimus,
1681 5222 1743 5310 qui
1762 5225 1797 5291 et
1817 5220 1994 5326 interluit.
2014 5224 2141 5291 Actum

283 5383 329 5452 ιο
351 5361 501 5450 civitate
523 5378 659 5448 luceria
684 5325 880 5446 indictione
903 5359 1070 5446 feliciter.
2185 5325 2191 5336 ’

239 5589 244 5598 .
326 5505 366 5624 †
390 5535 465 5622 Ego
488 5535 661 5602 iohannes
685 5533 794 5602 iudex
1052 5508 1056 5514 ¹

332 5656 367 5776 †
392 5659 467 5776 Ego
489 5686 602 5775 gilglo
625 5690 717 5756 teste

330 5813 367 5932 †
391 5843 468 5932 Ego
491 5795 571 5930 ροιο
593 5845 696 5910 teste.
761 5855 769 5870 ·
