5456 7096
993 519 1406 598 nrrnouurrous
1696 489 1698 494 ’
1761 619 1764 626 ⁴
2033 521 2077 592 or

277 773 349 824 sua
372 754 529 823 sortione
552 757 590 822 et
613 771 724 840 usque
747 751 826 840 ipsa
849 753 921 822 via:
947 749 1125 838 simulque
1148 756 1184 820 et
1207 754 1283 840 ipse
1306 769 1331 817 r.
1345 749 1508 820 moaldns
1531 748 1655 818 divisit
1677 752 1776 818 terra
1800 767 1880 816 cum
1895 747 2003 816 vinea
2018 750 2054 816 et
2069 750 2130 816 ba·

277 923 384 974 ouum
410 905 453 973 de
478 905 591 973 locum
616 905 747 974 trocole
771 908 807 974 et
831 904 913 972 iecit
937 905 1019 972 inde
1042 903 1110 972 due
1134 905 1241 972 sortis
1265 903 1310 972 ad
1334 902 1460 990 equale
1484 902 1682 970 mensoria:
1715 919 1788 969 una
1818 903 1914 968 sorte
1946 901 2029 968 iecit
2051 918 2127 968 esse

281 1077 410 1146 apars
434 1057 596 1145 meridie,
620 1063 655 1126 et
678 1057 752 1156 alia
776 1061 870 1126 sorte
894 1059 978 1126 lecit
1002 1077 1024 1126 a
1048 1075 1130 1144 pars
1153 1057 1431 1144 sebtemtrionis3
1458 1055 1536 1142 ipsa
1559 1054 1714 1123 sortione
1737 1054 1830 1140 quod
1854 1053 1942 1121 fecit
1972 1073 2048 1122 esse
2078 1057 2124 1124 ab

279 1217 357 1301 ipsa
381 1232 465 1301 pars
489 1212 651 1299 meridie,
675 1231 738 1300 per
754 1231 794 1280 ec
818 1211 899 1278 linis
922 1216 958 1279 et
982 1211 1177 1280 mensuris:
1197 1213 1242 1282 ab
1258 1213 1333 1299 ipsa
1348 1229 1433 1298 pars
1447 1213 1597 1280 meridie
1614 1213 1685 1280 line
1701 1210 1743 1279 de
1759 1209 1881 1278 eredes
1898 1210 2017 1297 basili,
2035 1211 2128 1297 quod

276 1383 399 1434 eorum
426 1366 463 1433 in
487 1369 580 1432 sorte
604 1385 625 1434 a
649 1381 715 1430 nos
738 1365 857 1432 evenit
879 1374 915 1432 et
937 1367 1110 1450 pertange
1135 1363 1180 1430 ad
1204 1364 1275 1432 ilne
1299 1367 1423 1434 nostra
1446 1367 1483 1432 et
1508 1365 1620 1452 ipsius
1644 1365 1815 1433 romoaldi
1841 1371 1925 1434 sunt
1958 1387 2020 1454 por
2059 1368 2128 1439 ista

276 1523 378 1605 parte
401 1517 495 1604 passi
531 1517 819 1604 quinquaginta:
844 1535 867 1583 a
890 1533 974 1601 pars
998 1515 1148 1584 orientis
1172 1517 1242 1585 line
1267 1516 1328 1586 bia
1351 1538 1421 1604 que
1446 1521 1565 1606 pergit
1588 1520 1633 1588 ad
1658 1520 1806 1606 lempole
1830 1520 1912 1588 inde
1938 1522 2033 1608 passi
2060 1525 2129 1592 tri·

274 1674 403 1761 ginta:
440 1677 476 1739 et
510 1693 532 1741 a
562 1676 664 1758 parte
686 1672 948 1740 sebtemtrionis
972 1673 1042 1740 tine
1066 1689 1215 1759 meaque
1239 1671 1386 1740 adelferi
1408 1721 1418 1758 ,
1443 1677 1526 1740 sunt
1550 1674 1620 1740 fine
1644 1677 1787 1744 exiente
1810 1696 1873 1763 per
1897 1676 2002 1743 rebus
2030 1695 2126 1744 com·

277 1847 384 1897 mune
408 1827 631 1915 aliquantum
656 1827 737 1894 inde
760 1827 853 1914 passi
880 1825 1120 1913 quadraginta
1143 1827 1331 1912 quantuor.
1360 1831 1473 1894 tolum
1501 1826 1591 1895 istut
1614 1847 1677 1914 per
1715 1828 1783 1895 ista
1819 1829 2003 1897 mensnria
2038 1829 2123 1898 fecit

275 1984 358 2051 inde
381 1984 456 2069 ipse
480 1981 681 2051 romoaldus
703 1981 772 2050 due
800 1979 904 2048 sortis
928 1980 973 2048 ad
997 1979 1122 2066 equale
1146 1981 1352 2067 mensoria,
1386 2000 1458 2049 una
1491 2002 1513 2050 a
1547 1999 1631 2066 pars
1655 1981 1802 2049 meridie
1826 1987 1861 2048 ot
1885 1980 1959 2048 alia
1984 2004 2007 2051 a
2037 2003 2121 2071 pars

273 2137 540 2208 sebtemtrionis
562 2155 643 2204 cum
668 2135 745 2202 vice
769 2134 812 2202 de
834 2134 896 2202 bia
918 2151 996 2220 sua,
1020 2139 1056 2200 et
1079 2132 1239 2200 adiunsit
1264 2135 1301 2200 in
1326 2134 1401 2220 ipsa
1424 2137 1578 2204 sortione
1602 2136 1647 2203 da
1672 2154 1756 2220 pars
1791 2136 2057 2204 sebtemtrionis
2079 2136 2123 2204 de

274 2311 347 2361 una
372 2293 472 2378 pecia
495 2292 538 2358 de
561 2297 656 2358 terre
679 2292 807 2376 baoua,
832 2283 893 2377 qui
910 2293 1001 2358 esta
1024 2290 1149 2357 subtus
1173 2289 1244 2365 via,
1270 2293 1363 2358 sorte
1387 2289 1447 2375 qui
1466 2295 1519 2357 est
1536 2311 1557 2358 a
1574 2308 1659 2376 pars
1682 2289 1948 2359 sebtembrionis
1965 2311 2027 2380 per
2044 2291 2124 2378 ipsa

273 2447 331 2516 bia
355 2445 519 2532 sumpissi
544 2445 672 2532 viginti
698 2445 758 2512 dni
785 2448 820 2512 et
844 2444 891 2512 da
914 2444 991 2530 ipsa
1015 2443 1075 2510 via
1098 2443 1336 2510 descendente
1374 2459 1436 2528 per
1469 2443 1540 2509 line
1575 2447 1699 2508 nostra
1734 2445 1770 2508 et
1807 2442 1918 2528 ipsius
1955 2443 2126 2510 romoaldi

275 2619 387 2688 usque
411 2600 551 2668 ballone
576 2599 669 2686 passi
695 2599 892 2684 duodecim,
918 2602 953 2666 et
975 2597 1021 2664 da
1045 2595 1129 2663 inde
1152 2595 1386 2663 descendente
1411 2614 1473 2681 per
1498 2593 1614 2662 medio
1641 2594 1715 2679 ipso
1739 2593 1879 2663 ballone
1906 2613 2016 2681 usque
2048 2596 2127 2682 ipsa

277 2754 352 2823 alia
374 2761 468 2822 sorte
492 2755 587 2840 passi
614 2751 744 2839 viginti
769 2751 829 2819 dui
853 2750 1005 2820 saliente
1030 2751 1124 2820 inter
1150 2751 1255 2818 ambo
1279 2752 1353 2834 ipse
1377 2749 1495 2833 sortia,
1520 2754 1557 2816 et
1580 2747 1776 2834 coniunget
1801 2750 1839 2816 in
1867 2749 1944 2834 ipsa
1970 2749 2028 2817 via
2059 2767 2126 2835 que

172 2939 175 2947 =
276 2906 394 2992 pergit
417 2905 462 2974 ad
487 2903 645 2991 lempole.
674 2906 742 2972 ista
765 2908 870 2989 sorte,
896 2902 954 2989 qui
981 2909 1035 2970 est
1062 2923 1085 2970 a
1109 2921 1193 2988 pars
1211 2903 1490 2986 sebtembrioniS,
1511 2921 1574 2987 per
1594 2900 1672 2987 ipsa
1688 2903 1872 2969 mensoria
1889 2919 1970 2967 oum
1989 2901 2062 2968 vice
2080 2901 2123 2968 rle

279 3059 340 3128 bia
362 3077 427 3126 sua
452 3059 552 3144 prius
577 3057 876 3144 compreensimus
900 3073 964 3122 nos
987 3055 1161 3123 nominati
1187 3055 1350 3139 germani
1379 3057 1415 3120 in
1440 3059 1569 3122 nostra
1592 3059 1698 3140 sorte,
1717 3059 1752 3120 et
1769 3054 1846 3140 ipsa
1863 3059 1958 3120 sorte
1977 3054 2022 3122 da
2041 3073 2123 3141 pars

273 3211 438 3299 meridie,
461 3210 615 3298 qualiter
639 3227 748 3297 snpra
772 3210 917 3296 legitur,
942 3209 987 3277 ad
1011 3209 1148 3295 equalis
1173 3209 1356 3278 niensuria
1379 3227 1459 3276 cum
1485 3208 1558 3278 alia
1582 3211 1683 3295 pecia
1707 3210 1846 3297 baoua,
1872 3211 1966 3296 quod
1991 3209 2122 3276 ibidem

276 3364 452 3451 adiunsit,
476 3363 537 3448 qui
563 3367 617 3430 est
641 3381 704 3448 per
731 3382 769 3429 ec
794 3362 875 3428 linis
899 3365 935 3428 et
957 3365 1152 3449 mensuria;
1178 3383 1200 3432 a
1223 3331 1307 3448 pars
1330 3364 1525 3430 occidentis
1542 3365 1613 3431 line
1634 3364 1711 3451 ipsa
1727 3365 1797 3452 via,
1815 3366 1897 3432 inde
1915 3369 2007 3453 passi
2032 3371 2123 3453 ooto;

273 3523 311 3586 et
332 3537 356 3586 a
379 3521 480 3604 parte
504 3515 653 3584 meridie
677 3519 801 3584 nostra
825 3519 860 3582 et
883 3533 949 3584 sua
972 3533 1168 3602 commune,
1194 3517 1277 3584 inde
1301 3519 1397 3603 passi
1422 3513 1591 3604 triginta3
1615 3523 1696 3587 eta
1731 3525 1832 3604 parte
1867 3519 2016 3586 orientis
2052 3520 2124 3587 line

280 3673 394 3743 medio
417 3672 570 3758 ballone,
595 3672 678 3740 inde
703 3670 798 3758 passi
821 3673 898 3738 octo
922 3675 958 3739 et
981 3670 1168 3757 coniungit
1191 3673 1229 3738 in
1262 3673 1339 3757 ipsa
1369 3674 1463 3738 sorte
1499 3675 1694 3757 nostraque
1729 3673 1894 3760 germani
1930 3673 2023 3759 quod
2062 3691 2127 3740 nos

276 3825 440 3913 superius
463 3823 775 3912 compreensimus3
800 3825 943 3892 tantum
968 3823 1046 3910 ipsa
1069 3843 1164 3910 aqua
1186 3823 1232 3893 da
1255 3821 1420 3911 lempole,
1446 3821 1593 3909 [quando
1611 3821 1826 3890 voluerimus
1842 3843 1905 3892 nos
1930 3829 1965 3892 et
1981 3826 2045 3911 ipsi
2072 3843 2127 3893 ro·

278 3975 454 4063 moaldus,
478 3981 516 4044 et
540 3976 671 4042 nostris
694 3980 730 4043 et
754 3974 851 4043 illius
874 3975 1010 4062 eredeS,
1034 3979 1179 4062 portare
1204 3979 1281 4063 ipsa
1298 3997 1391 4064 aqua
1409 3997 1473 4064 per
1493 3979 1567 4064 ipse
1586 3978 1706 4064 sortiS,
1724 3979 1814 4064 quod
1833 3999 1894 4066 per
1911 3987 2013 4067 parte
2030 3941 2138 4048 com-⁸

273 4128 493 4214 preensimus
528 4147 638 4214 nsque
673 4129 750 4214 ipsa
785 4131 891 4195 rebus
914 4147 1114 4215 commune,
1140 4135 1311 4216 potestate
1335 4135 1507 4200 abeamus
1531 4151 1593 4220 per
1617 4138 1736 4219 partes
1762 4135 2011 4222 unusquisque
2044 4137 2124 4222 ipsa

276 4301 374 4369 aqua
399 4288 541 4368 portare
565 4299 628 4368 pro
652 4285 771 4348 nostre
795 4281 975 4366 utilitatiS,
999 4282 1078 4350 sine
1103 4301 1282 4370 unapars
1306 4284 1355 4352 vel
1383 4285 1457 4353 alia
1493 4287 1746 4356 contrarietate
1782 4287 1836 4355 vel
1873 4289 2124 4374 requisitione.

275 4439 353 4526 ipsa
377 4441 473 4506 sorte
495 4437 542 4506 da
565 4438 644 4523 ipsa
667 4455 752 4523 pars
775 4435 940 4523 meridie,
964 4437 1118 4524 qualiter
1141 4441 1307 4527 superius
1329 4441 1476 4528 legitur,
1501 4461 1564 4528 per
1582 4443 1661 4530 ipsa
1678 4445 1862 4513 mensuria
1883 4446 1956 4532 ipse
1977 4448 2126 4517 romoal-

271 4592 337 4660 dus
362 4593 399 4659 in
425 4611 491 4660 sua
514 4597 608 4661 sorte
631 4591 881 4678 compreensit3
906 4597 1046 4662 tantum
1070 4593 1128 4662 vie
1150 4593 1243 4680 quod
1268 4611 1329 4679 per
1347 4599 1467 4681 partes
1485 4593 1652 4662 debemus
1667 4597 1814 4684 andare,
1832 4599 1937 4667 sicuti
1962 4600 2124 4670 continet

271 4747 461 4817 divisionis
484 4749 602 4836 prima
618 4767 658 4816 re
675 4766 738 4835 per
762 4747 824 4816 illo
848 4747 975 4835 looum,
1000 4746 1093 4815 unde
1117 4747 1185 4833 ipsi
1209 4748 1329 4814 brebri
1353 4747 1541 4816 divisionis
1564 4747 1736 4826 continet,
1761 4749 1857 4816 omni
1883 4752 2041 4836 tempore
2057 4767 2122 4820 nos

270 4901 439 4990 germani
462 4905 499 4970 et
524 4902 638 4988 ipsum
662 4899 875 4986 romoaldus,
900 4903 936 4968 et
959 4898 1088 4966 nostris
1111 4902 1147 4968 et
1171 4898 1268 4967 illins
1290 4900 1426 4987 eredes,
1450 4904 1686 4970 communiter
1709 4903 1880 4971 audemus
1903 4904 1978 4990 ipse
2003 4906 2123 4974 vicum

270 5058 392 5124 nostre
415 5055 653 5142 congruitatis
675 5072 739 5141 per
763 5051 826 5121 illa
851 5052 1002 5139 ratione,
1027 5051 1119 5120 siout
1147 5053 1215 5138 ipsi
1233 5053 1349 5122 brebri
1369 5053 1557 5122 divisionis
1572 5053 1743 5124 continet.
1763 5075 1802 5124 ec
1818 5055 1925 5126 sortis
1942 5059 2037 5126 inter
2055 5077 2118 5127 nos
2142 5041 2147 5048 ’

270 5209 431 5295 lecimus,
454 5213 491 5276 et
513 5213 634 5296 partes
657 5209 750 5277 inter
773 5225 837 5275 nos
860 5208 1161 5293 compreensimus
1183 5209 1222 5274 et
1246 5206 1475 5294 tradidimus,
1497 5227 1577 5275 cum
1601 5213 1722 5280 omnia
1746 5213 1843 5288 intro
1866 5231 1904 5280 se
1928 5213 2121 5282 ababtibus

268 5363 504 5448 omnibusque
527 5362 602 5429 suis
625 5363 852 5448 pertinentiis
875 5367 911 5430 et
934 5380 1016 5430 oum
1040 5365 1118 5428 vioe
1143 5363 1186 5431 de
1210 5363 1286 5448 ipse
1303 5365 1369 5451 vie,
1388 5367 1440 5432 sio
1456 5383 1541 5452 pars
1561 5367 1719 5452 partium
1738 5368 1812 5452 ipse
1829 5369 1935 5434 sortis
1951 5368 2123 5434 abeamus

270 5517 306 5582 et
329 5521 536 5602 teneamus,
560 5517 654 5584 sicut
677 5517 840 5602 superius
864 5531 1088 5600 compreense
1111 5517 1272 5603 abemus,
1296 5522 1333 5586 et
1357 5517 1603 5604 unusquisque
1629 5516 1829 5586 iaciendum
1854 5517 1897 5586 de
1922 5536 1985 5585 sue
2017 5519 2126 5588 sortis

271 5673 391 5739 omnia
414 5670 506 5758 quod
530 5669 721 5757 voluerint,
747 5669 824 5738 sine
848 5688 921 5738 una
944 5689 1028 5758 pars
1051 5671 1103 5738 vel
1127 5669 1202 5740 alia
1225 5671 1483 5739 contrarietate
1508 5671 1561 5738 vel
1595 5671 1838 5758 requisitione.
1881 5674 1975 5741 unde
2011 5675 2048 5741 in
2085 5691 2125 5744 eo

271 5821 397 5892 ordine
421 5841 484 5910 per
507 5839 599 5891 vona
622 5822 873 5892 convenientia
897 5823 1028 5911 guadia
1051 5824 1153 5891 nobis
1177 5825 1251 5910 ipse
1275 5821 1475 5891 romoaldus
1499 5823 1609 5912 dedit,
1635 5831 1672 5894 et
1694 5825 1925 5896 mediatorem
1943 5831 2046 5897 nobis
2062 5847 2122 5916 po·
