5402 7088
957 545 1417 620 IllPLOllATlGUS
2023 551 2069 623 65

258 772 356 843 16616
381 790 403 839 6
428 771 532 838 nobis
551 769 769 857 66166161,61
789 771 854 858 166,
871 771 1040 858 eteberi,
1056 772 1216 858 germani
1235 773 1300 840 filii
1319 771 1497 859 quondam
1514 748 1683 861 roderici,
1700 773 1847 860 eoquod
1872 777 1955 842 6616
1975 791 2115 860 666666-

265 925 319 993 116
342 921 534 1011 grimoaldi
560 923 682 991 comiti
708 929 743 992 61
766 923 876 992 161161
902 921 1062 990 66616611
1088 942 1209 991 sumus
1232 925 1278 991 ad
1295 926 1388 992 bona
1407 923 1663 994 convenientia
1680 943 1760 990 oum
1782 923 1978 992 romoaldus
1993 942 2115 990 conso-

266 1077 370 1143 66166
395 1075 524 1143 166166
548 1079 667 1142 666166
692 1075 765 1144 11116
789 1076 968 1161 quondam
993 1075 1070 1162 risi,
1096 1065 1238 1162 propter
1263 1079 1307 1145 ad
1331 1077 1559 1144 dividendum
1579 1077 1675 1145 inter
1692 1095 1756 1144 nos
1773 1078 1816 1144 ad
1843 1079 2016 1162 perpetua
2036 1095 2114 1162 666-

266 1230 422 1297 sessione
436 1230 613 1296 abendum
630 1228 673 1294 de
692 1229 798 1294 rebus
814 1230 949 1313 nostra,
966 1228 1057 1314 quod
1076 1247 1258 1296 commune
1275 1232 1419 1296 abemus
1435 1235 1471 1296 61
1487 1231 1704 1316 possidemus
1724 1229 1760 1294 in
1780 1229 2110 1341 166661666666616

261 1379 484 1465 pertinentia
509 1381 730 1450 salernitana
757 1401 820 1467 666
844 1351 1078 1449 nominatibis
1096 1381 1195 1448 locis.
1214 1383 1340 1468 primis
1354 1383 1537 1450 divisimus
1555 1401 1617 1450 nos
1633 1384 1796 1470 germani
1815 1385 1920 1450 rebus
1936 1383 2063 1451 baciba
2080 1387 2116 1450 61

265 1537 373 1603 uinea
398 1555 469 1603 666
494 1535 654 1604 16616616
677 1537 720 1604 16
744 1535 871 1624 16666,
895 1537 953 1603 ubi
980 1540 1141 1606 traberse
1165 1537 1308 1606 dicitur:
1335 1557 1410 1606 una
1433 1541 1526 1605 66616
1546 1539 1692 1604 fecimus
1709 1553 1786 1604 esse
1803 1553 1825 1602 a
1841 1540 1944 1622 parte
1961 1536 2111 1604 meridie

264 1708 327 1776 per
351 1709 391 1758 ec
415 1691 505 1760 fines
529 1697 565 1759 61
587 1691 778 1758 mensoria:
802 1690 844 1758 de
868 1693 1006 1777 sobius,
1031 1691 1121 1777 quod
1145 1697 1199 1758 661
1215 1711 1237 1758 6
1253 1707 1338 1777 pars
1355 1669 1564 1776 occidentis,
1583 1691 1654 1758 fine
1671 1690 1826 1758 sortione
1845 1690 2010 1758 madelmi
2030 1707 2112 1780 oon-

265 1849 380 1912 sorles
404 1849 555 1921 nostros
582 1845 664 1914 inde
688 1847 874 1934 longitudo
897 1845 991 1932 passi
1016 1845 1173 1930 ducenli3
1198 1847 1240 1912 16
1265 1845 1389 1924 subtus
1415 1864 1437 1912 a
1462 1863 1544 1930 pars
1561 1863 1631 1929 que
1647 1848 1701 1912 661
1717 1865 1738 1911 6
1754 1862 1838 1929 6666
1857 1844 2018 1928 6661116,
2036 1843 2107 1914 fine

268 2002 393 2066 nostra
419 2000 520 2068 etde
544 1999 660 2086 16666
687 1999 885 2068 romoaldus
908 2004 1087 2068 consortes
1111 2004 1259 2085 nostros3
1285 2001 1327 2066 de
1351 2017 1456 2085 66666
1481 1997 2106 2102 6666666166116166666166666-

267 2168 376 2217 muue
399 2151 471 2220 fine
493 2152 610 2221 media
632 2171 731 2220 serra
754 2153 797 2220 de
822 2155 938 2238 ipsum
962 2155 1094 2239 66616,
1119 2153 1212 2220 6616
1236 2154 1294 2222 616
1317 2173 1379 2239 666
1405 2161 1524 2240 partes
1549 2154 1705 2238 6116666,
1735 2152 1818 2218 1616
1835 2155 1919 2220 6661
1936 2150 2031 2237 66661
2049 2151 2113 2218 16-

268 2305 379 2372 uenti:
405 2323 427 2372 6
452 2323 535 2392 pars
558 2306 821 2374 6611661616616
844 2307 915 2373 line
940 2307 1016 2393 ipsa
1035 2305 1107 2376 alia
1124 2311 1217 2374 sorte
1233 2307 1325 2393 quod
1343 2308 1490 2375 fecimus
1507 2306 1627 2393 ibique
1644 2325 1666 2372 6
1685 2305 1715 2372 16
1732 2307 1907 2390 tranasse,
1928 2305 2108 2372 6161166-

261 2456 435 2525 6166616
460 2459 529 2526 1616
553 2465 646 2528 66616
672 2479 744 2529 666
767 2462 868 2546 66616
892 2461 934 2528 16
958 2465 1159 2529 borracum
1184 2462 1303 2547 vinea,
1328 2461 1389 2546 qui
1414 2465 1468 2528 est
1494 2463 1531 2528 in
1556 2461 1631 2546 1666
1656 2457 1769 2525 16666
1794 2460 1955 2525 traberse
1979 2477 2041 2542 per
2069 2477 2109 2526 eo

224 2604 227 2608 ’
257 2611 343 2685 finis
369 2617 405 2680 61
428 2613 621 2682 mensurio:
647 2614 689 2681 de
712 2617 838 2683 subtus
861 2635 949 2702 erga
972 2615 1042 2682 line
1068 2616 1180 2700 166166
1203 2614 1366 2682 madelmi
1391 2617 1473 2682 abet
1498 2616 1595 2700 passi
1621 2615 1741 2682 decem
1766 2619 1801 2680 61
1824 2615 1962 2679 nobem:
1990 2612 2109 2680 aseb-

265 2764 454 2832 lemtrione
477 2767 549 2835 fine
572 2771 769 2852 nostraque
792 2768 955 2854 germani
979 2772 1015 2836 61
1039 2769 1149 2853 166166
1173 2769 1348 2837 madelmi:
1378 2769 1550 2855 desuper
1574 2769 1644 2838 fine
1670 2769 1785 2837 media
1812 2770 1889 2857 1666
1912 2789 2024 2857 serra,
2043 2768 2104 2837 ubi

262 2920 316 2984 661
334 2915 412 3003 1666
430 2919 500 3004 616,
526 2919 610 2986 1616
634 2919 784 2988 16111616
808 2923 903 3006 66661
927 2921 1085 2988 sidecim:
1105 2906 1686 3009 666611161661666611666616.
1708 2922 1877 2989 1616166
1897 2921 1999 3008 16161,
2025 2942 2112 3009 qua·

266 3069 346 3137 liter
371 3089 478 3158 super
503 3072 648 3160 legitur,
673 3074 820 3142 lecimus
843 3093 920 3142 6666
944 3094 1016 3141 666
1040 3075 1158 3161 priore
1181 3081 1273 3143 sorte
1298 3079 1481 3142 6666166
1506 3077 1549 3144 de
1574 3075 1722 3144 616666
1752 3080 1787 3142 61
1819 3075 1894 3162 1666
1927 3077 2108 3145 mensoria

259 3225 305 3292 ad
333 3223 426 3292 16616
450 3245 592 3311 passum
617 3227 725 3294 omini
753 3235 1008 3314 mensuratum,
1034 3227 1125 3314 quod
1150 3233 1221 3297 ista
1237 3235 1329 3296 sorte
1347 3232 1421 3316 1666
1439 3230 1638 3298 romoaldus
1657 3230 1694 3295 16
1711 3249 1776 3297 666
1794 3236 1888 3297 66616
1905 3239 2112 3316 66666666-

256 3376 322 3464 611,
345 3383 384 3445 61
409 3382 582 3448 remansit
605 3384 706 3448 nobis
731 3382 805 3468 ipsa
830 3382 903 3450 alia
927 3385 1032 3468 sorte,
1058 3383 1149 3468 quod
1174 3375 1418 3450 16616666666
1443 3385 1563 3471 ibique
1587 3405 1608 3452 a
1633 3401 1716 3470 pars
1740 3384 2021 3469 sebtemlrionis‚
2048 3382 2110 3469 qui

256 3536 310 3632 est
335 3551 357 3599 6
382 3551 466 3617 pars
488 3533 752 3600 sebtemtn'onls
775 3553 838 3620 per
861 3553 900 3601 ec
924 3535 1007 3600 riuis
1030 3540 1066 3602 61
1089 3537 1278 3603 mensurio:
1304 3536 1504 3621 desubtus,
1530 3537 1621 3622 quod
1646 3541 1699 3604 661
1730 3557 1752 3604 6
1784 3555 1867 3622 6666
1899 3537 2107 3622 6661166116,

259 3683 335 3751 fine
360 3683 470 3770 ipsius
494 3685 661 3753 madelmi
686 3691 722 3754 61
745 3687 787 3756 16
811 3692 935 3774 661666
960 3693 1086 3773 666616
1109 3706 1184 3774 666,
1211 3689 1292 3756 1616
1317 3689 1518 3775 666166661
1543 3708 1624 3754 666
1652 3689 1727 3774 1666
1744 3690 1850 3756 61666
1869 3689 1918 3754 ibi
1936 3689 2109 3754 66616616
2141 3723 2145 3731 ·

259 3838 355 3922 quod
376 3837 420 3904 in
444 3838 514 3908 1616
539 3844 631 3908 66616
657 3840 896 3928 6116661666,
921 3845 955 3909 61
979 3845 1061 3909 abet
1085 3841 1213 3910 ibidem
1239 3861 1308 3909 uno
1332 3842 1548 3929 pulmentum
1574 3841 1742 3911 frarilum
1767 3847 1907 3909 contum
1932 3844 2052 3911 docem
2069 3848 2112 3911 et

263 3996 405 4062 nobem:
431 4015 453 4064 a
477 4015 560 4081 pars
585 3998 848 4066 sebtembrionis
871 3998 942 4066 fine
967 3999 1044 4083 1666
1067 4001 1223 4065 sortione
1247 3999 1288 4065 de
1312 3999 1390 4084 1666
1416 3999 1522 4065 61666
1545 4003 1580 4063 61
1606 3999 1643 4064 16
1672 3999 1787 4083 666116
1822 4000 1904 4065 abet
1935 4001 2104 4087 bacuum,

262 4148 353 4232 quod
380 4149 454 4232 ipse
480 4149 679 4217 romoaldus
703 4150 866 4236 superius
890 4151 929 4216 16
955 4169 1028 4218 666
1054 4154 1148 4217 sorte
1172 4150 1419 4236 compreensit:
1446 4152 1488 4218 de
1512 4169 1618 4235 super
1642 4170 1664 4217 6
1690 4168 1772 4234 pars
1796 4150 1958 4237 orientis,
1977 4151 2038 4217 ubi
2056 4157 2110 4218 est

257 4303 333 4390 ipsa
358 4321 457 4372 serra
482 4305 618 4391 611666
643 4307 715 4392 616,
743 4307 826 4374 1616
850 4306 1050 4392 6116166661
1076 4305 1138 4372 alii
1163 4308 1305 4372 contum
1330 4305 1448 4371 decem
1473 4309 1509 4371 61
1532 4307 1669 4372 nobem:
1697 4326 1718 4372 6
1742 4323 1824 4390 pars
1855 4307 2002 4374 moridie
2034 4309 2105 4384 line

255 4453 334 4542 ipsa
359 4461 454 4525 sorte
478 4458 570 4544 quod
595 4459 835 4546 compreensit
851 4461 925 4546 1666
942 4458 1157 4536 romualdus
1176 4462 1211 4526 et
1228 4461 1421 4544 coniungel
1438 4458 1477 4524 in
1493 4458 1570 4543 ipsa
1587 4459 1656 4525 fine
1674 4458 1785 4546 166166
1802 4459 1964 4528 madelmi
1983 4464 2018 4527 61
2047 4480 2106 4547 66-

254 4607 314 4674 161.
342 4608 385 4676 16
409 4609 510 4694 16161,
535 4609 694 4694 66611166
718 4627 827 4696 66666
852 4609 984 4698 legitur
1007 4613 1043 4676 et
1068 4611 1144 4712 1666
1166 4610 1347 4677 66666616
1371 4610 1414 4678 61
1440 4611 1533 4678 16616
1549 4630 1692 4697 666666
1710 4613 1819 4679 66161
1840 4619 2101 4702 mensuratum,

254 4761 403 4829 fecimus
427 4781 504 4831 esse
527 4763 602 4833 6116
624 4768 730 4849 66616,
756 4764 848 4848 quod
872 4782 936 4831 nos
961 4765 1134 4832 nominali
1161 4765 1324 4851 germani
1342 4771 1463 4850 666166
1480 4766 1793 4854 66666666611666,
1811 4773 1846 4836 61
1862 4769 2026 4836 dedimus
2044 4771 2104 4840 616

254 4933 317 4999 666
342 4914 413 4981 ista
437 4915 592 4984 sortione
617 4919 741 4984 nostra
764 4937 826 5003 666
850 4917 936 5003 6616
961 4937 1050 5004 erga
1076 4919 1145 4984 tine
1171 4917 1283 5004 166166
1308 4919 1473 4988 madelmi
1500 4925 1536 4988 61
1561 4923 1655 5007 66161
1681 4941 1792 5008 usque
1818 4923 1862 4989 ad
1903 4924 1979 5010 ipsa
2012 4931 2108 4994 66616

259 5068 428 5150 subtana,
453 5068 544 5152 quod
570 5067 645 5154 ipse
671 5068 871 5137 romoaldus
898 5071 935 5136 16
959 5089 1023 5138 666
1047 5077 1141 5138 sorte
1165 5076 1400 5159 compreensil
1425 5077 1468 5142 ad
1498 5079 1576 5160 1666
1607 5075 1830 5162 6661661166,
1871 5084 1908 5144 61
1943 5079 2017 5164 1666
2054 5097 2107 5144 ro·

258 5222 420 5290 moaldus
443 5227 479 5289 61
502 5223 579 5288 6166
603 5224 725 5290 credes
749 5227 844 5291 omni
871 5229 1026 5310 1666666
1053 5226 1129 5311 1666
1156 5225 1213 5292 616
1236 5227 1371 5294 andare
1398 5247 1508 5314 usquc
1527 5229 1571 5296 ad
1590 5230 1666 5315 ipsa
1684 5233 1840 5297 sortione
1858 5251 1935 5317 sua,
1951 5233 2032 5298 inde
2052 5234 2106 5299 in·

258 5376 407 5458 gredere
430 5381 466 5443 61
491 5379 678 5463 regredere
703 5396 782 5445 oum
807 5377 904 5443 omni
928 5396 993 5445 sua
1018 5380 1257 5464 congruitate,
1283 5380 1359 5446 sine
1384 5381 1639 5450 contrarietate
1676 5390 1796 5451 nostra
1825 5389 1860 5451 et
1895 5385 1937 5451 de
1973 5335 2104 5452 nostris

257 5529 421 5596 eredibus
446 5530 527 5598 illut
551 5531 642 5617 qood
666 5533 753 5601 11611
778 5537 869 5599 16166
895 5532 1039 5618 virgulu
1056 5532 1233 5617 superius:
1259 5553 1280 5600 6
1304 5523 1568 5600 6611661616616
1593 5537 1663 5602 fine
1690 5541 1810 5604 nostra
1835 5541 1871 5603 61
1893 5539 2006 5624 Ι166166
2034 5561 2107 5609 ma-

261 5680 383 5768 delmi;
407 5681 527 5750 66661
553 5687 627 5769 1666
651 5685 850 5754 romoaldus
874 5685 1099 5770 11616111666
1126 5689 1229 5754 rebus
1253 5688 1312 5772 qui
1339 5693 1392 5756 661
1419 5690 1582 5756 166161116
1606 5696 1642 5758 61
1669 5709 1781 5776 66666
1805 5695 1956 5761 bacuum
1975 5703 2109 5764 66616-

260 5838 383 5904 niente
409 5839 446 5905 in
473 5837 601 5925 locum,
628 5839 686 5906 ubi
714 5839 848 5906 dicitur
872 5842 1105 5925 galtumcrtu·‚
1130 5845 1165 5906 et
1189 5841 1270 5908 lecit
1296 5841 1378 5908 inde
1401 5837 1471 5908 due
1498 5840 1619 5928 sortis,
1637 5861 1746 5912 6666
1764 5848 2110 5930 6666666116611661

331 6023 400 6081 lon.
422 6038 460 6081 rr.
768 5995 770 5998 Ι
820 6059 822 6063 -
1196 6034 1199 6043 “
1912 6037 1927 6089 9
