5408 7108
986 544 1412 620 DlPLOMATlCUS·

1088 953 1290 1034 MXIII.

1041 1247 1097 1323 A.
1123 1227 1177 1322 D.
1208 1245 1337 1322 1042.

308 1481 407 1620 †ln
431 1534 573 1600 nomino
597 1533 730 1600 domini
756 1534 1046 1620 vicesimoquinto
1069 1552 1163 1601 anno
1179 1535 1401 1620 principatus
1415 1533 1549 1602 salerni
1573 1533 1692 1602 domni
1717 1513 1830 1601 nostri
1854 1534 2052 1621 guaimari,
2076 1541 2112 1602 et

261 1687 390 1774 quinto
413 1701 509 1754 anno
533 1687 610 1752 eius
633 1701 744 1771 capue
767 1689 803 1755 et
826 1685 977 1754 ducatus
1000 1686 1098 1754 illius
1120 1685 1242 1756 amalfi
1263 1681 1291 1769 ¹)
1305 1690 1341 1754 ct
1356 1691 1484 1774 quarto
1506 1704 1601 1757 anno
1617 1647 1882 1755 ducatusillius
1900 1688 2117 1774 sirrentum,

261 1841 298 1906 ct
321 1838 435 1924 primo
458 1853 555 1906 anno
579 1838 804 1924 principatus
827 1837 946 1905 domni
961 1831 1083 1906 'nostri
1108 1839 1229 1925 gisulfi
1257 1841 1333 1907 cius
1364 1839 1430 1906 tilii
1452 1838 1598 1926 gloriosi
1623 1843 1658 1906 et
1687 1839 2012 1925 suprascriptorum
2036 1838 2113 1908 exi·

260 1993 344 2062 miis
367 1992 482 2077 ducis,
507 2009 626 2060 mense
650 1992 845 2079 december,
869 1993 1057 2062 undecima
1080 1993 1288 2060 indictione.
1315 1991 1602 2060 memoratorium
1628 1992 1762 2060 factum
1780 2012 1802 2060 a
1819 2011 1874 2059 me
1897 1996 2020 2077 petrus
2043 1993 2118 2060 cle·

262 2143 358 2212 ricus
380 2143 456 2212 filio
478 2145 656 2230 quondam
680 2145 755 2212 ursi
779 2145 967 2231 presbiteri
991 2151 1027 2212 et
1049 2145 1182 2233 abbati,
1211 2162 1251 2212 eo
1280 2144 1372 2230 quod
1396 2147 1479 2213 ante
1502 2142 1695 2228 subscripti
1720 2143 1864 2212 idoneos
1888 2143 2024 2214 omines
2049 2161 2113 2228 per

259 2294 525 2364 combenientia
548 2295 758 2364 coniunctus
781 2314 860 2364 sum
883 2315 964 2364 cum
987 2295 1189 2364 maraldum
1218 2299 1254 2362 et
1284 2293 1477 2364 leotardum
1510 2294 1694 2382 germanis
1716 2293 1800 2360 filiis
1819 2294 2000 2380 ‹quondam
2024 2298 2118 2363 mari

259 2448 302 2518 de
326 2449 439 2517 locum
463 2449 611 2518 nuceria
633 2457 775 2537 propter
798 2450 843 2518 ad
858 2449 1086 2518 dividendum
1109 2449 1279 2518 cumillis
1302 2451 1408 2517 rebus
1423 2449 1466 2516 de
1482 2446 1597 2514 locum
1620 2451 1821 2534 corbarum,
1839 2450 1901 2535 qui
1919 2457 1973 2516 est
1991 2453 2117 2518 monte

259 2607 296 2672 et
317 2601 442 2692 plano,
458 2607 495 2672 et
512 2605 617 2673 rebus
641 2623 709 2690 que
732 2603 862 2673 dicitur
893 2605 940 2672 da
963 2605 999 2672 la
1028 2603 1184 2673 vetirina
1208 2623 1276 2689 que
1298 2604 1490 2671 coniuncta
1512 2607 1566 2670 est
1589 2621 1670 2670 cum
1694 2603 1768 2670 alia
1791 2605 1895 2670 rebus
1918 2603 1963 2671 da
1986 2607 2110 2673 corba-

259 2775 354 2844 rum,
378 2757 471 2842 quod
494 2757 563 2844 ipsi
589 2755 791 2826 maraldum
814 2767 851 2825 et
875 2756 1029 2826 lictardu
1052 2758 1218 2844 germani
1243 2763 1329 2826 ante
1345 2776 1382 2825 os
1399 2762 1563 2843 paratum
1587 2758 1670 2827 abet
1692 2757 1739 2824 da
1764 2756 1937 2825 iohannes
1962 2755 2117 2825 clericus

263 2925 457 2996 germanus
480 2927 591 2977 meus.
618 2909 711 2977 uude
736 2907 802 2994 ipsi
826 2907 1001 2976 nominati
1026 2907 1225 2977 maraldum
1250 2913 1286 2976 et
1302 2909 1443 2978 lictardi
1469 2907 1634 2996 germani
1659 2912 1744 2976 ante
1767 2923 1806 2974 os
1825 2925 1938 2975 annos
1962 2907 2059 2976 dedit
2074 2913 2110 2976 et

264 3061 417 3132 tradidit
440 3062 548 3131 michi
577 3111 770 3131 ......
797 3062 926 3131 clerico
951 3061 989 3130 in
1012 3062 1151 3131 vicaria
1179 3063 1306 3131 inclita
1334 3061 1522 3130 medietate
1551 3021 1629 3148 ipsa
1659 3063 1764 3128 rebus
1793 3059 1839 3127 da
1862 3063 2050 3128 corbarum
2075 3066 2113 3129 et

262 3215 345 3284 illut
367 3216 413 3285 da
437 3217 598 3285 veterina
621 3216 824 3300 medietate,
842 3221 977 3283 ettota
993 3220 1028 3283 et
1045 3215 1175 3282 inclita
1199 3234 1271 3284 una
1294 3215 1395 3301 pecta
1411 3215 1568 3320 deterre
1591 3233 1673 3282 cum
1695 3214 1809 3282 ortale
1833 3216 1871 3279 in
1896 3215 1971 3299 ipso
1995 3212 2110 3280 locum
2182 3309 2188 3316 .

257 3371 418 3459 nuceria,
441 3371 534 3439 sicut
558 3373 636 3457 ipsa
659 3388 740 3438 mea
763 3368 906 3438 cartula
932 3415 1127 3436 ......
1152 3374 1207 3437 est
1230 3369 1448 3454 continente,
1466 3373 1501 3437 et
1523 3369 1590 3455 ipsi
1614 3355 1849 3455 suprascripti
1867 3366 2051 3435 maraldus
2076 3371 2118 3435 et

258 3523 432 3592 lictardus
455 3523 619 3611 germani
643 3542 705 3610 per
728 3522 803 3594 alia
824 3522 966 3592 cartula
993 3541 1057 3609 pro
1079 3522 1210 3591 exinde
1234 3527 1445 3608 receperunt
1467 3527 1538 3592 ate
1561 3521 1785 3607 supradictus
1808 3525 1931 3606 petrus
1955 3520 2115 3587 clericus

257 3677 375 3747 tribus
398 3679 498 3764 pecie
518 3679 561 3747 de
587 3678 704 3757 terrim
729 3695 804 3745 una
827 3677 929 3763 pecta
952 3677 995 3744 de
1019 3680 1115 3746 terra
1138 3695 1252 3744 vacua
1269 3677 1312 3772 da
1333 3679 1426 3744 stavi
1452 3677 1509 3744 ubi
1534 3677 1666 3744 dicitur
1688 3697 1709 3744 a
1735 3676 1767 3742 lc
1790 3675 1956 3763 grottole,
1980 3680 2016 3742 et
2033 3675 2107 3745 alia

256 3829 364 3915 pecia
388 3828 581 3897 medietate
604 3831 643 3895 iu
666 3828 781 3896 locum
806 3845 919 3913 angre
943 3829 1004 3896 ubi
1028 3829 1160 3897 dicitur
1184 3831 1228 3898 ad
1246 3833 1408 3915 vaniara,
1434 3837 1470 3899 et
1486 3830 1763 3900 medietatealia
1780 3833 1818 3898 iu
1837 3831 1951 3898 locum
1975 3830 2035 3896 ubi
2059 3829 2113 3896 di-

257 3982 353 4048 citur
389 3981 433 4054 ad
458 3977 639 4067 pinillurn,
664 3983 700 4048 et
723 3999 797 4046 una
821 3979 956 4065 peciola
980 3979 1017 4046 in
1044 3967 1129 4067 ipso'
1144 3981 1257 4050 locum
1289 3983 1463 4068 vaniara,
1488 3985 1582 4050 sicut
1606 3984 1681 4068 ipse
1703 3982 1839 4051 cartule
1864 3982 2112 4051 vicariationis

259 4149 323 4218 per
347 4138 469 4218 partes
493 4134 665 4202 continet.
692 4133 791 4200 modo
815 4152 910 4221 vero,
935 4135 1028 4201 sicut
1050 4134 1221 4220 diximus,
1246 4135 1406 4202 coniunti
1432 4153 1554 4202 sumus
1577 4134 1622 4202 ad
1648 4152 1740 4202 vona
1763 4135 2049 4220 comvenientia,
2073 4137 2111 4202 et

256 4286 449 4353 dividimus
473 4287 547 4372 ipse
572 4289 679 4356 rebus
703 4287 745 4355 de
770 4287 885 4356 locum
914 4289 1101 4355 corbarum
1131 4289 1167 4355 et
1199 4287 1279 4354 illut
1307 4287 1354 4354 da
1385 4285 1419 4354 la
1452 4287 1631 4372 vetirina,
1656 4292 1691 4354 et
1714 4287 1860 4355 fecimus
1884 4287 2016 4355 exinde
2039 4287 2113 4354 due

256 4436 388 4523 sortis3
414 4457 486 4506 una
509 4439 666 4506 sortione
698 4439 784 4534 iecit
808 4456 884 4505 esse
905 4428 958 4507 ¹de
985 4441 1062 4525 ipsa
1093 4442 1271 4524 vetirina,
1296 4444 1333 4506 et
1356 4438 1429 4508 alia
1451 4445 1545 4506 sorte
1568 4441 1657 4507 fecit
1679 4458 1755 4507 esse
1778 4439 1821 4506 de
1846 4441 1920 4525 ipso
1944 4441 2040 4526 plaiu
2063 4439 2107 4507 de

188 4643 191 4648 .
256 4591 331 4676 ipso
354 4595 487 4676 monte,
511 4597 548 4659 et
572 4591 782 4659 coniuntum
807 4611 888 4659 cum
913 4592 983 4658 fine
1007 4591 1050 4658 de
1072 4591 1175 4678 guiso
1198 4593 1309 4659 abbas
1326 4590 1419 4659 etde
1444 4593 1663 4658 consortibus
1687 4591 1842 4674 nostris,
1868 4595 2013 4680 quaest
2031 4589 2111 4674 ipsa,

256 4745 364 4810 rebus
388 4743 431 4810 de
454 4742 530 4828 ipso
555 4741 725 4812 iamdicto
750 4743 850 4830 plaiu
873 4761 936 4828 per
960 4761 999 4809 ec
1024 4746 1237 4810 mensurias:
1254 4743 1297 4810 de
1321 4743 1407 4828 pede
1431 4744 1526 4828 passi
1551 4743 1712 4810 undecim
1740 4741 1918 4827 equaliter
1943 4739 2107 4826 pervadit

254 4893 354 4962 socia
378 4893 413 4958 in
438 4894 514 4979 ipso
538 4897 657 4961 monte
680 4899 715 4961 et
739 4893 817 4980 ipsa
842 4893 915 4962 alia
939 4895 1035 4962 socia
1059 4895 1101 4960 de
1127 4895 1201 4980 ipsc
1225 4894 1358 4980 plaium
1383 4894 1425 4961 de
1451 4897 1525 4980 ipso
1549 4897 1666 4960 monte
1684 4896 1765 4960 abet
1790 4909 1910 4977 passos
1927 4891 2112 4979 tridecim,

253 5048 295 5112 et
322 5044 404 5112 illut
420 5046 481 5132 qui
506 5049 560 5112 est
576 5046 652 5131 ipso
670 5046 869 5114 insirtitum
886 5047 945 5130 qui
964 5045 1098 5113 dicitur
1115 5053 1232 5114 vetere
1252 5099 1261 5134 ,
1285 5050 1368 5117 abet
1384 5065 1503 5132 passos
1520 5049 1557 5114 in
1574 5045 1689 5131 capite
1713 5062 1833 5131 passos
1857 5045 1986 5130 viginti
2010 5045 2103 5111 etin

179 5181 182 5188 ⁵
260 5197 347 5283 pede
372 5216 493 5284 passos
510 5197 642 5285 viginti
660 5200 763 5266 nobe.
790 5198 884 5265 unde
908 5199 975 5285 ipsi
999 5197 1171 5268 nominati
1196 5199 1359 5284 germani
1383 5199 1608 5268 tradiderunt
1632 5196 1719 5263 mihi
1744 5195 1900 5264 sortione
1925 5214 2002 5264 mea
2026 5195 2105 5281 ipsa

293 5823 318 5902 ¹)
340 5830 455 5903 quarto
478 5844 563 5888 anuo
587 5825 725 5888 ducatus
749 5825 944 5911 amalphiae.
