5456 7096
1038 544 1447 622 DIPLOllldTIOUS
2033 547 2132 623 lli

279 807 290 834 ·
323 775 504 862 sierimus,
528 777 564 842 et
586 771 831 860 quodcumque
858 741 1082 840 causationes
1106 770 1203 839 vobis
1226 771 1309 840 inde
1332 775 1630 862 proposuerimus,
1647 776 1731 842 ante
1749 773 1870 842 omnia
1886 773 2024 860 questio
2040 779 2075 843 et
2090 793 2176 845 cau-

319 927 415 999 satio
438 930 562 996 nostra
584 925 696 996 tacita
720 933 756 994 et
778 927 894 994 bacua
916 924 978 1012 sit,
1003 944 1065 1012 per
1089 925 1386 996 combenientiam
1410 926 1554 1014 cpbligo
1578 945 1633 994 me
1656 929 1693 994 et
1717 925 1804 994 meis
1837 926 2001 995 eredibus
2037 945 2175 1014 compo-

319 1096 405 1146 nere
430 1079 498 1146 tibi
522 1078 646 1164 tuique
669 1077 847 1164 credibus,
871 1075 928 1146 vel
952 1078 1010 1144 cui
1033 1077 1175 1146 cartula
1198 1079 1267 1146 ista
1291 1077 1329 1144 in
1353 1093 1498 1145 manum
1531 1080 1718 1166 paruerit,
1755 1079 1909 1166 triginta
1942 1079 2024 1148 auri
2050 1079 2176 1149 solidos

320 1205 554 1317 costantin0s3
581 1235 617 1298 et
640 1229 761 1300 omnia
783 1231 1028 1317 suprascripta
1051 1248 1113 1316 per
1137 1229 1263 1297 inbitis
1288 1229 1383 1296 vobis
1407 1229 1663 1316 adimpleamus
1685 1249 1748 1317 per
1764 1233 1970 1318 supradicta
1985 1233 2120 1322 guadia
2137 1236 2174 1301 et

322 1381 507 1469 opbligata
530 1401 635 1470 pena.
661 1383 753 1470 Ideo,
777 1385 814 1451 et
837 1381 942 1470 quale
965 1387 1122 1468 tempore
1145 1399 1206 1450 vos
1230 1381 1317 1469 ipsis
1339 1381 1522 1450 volueritis
1546 1382 1628 1450 inde
1645 1387 1746 1452 exset
1768 1388 1910 1452 autores
1934 1389 1998 1454 aut
2014 1385 2172 1454 defenso·

323 1553 394 1620 res,
419 1538 630 1621 potestatem
654 1534 791 1604 abeatis
814 1552 874 1601 vos
896 1537 933 1603 et
957 1536 1086 1603 bestris
1108 1531 1285 1620 eredibut,
1309 1554 1389 1602 cum
1414 1533 1484 1602 ista
1507 1533 1647 1603 cartula
1670 1536 1809 1602 etcum
1833 1535 1939 1622 quale
1963 1535 2037 1604 alia
2060 1536 2172 1603 moni-

318 1705 400 1755 men
424 1690 461 1756 et
484 1689 686 1777 rationem,
722 1708 791 1777 que
814 1688 896 1756 inde
920 1690 1028 1757 abere
1049 1675 1249 1775 potueritis
1274 1691 1311 1755 in
1336 1687 1501 1754 omuibus
1525 1686 1607 1754 inde
1630 1705 1778 1756 causare
1801 1689 1837 1755 et
1860 1686 2097 1772 contendere,
2134 1689 2171 1753 et

298 1843 387 1910 “fine
411 1843 541 1928 lacere,
565 1845 657 1910 sicut
679 1843 803 1929 bultis,
828 1845 865 1910 et
887 1859 949 1928 per
973 1843 1034 1908 bos
1058 1841 1143 1928 ipsis
1167 1841 1247 1908 illut
1271 1841 1467 1926 defensare3
1493 1857 1590 1925 nam,
1614 1839 1756 1924 quando
1779 1857 1843 1907 nos
1871 1840 1925 1907 vel
1943 1841 2074 1908 nostris
2089 1856 2165 1907 ere·

317 1994 421 2062 dibus
444 1995 531 2062 inde
553 1996 760 2082 quesieritis
783 1997 891 2064 abere
908 1995 1027 2062 autori
1052 1993 1108 2061 vel
1131 1994 1325 2080 defensore,
1350 1981 1412 2062 nos
1438 1997 1557 2062 autem
1582 1995 1633 2062 vel
1659 1994 1793 2061 nostris
1816 1994 1981 2063 eredibus
2010 1994 2092 2062 illut
2116 2015 2173 2063 vo·

322 2151 378 2217 bis
401 2149 597 2233 vestrisque
621 2147 787 2214 eredibus
809 2148 1021 2216 antistamus
1046 2149 1082 2213 et
1105 2145 1337 2233 defensemur,
1361 2150 1396 2212 et
1419 2145 1539 2212 omnia
1563 2145 1661 2212 vobis
1684 2145 1970 2231 adimpleamuS,
1999 2145 2092 2212 sicut
2117 2162 2174 2212 su·
2266 2171 2268 2175 ·

322 2299 445 2386 perius
469 2298 615 2386 legitur.
642 2289 687 2365 ‘Et
712 2296 835 2366 taliter
859 2296 1015 2364 scribere
1038 2294 1243 2383 rogabimus
1265 2300 1300 2364 te
1326 2295 1499 2364 iohannes
1523 2297 1673 2366 clericus
1688 2300 1724 2365 et
1739 2299 1913 2384 notariuS,
1932 2301 2050 2366 actum
2075 2313 2172 2363 mon-

316 2463 444 2523 torum.

360 2579 390 2695 †
418 2609 493 2696 Ego
516 2609 579 2694 qui
603 2625 711 2694 supra
734 2605 841 2675 lando
864 2621 981 2673 comes

364 2734 395 2850 †
421 2763 496 2848 Ego
521 2765 656 2830 amatu.

1137 3254 1145 3274 ⁵
1166 3245 1332 3327 CML·

1087 3508 1144 3582 A.
1172 3508 1227 3583 D.
1257 3502 1386 3585 1039.

360 3747 395 3885 †
421 3795 628 3864 innomine
652 3796 786 3864 domini
811 3795 924 3865 nostri
948 3797 1057 3865 Hiesu
1080 3797 1211 3866 Christi
1235 3800 1340 3867 Sexto
1362 3816 1456 3868 anno
1481 3796 1623 3885 imperii
1658 3799 1776 3866 domni
1813 3798 2011 3887 michayli,
2047 3802 2166 3870 Mense

312 3950 491 4035 octubri0,
516 3949 671 4036 Septima
695 3951 724 4033 Ι)
746 3948 952 4019 indictione.
976 3950 1052 4038 Ego
1068 3949 1242 4040 niholaus,
1258 3952 1400 4019 fauente
1413 3950 1541 4018 christi
1557 3951 1747 4021 clementia
1763 3953 2067 4040 archiepiscopus
2083 3956 2165 4022 Ter·

312 4102 366 4170 tio
390 4119 486 4170 auno
508 4100 708 4188 presulatus
733 4103 802 4170 mei
819 4085 964 4172 sanctae
987 4102 1079 4170 sedis
1094 4105 1287 4172 canusinae
1304 4101 1511 4191 aecclesiae,
1527 4091 1736 4193 Olareiacio,
1752 4105 1928 4192 quoniam
1939 4107 2053 4176 habeo
2069 4106 2166 4177 labo-

309 4259 430 4325 ratam
454 4274 564 4326 unam
587 4255 777 4325 ecclesiam
799 4255 959 4325 vicinius
982 4258 1052 4325 hac
1074 4255 1220 4324 civitate
1244 4253 1322 4325 bari
1347 4256 1386 4323 in
1400 4258 1474 4324 loco
1486 4262 1599 4344 turre,
1617 4259 1681 4345 qui
1693 4251 1840 4328 vocatur
1858 4249 2069 4328 demusarra
2086 4279 2165 4347 pro-

309 4410 444 4497 pinquo
468 4411 544 4496 ipso
567 4409 656 4497 laco,
680 4429 773 4498 quae
795 4414 848 4478 est
869 4409 1081 4478 vocabulum
1107 4410 1277 4480 ecclesiae
1299 4413 1416 4480 sancti
1446 4411 1595 4498 nikolay
1612 4413 1836 4482 confessoris.
1855 4415 1967 4490 Quam
1984 4415 2160 4484 fabricavi

309 4561 568 4668 eam,·quando
591 4563 708 4630 adhuc
734 4564 773 4630 in
798 4561 892 4632 laica
914 4581 1064 4650 persona
1086 4581 1208 4650 eram,
1233 4569 1268 4632 et
1291 4565 1392 4632 modo
1416 4585 1496 4636 eam
1517 4567 1740 4654 adliberavi,
1765 4575 1805 4637 ut
1839 4570 1877 4636 in
1901 4571 2161 4655 sempiternum

309 4713 462 4783 liberam
485 4733 561 4784 esse
585 4715 663 4783 sine
679 4715 933 4787 contrarietate
955 4735 1047 4804 mea,
1071 4722 1107 4786 et
1129 4715 1172 4786 de
1189 4718 1352 4787 omnibus
1375 4721 1464 4788 meis
1486 4722 1759 4810 posterioribus
1784 4742 1851 4792 nec
1874 4741 1946 4790 non
1962 4726 1999 4790 et
2017 4725 2060 4792 de
2077 4735 2162 4809 pars

311 4867 446 4935 nostris
469 4870 678 4955 parentibus
701 4873 737 4938 et
759 4869 802 4937 de
824 4869 921 4936 omni
943 4871 1103 4940 humana
1125 4890 1291 4959 persona,
1314 4873 1401 4962 quia
1424 4877 1462 4942 in
1485 4876 1552 4946 tali
1588 4878 1740 4965 denique
1774 4881 1899 4948 ordine
1934 4883 2022 4948 tunc
2058 4881 2160 4950 illam
2255 4957 2265 4970 ¹

308 5021 520 5107 prephatam
543 5021 730 5090 ecclesiam
758 5021 939 5110 libertati,
964 5026 1005 5092 ut
1027 5041 1162 5109 semper
1185 5031 1277 5094 esset
1299 5027 1339 5095 in
1361 5031 1537 5114 potestate
1560 5033 1664 5118 petro
1688 5033 1862 5102 monacho
1878 5033 2080 5102 venerabili
2096 5036 2158 5104 ab·

309 5173 398 5259 bati,
422 5189 527 5258 quem
551 5174 695 5243 costitui
719 5193 785 5262 ego
808 5174 937 5262 ipsum,
963 5179 1004 5244 ut
1026 5183 1181 5262 preesset
1201 5179 1265 5267 ibi,
1289 5184 1326 5249 et
1349 5183 1409 5251 ille
1431 5187 1468 5251 et
1489 5201 1606 5253 omnes
1629 5187 1693 5272 qui
1710 5185 1850 5260 ,ibidem
1885 5186 2045 5274 sterent,
2083 5205 2162 5258 ora-

307 5323 426 5392 tiones
450 5343 513 5412 pro
536 5327 638 5394 nobis
661 5326 818 5397 fundant
841 5327 886 5396 ad
909 5327 1091 5398 domiuum
1115 5350 1178 5418 pro
1201 5335 1334 5404 nostris
1367 5334 1517 5404 delictis.
1543 5337 1589 5404 Et
1622 5357 1686 5426 pro
1721 5337 1803 5409 inde
1827 5340 1937 5409 michi
1960 5357 2157 5428 congruum

302 5829 307 5835 '
345 5831 369 5910 Ι)
390 5830 493 5909 Lege:
518 5837 642 5922 octava.
