5408 7108
1264 487 1439 562 CODEX
1471 487 1769 572 CAVENSIS.

1323 1035 1330 1050 ι
1359 926 1622 1007 mxxix.

1343 1227 1401 1300 Α.
1430 1225 1484 1298 n.
1515 1223 1644 1298 1043.
1704 1285 1708 1294 .
1811 1317 1815 1324 ,

609 1463 645 1600 †
670 1517 708 1582 ln
734 1518 878 1583 nomine
902 1515 1039 1583 domini
1064 1515 1178 1597 nostri
1204 1516 1282 1584 iesu
1307 1513 1451 1600 christi,
1474 1517 1592 1583 'lertio
1616 1511 1639 1598 ¹)
1663 1530 1760 1582 anno
1785 1510 1926 1598 imperii
1951 1508 2070 1578 domni
2095 1507 2315 1578 constantini
2340 1525 2422 1578 san·

561 1669 720 1738 ctissimo
746 1671 960 1756 imperatore
985 1674 1119 1756 nostro,
1144 1671 1263 1737 Mense
1286 1655 1469 1755 decenvri,
1494 1633 1706 1735 duodecima*
1727 1664 1935 1734 indictione.
1960 1663 2036 1750 Ego
2061 1661 2227 1732 lasdolsus
2242 1665 2421 1749 presbiter

562 1820 638 1890 tilio
661 1821 836 1908 quoddam
863 1869 871 1888 .
905 1872 912 1888 .
941 1869 949 1886 .
979 1871 987 1888 .
1012 1821 1119 1904 (deest
1142 1822 1281 1904 norma)
1304 1819 1347 1888 de
1371 1818 1636 1910 civitateserra
1650 1816 1860 1896 Olarefaoio‚
1878 1819 2049 1904 quoniam
2067 1815 2305 1902 pertinentem
2329 1831 2420 1882 aveo

563 1977 710 2045 tertiam
735 1979 873 2062 partem
900 1975 939 2042 in
962 1975 1112 2044 ecclesia
1136 1973 1230 2044 beati
1255 1969 1431 2042 laurentii
1457 1971 1565 2042 levita
1580 1975 1615 2039 et
1631 1971 1810 2039 martirex
1825 1975 1861 2040 et
1878 1969 1969 2038 lucie
1984 1969 2139 2056 virginis
2154 1970 2222 2036 hac
2238 1943 2418 2052 martires,
2522 1997 2530 2005 ·

484 2193 490 2206 ,
564 2145 634 2214 que
660 2130 867 2196 constructa
890 2131 927 2196 et
950 2126 1114 2195 dedicata
1138 2143 1213 2193 esse
1238 2125 1380 2193 videtur
1403 2124 1442 2191 in
1465 2125 1598 2192 finibus
1614 2124 1656 2192 de
1674 2127 1818 2194 cibitate
1835 2101 1950 2209 serra,
1968 2122 2015 2188 in·
2029 2121 2241 2206 loomnipsa
2257 2125 2419 2189 cesterna

558 2278 706 2348 dieitur.
732 2282 778 2348 Et
800 2297 997 2366 congruum
1022 2279 1110 2345 abeo
1134 2279 1248 2364 ipsam
1275 2276 1484 2345 iamdictam
1509 2278 1615 2344 tertia
1641 2282 1777 2362 partem
1801 2276 1844 2343 de
1870 2275 1947 2362 ipsa
1965 2274 2125 2360 predicta
2141 2271 2304 2360 ecclesia,
2321 2271 2416 2364 etde

558 2431 682 2502 omnia
705 2431 784 2500 eius
807 2432 1040 2518 pertinentia,
1064 2435 1238 2516 qnantum
1264 2429 1352 2496 mihi
1380 2431 1417 2496 in
1443 2430 1523 2513 ipss
1545 2429 1655 2496 tertia
1678 2437 1780 2514 parte
1803 2429 1845 2494 de
1869 2427 1948 2514 ipsa
1977 2427 2128 2496 ecclesia
2160 2425 2328 2514 pertinet,
2354 2441 2419 2512 pro

558 2583 778 2652 redemtione
802 2585 839 2650 et
862 2581 1061 2650 salvatione
1085 2582 1206 2650 anime
1230 2599 1308 2650 mee
1330 2580 1465 2650 donare
1489 2579 1605 2666 adque
1627 2581 1767 2648 offerire
1796 2582 1832 2648 et
1865 2581 1954 2648 meis
1989 2580 2278 2676 congruitatibus
2317 2579 2420 2664 perti-

557 2733 718 2802 ciendas.
745 2734 1003 2819 Quampropter
1026 2735 1101 2820 Ego
1124 2731 1185 2818 qui
1210 2730 1438 2818 supradictus
1455 2731 1623 2799 lasdolfus
1648 2733 1833 2818 presbiter,
1858 2731 1956 2799 Siout
1981 2732 2069 2800 mihi
2095 2749 2295 2818 congruum
2320 2735 2417 2798 esset

505 2879 509 2887 '
557 2885 713 2974 videtur,
738 2887 832 2955 bona
856 2884 988 2954 etenim
1012 2904 1092 2954 mea
1116 2886 1359 2972 volumtatem,
1386 2903 1494 2971 quam
1510 2887 1546 2952 et
1562 2901 1626 2970 pro
1642 2859 1745 2952 firma
1762 2883 1993 2954 sterilitatem
2022 2884 2212 2951 interesset
2229 2881 2286 2976 leo¹
2302 2879 2429 2952 iudice

558 3043 594 3110 et
618 3039 709 3108 alios
733 3041 798 3125 qui·
817 3042 851 3107 io
875 3039 1067 3126 conscripti
1092 3042 1177 3106 sunt
1200 3043 1321 3124 testes,
1345 3039 1526 3125 perhanc
1550 3054 1689 3124 quoque
1713 3036 1880 3104 videlicet
1907 3036 2085 3105 cartulam
2111 3037 2331 3104 unanimiter
2356 3056 2419 3124 pa-

563 3195 723 3279 riterque
745 3210 825 3260 cum
851 3190 933 3277 lupo
955 3191 1160 3261 adbocatori
1183 3207 1262 3260 meo
1281 3190 1499 3260 tradidimus
1522 3193 1559 3258 et
1583 3189 1793 3258 donavimus
1816 3189 1931 3275 adque
1955 3189 2162 3258 offeruimus
2191 3185 2261 3256 tibi
2295 3187 2416 3258 domni

557 3347 708 3415 iohanni
732 3343 948 3414 venerabilis
972 3343 1140 3413 Sacerdos
1161 3347 1198 3412 et
1221 3345 1417 3412 monachus
1440 3346 1564 3412 Totam
1588 3333 1624 3412 e't
1647 3303 1828 3431 integram
1852 3344 1930 3430 ipsa
1952 3346 2061 3414 tertia
2086 3362 2172 3430 pars
2196 3342 2240 3412 de
2258 3345 2337 3430 ipsa
2360 3361 2418 3420 su·

556 3497 726 3587 predicta
748 3497 899 3566 ecclesia
922 3501 957 3566 et
980 3496 1023 3565 de
1045 3497 1169 3566 omnia
1192 3496 1271 3565 eius
1293 3475 1527 3584 pertinentia,
1544 3498 1637 3564 sicut
1654 3499 1819 3583 superius
1835 3496 2116 3590 declaravimus,
2138 3497 2184 3564 Et
2199 3495 2243 3565 de
2258 3461 2417 3583 predicta

555 3670 635 3721 mea
657 3651 849 3720 donatione
872 3648 988 3736 adque
1011 3648 1208 3735 offertione,
1233 3650 1304 3738 Nec
1327 3647 1432 3733 mihi,
1456 3665 1571 3735 neque
1595 3649 1640 3718 ad
1663 3651 1754 3718 meis
1778 3650 1985 3736 erhedibus,
2011 3666 2128 3735 neque
2160 3648 2205 3717 ad
2223 3667 2292 3736 que
2307 3666 2417 3736 supra

557 3806 682 3875 uxoris
697 3823 787 3893 mee,
805 3807 860 3873 set
877 3821 943 3872 nec
958 3803 1210 3890 cuiuscumque
1226 3803 1352 3872 alteris
1368 3799 1497 3900 ominis
1514 3801 1626 3868 nichil
1642 3802 1791 3871 exsinde
1808 3801 2005 3871 reserbavit
2017 3803 2178 3888 portione
2191 3801 2416 3888 requirendi;

551 3960 617 4038 ¹Set
640 3976 721 4025 cum
746 3955 897 4026 interius
919 3958 956 4022 et
980 3935 1156 4041 superius,
1179 3953 1293 4039 adque
1317 3972 1398 4021 oum
1424 3951 1483 4021 via
1500 3957 1536 4021 et
1552 3951 1674 4022 andito
1689 3971 1767 4040 suo,
1784 3971 1864 4020 cum
1881 3953 2010 4022 trasita
2027 3957 2064 4020 et
2080 3951 2182 4022 exita
2204 3971 2283 4040 sua,
2300 3953 2417 4040 adque

557 4128 640 4177 oum
674 4108 794 4178 omnia
828 4097 1007 4194 quantum
1041 4106 1119 4193 ipsa
1153 4107 1262 4175 tertia
1284 4109 1386 4190 parte
1409 4104 1452 4171 de
1475 4106 1552 4190 ipsa
1575 4103 1725 4172 ecclesia
1748 4107 1918 4190 pertinet,
1944 4105 2039 4172 sicut
2063 4106 2141 4191 ipsa
2166 4109 2269 4174 carta
2291 4107 2417 4173 nostra

554 4259 703 4329 exsinde
727 4258 901 4346 continet,
924 4259 990 4327 tibi
1015 4257 1287 4346 prenominatus
1311 4257 1484 4327 iohannes
1502 4257 1719 4327 venerabilis
1741 4259 1904 4327 sacerdos
1920 4265 1960 4345 et
1973 4263 2180 4346 monachus,
2206 4227 2412 4329 Trasactivo

555 4413 711 4502 nomine,
735 4413 945 4483 donavimus
970 4411 1084 4516 adque
1107 4411 1250 4479 offeruit
1273 4413 1339 4479 tibi
1358 4411 1404 4480 ad
1420 4413 1599 4481 avendum
1622 4419 1659 4481 et
1680 4414 1941 4499 possidendum.
1960 4413 2060 4482 Unde
2078 4433 2140 4500 pro
2157 4413 2405 4483 confirmanda

554 4531 648 4636 hanc
672 4583 753 4633 mea
775 4564 966 4632 donatione
990 4563 1106 4650 adque
1136 4561 1320 4634 offertione
1354 4567 1488 4652 recepit
1511 4584 1533 4633 a
1556 4569 1592 4634 te
1616 4565 1775 4653 predicto
1807 4525 1969 4634 iohanne
1998 4565 2219 4635 venerabilis
2248 4565 2415 4635 sacerdos

552 4721 589 4787 et
612 4721 808 4788 monachus
832 4715 928 4787 iusta
951 4716 1064 4804 legem
1089 4715 1268 4805 launegilt
1291 4691 1425 4787 camiso
1448 4735 1519 4786 uno
1542 4721 1579 4786 et
1601 4718 1765 4787 oratione
1791 4720 1831 4786 in
1855 4718 1952 4785 omni
1976 4718 2167 4789 decisione.
2187 4719 2240 4787 Ea
2256 4721 2412 4804 ratione,

552 4874 594 4940 ut
617 4871 743 4942 amodo
765 4879 802 4940 et
824 4890 961 4959 semper
985 4875 1035 4940 Tu
1060 4872 1239 4958 predictus
1263 4872 1435 4942 iohannes
1460 4873 1676 4940 venerabilis
1699 4873 1875 4958 sacerdos,
1903 4876 1938 4941 et
1962 4874 2022 4940 cui
2039 4893 2061 4942 a
2078 4877 2113 4941 te
2128 4871 2214 4941 data
2236 4879 2328 4943 esset
2351 4833 2424 4961 pas

553 5023 695 5094 ruerint
717 5030 753 5094 et
775 5025 821 5096 ad
844 4997 987 5093 illorum
1009 5025 1213 5112 erhedibus,
1229 5026 1361 5096 Eadem
1385 5044 1464 5098 mea
1487 5024 1683 5095 donatione
1708 5025 1823 5112 adque
1846 5025 2046 5112 offertione,
2065 5025 2157 5094 siout
2174 5028 2339 5113 superius
2364 5027 2412 5098 le·

551 5181 677 5267 gitur,
702 5178 853 5246 tirmiter
870 5178 1038 5246 moveatis
1061 5181 1097 5246 et
1119 5179 1352 5266 possideatis,
1376 5183 1412 5247 et
1426 5178 1582 5266 ¹ensinde
1605 5151 1726 5247 omnia
1749 5180 1892 5250 faciatis
1922 5179 2167 5267 quodcumque
2189 5181 2407 5269 volueritis,

552 5330 631 5398 sine
655 5328 939 5398 contradictione
962 5349 1077 5400 meam
1102 5336 1137 5400 et
1160 5331 1204 5400 de
1227 5331 1314 5400 meis
1337 5307 1527 5401 erhedibus
1549 5339 1586 5400 et
1608 5331 1686 5401 sine
1704 5305 1959 5419 cuiuscumque
1982 5321 2232 5421 requisitione.
2260 5333 2358 5410 Quod
2378 5337 2407 5404 si

590 5761 621 5840 ¹)
644 5760 757 5840 Lege:
781 5733 934 5827 seeundo.
