5402 7088
865 503 869 514 Ι
972 562 1426 636 olptolltrluos
2033 565 2076 640 31

273 789 529 858 consuetudine
552 790 594 859 de
618 791 693 878 ipso
718 791 843 868 locum;
870 795 906 860 et
929 810 992 879 per
1015 791 1131 859 omnis
1154 807 1289 860 annum
1313 787 1450 857 saciant
1472 791 1658 858 servitium
1681 788 1724 857 de
1742 790 1816 877 ipse
1833 792 1940 860 terris
1963 791 2008 860 ad
2030 807 2117 878 pars

279 938 393 1026 ipsius
414 939 562 1028 abbati,
586 960 647 1010 seu
673 944 711 1010 in
736 962 820 1028 pars
843 943 1000 1029 predicte
1023 942 1195 1027 ecclesie,
1223 940 1394 1028 quomodo
1420 941 1514 1010 soliti
1542 942 1627 1007 sunt
1650 940 1767 1010 iacere
1790 941 1855 1010 alii
1879 942 2057 1012 ominibus
2078 945 2123 1014 de

278 1091 354 1179 ipso
378 1091 491 1160 locum
515 1093 560 1161 ad
584 1113 667 1180 pars
691 1095 846 1180 predicte
873 1095 1032 1164 ecclesie.
1054 1095 1106 1162 Ad
1122 1096 1190 1183 ipsi
1214 1093 1344 1178 biginti
1369 1094 1456 1160 anni
1480 1091 1658 1179 completi,
1674 1091 1720 1161 ad
1736 1095 1813 1162 aire
1837 1093 2036 1182 recollecto,
2064 1096 2123 1164 in·

274 1243 358 1313 clite
383 1245 456 1330 ipse
479 1247 589 1312 terris
613 1247 773 1314 rebertar
797 1246 841 1315 ad
865 1249 1035 1332 potestate
1059 1246 1172 1332 ipsius
1195 1244 1332 1330 abbati,
1357 1245 1412 1310 vel
1446 1245 1484 1310 in
1511 1262 1596 1329 pars
1620 1244 1786 1314 iamdicta
1810 1245 1975 1333 ecclesie,
1994 1245 2130 1315 facien·

274 1397 450 1481 dumque
475 1397 667 1482 boluerint,
692 1401 728 1466 et
745 1396 816 1464 illis
834 1396 939 1466 liccat
956 1397 1039 1466 inde
1056 1399 1156 1467 exire
1179 1415 1260 1465 cum
1276 1396 1390 1462 omnis
1407 1394 1547 1461 illorum
1563 1413 1672 1464 causa
1688 1397 1831 1466 movilia
1856 1416 1924 1484 que
1943 1398 2000 1466 ibi
2018 1401 2129 1470 abue-

275 1546 338 1633 rit,
362 1546 440 1614 sine
462 1509 715 1628 contrarietate
739 1549 850 1634 ipsius
874 1550 996 1624 abbati
1019 1550 1072 1616 vel
1098 1549 1141 1617 de
1164 1567 1248 1634 pars
1271 1547 1427 1633 predicta
1450 1547 1611 1615 ecclesie.
1640 1549 1687 1616 De
1710 1567 1783 1634 qua
1806 1568 1869 1635 por
1901 1551 2128 1618 combenien-

276 1695 331 1764 tia
354 1717 417 1784 per
433 1697 704 1793 demandatione
723 1700 833 1783 ipsius
847 1697 966 1767 domni
984 1701 1105 1769 abbati
1122 1704 1157 1768 et
1173 1717 1235 1785 pro
1251 1717 1334 1784 pars
1351 1701 1360 1766 i
1364 1701 1462 1786 psius
1478 1699 1631 1802 ecclesie
1648 1701 1782 1787 guadia
1804 1701 1891 1770 mibi
1916 1703 1992 1788 ipse
2015 1701 2127 1790 guiso

277 1847 404 1936 dedit,
428 1855 464 1918 et
487 1849 679 1918 mediatore
703 1849 792 1918 mihi
816 1852 933 1936 posuit
956 1850 1111 1937 seipsum
1125 1871 1135 1936 3
1161 1855 1197 1917 et
1218 1867 1281 1935 per
1306 1850 1383 1935 ipsa
1405 1849 1541 1948 guadia
1575 1851 1750 1938 obligavit
1783 1869 1820 1919 se
1851 1853 1926 1936 ipse
1954 1853 2063 1939 guisu
2086 1849 2137 1921 et·

279 2021 361 2072 suos
384 2003 518 2091 eredes,
543 2009 583 2072 ut
607 2003 637 2072 si
661 2003 783 2072 taliter
806 2005 927 2072 omnia
950 2005 1193 2090 suprascripta
1217 2002 1331 2088 ipsius
1356 2001 1490 2088 abbati,
1515 2001 1569 2068 vel
1594 2002 1633 2068 in
1657 2020 1742 2088 pars
1766 2002 1923 2087 predicte
1958 2003 2126 2089 ecclesie,

280 2173 353 2224 non
378 2155 628 2243 adimpleverit
651 2158 687 2222 et
709 2147 947 2240 aliquit‘inde
971 2152 1250 2241 contradixerit,
1274 2173 1337 2241 per
1360 2153 1438 2239 ipsa
1460 2109 1595 2239 guadia
1619 2173 1682 2240 per
1706 2153 1966 2223 combenientia
1990 2155 2127 2243 obliga·

278 2309 332 2375 rit
357 2327 394 2377 se
419 2307 495 2394 ipse
519 2307 626 2394 guisu
649 2311 790 2374 etsnos
811 2304 933 2374 eredes
955 2322 1164 2390 componere
1188 2306 1302 2390 ipsius
1325 2303 1460 2389 abbati,
1484 2303 1538 2372 vel
1562 2303 1601 2370 in
1625 2323 1709 2390 pars
1741 2307 1853 2391 ipsius
1883 2305 2045 2392 ecclesie,
2073 2306 2127 2374 bi·
2186 2331 2189 2336 ¹

278 2459 373 2547 ginti
399 2461 481 2529 auri
507 2461 635 2526 solidos
659 2457 888 2526 costantinos.
908 2459 1171 2524 ¹Verumtamen
1203 2475 1242 2523 oc
1276 2473 1540 2542 memoramus,
1564 2461 1601 2524 et
1633 2461 1844 2543 potestatem
1880 2459 2012 2526 abeant
2047 2458 2123 2543 ipse
2259 2509 2263 2516 .

274 2612 378 2698 guiso
402 2613 456 2679 vel
479 2611 559 2680 eius
583 2609 705 2677 eredes
731 2609 767 2674 in
792 2609 867 2694 ipse
890 2607 998 2675 terris
1022 2607 1087 2676 alii
1112 2609 1221 2674 omini
1248 2611 1389 2677 mittere
1413 2609 1734 2696 adlaborandum,
1759 2607 1915 2695 qualiter
1947 2611 2129 2678 belnerint

275 2771 311 2834 et
335 2767 474 2852 inipso
498 2764 612 2831 locum
635 2780 813 2833 anzanum
837 2762 879 2829 dc
904 2765 1075 2847 quantum
1100 2767 1152 2829 est
1175 2760 1253 2846 ipsa
1275 2766 1375 2828 terra
1411 2762 1551 2848 bactra,
1575 2766 1690 2829 totum
1724 2761 1807 2830 illut
1837 2760 1950 2848 ipsius
1983 2762 2132 2871 guisoni·

275 2917 429 2986 tradidit
455 2935 519 3004 pro
543 2933 626 3002 pars
650 2915 765 3000 ipsius
787 2913 946 2990 ecclesie,
972 2913 1017 2980 ad
1043 2911 1232 2980 tenendum
1257 2893 1338 2978 illut
1362 2929 1472 2996 usque
1496 2913 1571 2997 ipso
1594 2913 1827 2981 constitutum
1856 2915 1894 2981 in
1920 2914 2134 3022 supradicta

277 3071 428 3155 ratione,
453 3073 489 3137 et
514 3089 588 3155 per,
601 3067 715 3134 omnis
738 3085 874 3153 annum
897 3085 960 3152 per
984 3084 1066 3132 aree
1092 3083 1201 3149 usque
1226 3067 1302 3150 ipso
1324 3063 1559 3133 constitutum
1592 3067 1667 3152 ipse
1689 3066 1793 3153 guiso
1817 3067 1872 3134 vel
1897 3066 1975 3134 eius
2002 3066 2131 3136 eredes

279 3223 389 3294 deant
416 3222 462 3292 ad
485 3239 570 3309 pars
594 3220 707 3306 ipsius
729 3219 875 3288 ecclesie
900 3237 973 3286 una
996 3218 1133 3306 gallina
1157 3217 1375 3314 bona,vquod
1402 3217 1528 3304 scripsi
1553 3234 1618 3304 ego
1643 3217 1852 3287 smaracdus
1875 3219 2048 3287 notarius.

325 3345 356 3460 †
382 3374 457 3458 Ego
481 3371 640 3447 ademari
664 3391 719 3438 me
742 3365 935 3455 subscripsi

320 3497 350 3612 †
376 3526 450 3611 Ego
473 3523 656 3593 dauferius
679 3523 840 3590 notarius
863 3539 918 3588 me
942 3520 1151 3605 subscripsi.

1000 3801 1424 3814 -n--ffl—

928 4173 935 4186 ·
1040 4135 1365 4248 noccxon

1026 4357 1107 4441 ''A.
1135 4365 1189 4439 D.
1221 4364 1346 4440 1035.

321 4580 420 4720 †ln
445 4627 589 4695 nomine
612 4623 746 4692 domini
772 4621 1054 4709 septimodecimo
1085 4639 1179 4687 anno
1209 4620 1430 4706 principatus
1460 4620 1582 4687 domni
1611 4621 1724 4688 nostri
1757 4619 1937 4707 guaimari
1962 4620 2125 4707 gloricsu

274 4785 456 4871 princeps,
483 4778 579 4846 filins
603 4774 782 4862 quondam
805 4773 924 4840 domni
949 4771 1132 4860 guaimari
1155 4769 1344 4857 principis,
1367 4787 1486 4837 manse
1509 4769 1654 4858 aprelis,
1677 4772 1787 4850 tertia
1811 4770 2019 4839 indictione.
2049 4772 2126 4844 Me·
2200 4753 2201 4756 ¹

273 4931 632 5004 moratorium·sactu
660 4946 682 4994 a
705 4944 762 4994 me
784 4923 1016 5011 truppoaldus
1040 4921 1254 4991 venerabilis
1278 4922 1388 4988 abbas
1411 4920 1529 4989 scriba
1550 4919 1675 5005 palatii
1700 4921 1848 4989 ecclesie
1871 4925 1993 4990 sancte
2009 4921 2124 4991 marie
2156 4951 2161 4960 ·

274 5083 518 5174 pertinentem
542 5027 739 5165 supradicti
763 5073 882 5142 domni
907 5073 1055 5158 mangni
1079 5071 1234 5160 principi
1258 5075 1295 5138 et
1317 5069 1360 5138 de
1383 5071 1548 5157 germani
1571 5065 1648 5139 eius
1671 5078 1707 5140 et
1728 5073 1771 5140 de
1794 5071 1917 5140 eredes
1939 5073 2121 5160 quondam

275 5235 422 5306 iohanni
448 5231 596 5316 comiti,
619 5228 682 5314 qui
706 5225 774 5293 fuit
798 5226 875 5293 thio
898 5201 1092 5310 supradicti
1116 5222 1235 5291 domni
1260 5225 1408 5310 mangni
1432 5223 1613 5311 principi,
1637 5242 1678 5292 eo
1701 5225 1794 5311 quod
1816 5228 1901 5292 ante
1925 5225 2120 5310 subscripti

275 5391 384 5456 testes
405 5403 469 5472 per
486 5379 748 5450 combenientia
764 5378 914 5447 tradidit
929 5375 1098 5444 dumnelli
1115 5375 1304 5460 presbiteri
1320 5380 1356 5442 et
1371 5373 1509 5442 dauleri
1526 5375 1704 5461 germani,
1721 5375 1786 5443 filii
1803 5373 1982 5462 quondam
1998 5375 2123 5444 iohan-

173 5567 179 5580 ·
275 5539 329 5624 ni,
353 5542 390 5606 et
413 5535 506 5623 petri
530 5533 573 5600 de
597 5531 761 5599 tusciano
785 5527 858 5594 lilio
881 5491 1060 5613 quondam
1082 5527 1192 5624 petri,
1213 5531 1311 5596 terra
1333 5547 1412 5594 cum
1436 5546 1521 5596 casa
1537 5531 1738 5615 pertinente
1755 5528 1958 5615 supradicte
1975 5529 2121 5598 ecclesie

274 5692 372 5760 intus
395 5691 462 5766 hec
486 5687 669 5756 civitatem
697 5686 790 5752 inter
809 5699 915 5749 muro
938 5687 974 5748 ot
996 5680 1197 5767 muricin03
1228 5681 1289 5766 qui
1313 5679 1359 5748 da
1383 5647 1485 5767 parte
1509 5681 1659 5748 orientis
1682 5679 1851 5750 coniunta
1881 5682 2004 5750 estad
2029 5683 2123 5751 facie

279 5845 322 5913 de
347 5843 487 5931 pariete
513 5840 556 5907 de
580 5857 665 5906 casa
689 5835 824 5904 fabrita
846 5833 957 5918 ipsius
980 5829 1139 5918 ecclesie,
1164 5831 1202 5900 in
1227 5847 1296 5916 quo
1311 5847 1377 5916 ego
1393 5829 1581 5900 iamdictus
1596 5834 1707 5901 abbas
1723 5833 1823 5900 modo
1839 5827 2016 5902 residente
2028 5853 2121 5922 sum;
