5408 7108
995 567 1391 642 blPLotlavlobs

1041 970 1335 1079 GMXGVI.

1041 1217 1099 1342 A.
1127 1267 1181 1340 n.
1212 1264 1342 1340 1042.

323 1521 417 1638 †ln
440 1553 585 1620 nomine
609 1552 742 1620 domini
766 1553 952 1641 vigesimo
977 1559 1107 1640 quarto
1130 1572 1227 1624 anno
1243 1555 1468 1642 principatus
1492 1554 1627 1624 salerni
1652 1553 1772 1622 domni
1796 1556 1913 1624 nostri
1934 1556 2116 1626 Guaimari

274 1701 422 1790 gloriosi
446 1703 635 1791 principis,
659 1709 696 1806 et
718 1710 846 1791 quarto
868 1725 963 1774 anno
987 1707 1210 1793 principatus
1233 1709 1309 1777 eius
1334 1710 1450 1795 (lapue
1465 1711 1502 1778 et
1517 1708 1667 1777 ducatus
1693 1706 1790 1776 illins
1805 1708 1938 1795 amalfi,
1955 1714 1991 1778 et
2006 1710 2115 1778 tertio

272 1875 369 1927 anno
390 1855 544 1926 ducatus
560 1857 637 1925 eius
652 1825 872 1946 surrentum,
896 1878 1002 1946 quam
1026 1867 1062 1928 et
1077 1863 1190 1946 primo
1214 1879 1308 1930 anno
1332 1867 1367 1930 et
1383 1861 1650 1950 principatuum
1667 1865 1703 1930 et
1718 1862 1911 1930 ducatuum
1927 1861 2048 1930 domni
2065 1864 2119 1950 gi-

270 2009 441 2078 sulfleius
453 2008 519 2077 filii
535 2008 660 2080 eximii
679 2011 851 2099 principis
867 2019 902 2080 et
925 2013 1148 2100 duci,mense
1172 2013 1326 2100 magius,
1344 2013 1482 2082 decima
1493 2008 1703 2081 indictione.
1721 2013 1866 2083 Daciam
1881 2032 1946 2101 ego
1971 2015 2120 2083 ioannes

277 2161 411 2231 domini
435 2163 557 2249 gratia
578 2164 688 2232 abbas
712 2165 919 2233 monasterii
944 2168 1067 2234 sancte
1090 2166 1203 2234 marie
1227 2177 1263 2233 et
1286 2167 1402 2236 sancti
1440 2165 1613 2234 benedicti
1640 2167 1701 2235 siti
1726 2166 1824 2235 intus
1847 2168 1942 2236 hanc
1965 2165 2116 2235 salerni·

275 2318 397 2383 tanam
412 2313 608 2401 civitatem,
623 2314 789 2401 quoniam
810 2335 892 2402 pars
908 2317 1143 2403 suprascripti
1156 2315 1267 2382 nostri
1281 2316 1485 2385 monasterii
1500 2319 1609 2386 habet
1625 2317 1746 2403 plures
1763 2319 1868 2384 rebus
1881 2336 1903 2385 a
1915 2317 2008 2386 foras
2025 2318 2119 2386 hanc

273 2463 475 2550 predictam
501 2465 693 2542 civitatem,
719 2465 813 2535 unde
838 2467 1012 2534 modicum
1037 2467 1179 2553 prodem
1198 2467 1293 2536 venit
1310 2469 1346 2535 in
1363 2463 1519 2552 predicto
1536 2471 1657 2534 nostro
1674 2468 1901 2554 monasterio,
1921 2467 2123 2554 intorques

282 2618 364 2686 abet
400 2636 482 2702 pars
505 2617 617 2686 nostri
642 2617 846 2687 monasterii
885 2636 957 2686 una
981 2617 1076 2704 petia
1100 2619 1143 2687 de
1166 2624 1264 2687 terra
1297 2637 1377 2686 oum
1401 2618 1586 2686 arboribus
1611 2589 1732 2686 vitatis
1759 2618 1795 2684 in
1820 2617 1934 2686 locum
1957 2618 2117 2688 andrelle

279 2771 408 2846 subtus
430 2769 580 2838 ecclesia
604 2771 720 2840 sancti
745 2769 831 2857 riti,
856 2789 925 2856 que
948 2774 1002 2838 est
1025 2787 1088 2855 per
1111 2788 1152 2838 as
1176 2771 1264 2838 lines
1287 2775 1322 2839 et
1346 2789 1543 2840 mensuras
1570 2773 1599 2837 A
1625 2775 1725 2857 parte
1750 2770 1942 2840 occidentis
1967 2771 2037 2840 line
2062 2771 2123 2841 via

277 2937 345 3005 que
368 2921 467 2991 vadit
489 2925 615 2990 subtus
640 2921 717 3009 ipsa
741 2921 916 3009 ecclesia,
939 2921 1023 2990 inde
1046 2926 1130 2990 sunt
1153 2925 1247 3007 passi
1271 2921 1391 2991 decem
1415 2927 1450 2990 et
1473 2924 1600 2990 nobem
1624 2941 1687 3008 per
1711 2923 1875 2991 latitudo.
1902 2925 1956 2990 Ab
1979 2925 2118 2991 oriente

278 3073 348 3140 tine
372 3073 466 3141 sicut
492 3073 664 3141 discernit
689 3074 789 3142 albeo
811 3075 854 3141 de
877 3075 983 3141 liubio
1007 3075 1123 3161 lirno;
1148 3081 1352 3143 mensurata
1374 3079 1419 3144 ab
1443 3076 1541 3142 intus
1565 3077 1643 3162 ipsa
1668 3077 1785 3153 rebus,
1811 3075 1894 3144 inde
1918 3079 2002 3142 sunt
2025 3074 2123 3141 simi·

282 3220 368 3290 liter
390 3241 454 3308 per
479 3223 631 3292 latitudo
654 3225 749 3310 passi
775 3226 907 3312 viginti
932 3231 969 3293 et
992 3243 1115 3312 unum,
1139 3234 1175 3294 et
1198 3247 1220 3296 a
1244 3227 1391 3296 meridie
1414 3233 1451 3296 et
1483 3247 1506 3296 a
1529 3231 1630 3315 parte
1647 3229 1912 3314 septemtrionis
1935 3228 2006 3297 fine
2024 3229 2128 3296 sicut

279 3393 362 3462 sepe
385 3374 584 3462 discernit,
618 3383 655 3444 et
679 3381 732 3444 est
769 3395 833 3462 per
856 3377 1042 3462 longitudo
1065 3378 1110 3446 da
1147 3381 1225 3466 ipsa
1260 3381 1508 3468 riaetusqne
1533 3380 1678 3468 adipso
1712 3381 1818 3448 dubio
1856 3382 1950 3448 lirno
1985 3399 2126 3449 mensu·

285 3530 367 3598 rata
389 3525 434 3596 ad
458 3527 551 3595 iusto
574 3545 677 3614 passo
699 3527 850 3596 homini.
876 3531 948 3597 Hec
971 3535 1089 3598 autem
1114 3531 1271 3618 predicta
1305 3536 1404 3602 terra
1430 3552 1493 3622 per
1515 3535 1737 3620 supradictas
1760 3533 1847 3602 fines
1879 3539 1914 3602 et
1937 3551 2122 3602 mensuras

284 3659 374 3749 abet'
390 3697 476 3765 pars
498 3678 695 3768 supradicti
719 3681 833 3751 nostri
857 3677 1064 3750 monasterii
1090 3683 1128 3749 in
1145 3682 1265 3750 eodem
1288 3683 1376 3772 loco,
1394 3685 1487 3754 undo
1514 3683 1652 3752 nullum
1680 3684 1822 3770 prodem
1845 3683 1946 3751 venit
1971 3684 2013 3750 in'
2034 3681 2123 3750 iam·

287 3835 381 3904 dicto
403 3841 525 3904 nostro
548 3837 777 3923 monasterio,
794 3840 831 3903 et
855 3837 1080 3904 volueramus
1107 3836 1187 3904 illut
1210 3837 1295 3904 dare
1320 3839 1609 3906 commutationis
1633 3835 1783 3903 hordine
1800 3840 1835 3904 et
1858 3835 2019 3921 accipere
2044 3836 2126 3903 inde

278 3987 351 4058 alia
367 3989 473 4056 rebus
489 3988 679 4058 coniuncta
694 3986 739 4057 ad
758 3990 861 4056 rebus
873 3989 1006 4056 exdicti
1024 3991 1135 4056 nostri
1155 3990 1363 4075 monasteri,
1378 3990 1471 4057 unde
1488 3989 1567 4076 plus
1583 3993 1618 4055 et
1635 3987 1901 4057 remelioratum
1927 4033 2123 4055 ......

280 4143 403 4228 fruges
428 4143 615 4210 ebenirent
639 4142 678 4208 in
703 4132 788 4227 pars
812 4142 963 4227 predicti
987 4143 1101 4209 nostri
1125 4142 1331 4210 monasteri.
1358 4138 1553 4208 Nobissime
1578 4144 1698 4207 autem
1722 4139 1824 4207 venit
1847 4140 1894 4208 ad
1918 4157 1981 4208 nos
1999 4157 2129 4238 'manso

279 4265 315 4362 et
341 4291 394 4361 leo
417 4293 578 4381 comites,
602 4293 765 4380 germani
788 4292 853 4360 lilii
879 4293 1054 4378 quondam
1072 4295 1233 4378 mansoni
1256 4292 1417 4381 castaldi,
1434 4297 1470 4361 et
1486 4293 1657 4361 dixerunt
1675 4293 1787 4380 nobis,
1814 4297 1852 4360 ut
1874 4292 1904 4359 si
1929 4296 2128 4364 commuta·

283 4447 396 4514 tionis
418 4445 570 4514 hordine
592 4443 794 4514 dederimus
816 4462 864 4513 ex
902 4447 980 4532 ipsa
1003 4445 1101 4531 petia
1123 4443 1167 4512 de
1198 4447 1296 4514 terra
1320 4462 1383 4530 per
1413 4443 1638 4530 supradictas
1661 4445 1750 4512 lines
1773 4450 1809 4512 et
1825 4462 2010 4512 mensuras
2029 4493 2038 4530 ,
2058 4443 2133 4512 illis

283 4603 402 4669 autem
426 4597 555 4666 darent
572 4595 610 4662 in
626 4599 729 4682 parte
754 4595 866 4682 ipsius
889 4600 1003 4666 nostri
1028 4598 1221 4667 monasteri
1240 4597 1314 4665 alia
1330 4599 1435 4665 rebus
1462 4644 1616 4664 .....
1635 4597 1673 4663 in
1692 4595 1806 4665 locum
1823 4596 1973 4684 pandola
1988 4615 2056 4682 que
2075 4601 2129 4664 est

287 4751 480 4818 coniuncta
503 4749 547 4818 ad
572 4749 678 4816 rebus
701 4747 935 4836 suprascripti
961 4749 1074 4816 nostri
1098 4751 1308 4836 monasteri,
1331 4750 1422 4836 quod
1440 4749 1512 4818 illis
1529 4753 1692 4837 paratam
1709 4752 1822 4819 abunt
1846 4767 1908 4837 per
1924 4750 2028 4818 ilrma
2050 4767 2133 4816 oar·

292 4904 369 4974 tula
391 4903 438 4972 da
461 4903 575 4971 citrus
598 4901 672 4969 filio
696 4900 875 4988 quondam
900 4902 1001 4988 cari,
1024 4906 1060 4969 et
1082 4919 1145 4987 pro
1167 4919 1278 4970 causa
1310 4901 1607 4970 remeliorationis
1642 4902 1838 4990 adiungere
1871 4901 1971 4982 nobis
2002 4901 2132 4970 solidos

285 5051 420 5139 decem,
446 5071 518 5120 ana
536 5051 714 5138 quadtuor
737 5053 817 5120 auri
843 5057 987 5146 tarenos
1010 5053 1157 5120 abentes
1181 5073 1243 5139 per
1267 5053 1443 5140 soljdum;
1467 5059 1502 5121 et
1527 5059 1565 5122 ut
1581 5053 1810 5140 previdimus,
1826 5053 1917 5141 quod
1934 5056 2062 5122 bonum
2087 5055 2131 5125 ad

282 5223 367 5292 pars
389 5203 540 5290 predicti
567 5205 681 5271 nostri
706 5205 900 5272 monasteri
930 5205 1103 5289 ebeniret‚
1130 5209 1166 5272 et
1200 5205 1464 5274 remelioratum
1483 5213 1591 5275 esset
1623 5205 1704 5274 illut
1738 5205 1830 5292 quod
1867 5205 2131 5292 reciperemus,

297 5377 404 5445 quam
429 5357 509 5426 illut
532 5357 624 5444 quod
649 5357 737 5426 dare
761 5359 937 5446 cupimus,
961 5363 1046 5426 tunc
1071 5359 1228 5444 cepimus
1252 5358 1333 5426 inde
1356 5361 1462 5427 abere
1495 5358 1706 5445 colloquium
1729 5377 1810 5426 oum
1841 5359 1972 5426 iratres
2007 5364 2129 5428 sancte

295 5513 415 5578 nostre
438 5507 728 5596 congregationis
751 5515 787 5576 et
812 5529 890 5576 oum
916 5509 1090 5578 iohannes
1114 5509 1264 5578 clericus
1288 5509 1477 5578 advocator
1501 5508 1738 5596 suprascripti
1769 5510 1881 5576 nostri
1908 5507 2130 5592 monasterii,

298 5661 356 5729 sed
384 5661 428 5729 ad
453 5661 639 5730 iamdictos
662 5662 791 5729 iratres
815 5665 850 5729 et
874 5661 919 5728 ad
945 5662 1143 5746 predictum
1167 5662 1409 5730 advocatorem
1426 5664 1556 5728 bonum
1580 5661 1780 5747 comparuit
1795 5679 1870 5729 esse
1893 5662 2134 5730 commutatio-

300 5829 381 5878 nem
409 5813 513 5880 istam
538 5811 738 5880 laciendum
762 5818 798 5880 et
821 5813 1082 5882 remelioralam
1107 5831 1183 5882 esse
1207 5814 1312 5880 rebus
1337 5813 1426 5898 ipsa,
1443 5831 1551 5898 quam
1567 5813 1632 5899 ipsi
1651 5813 1813 5900 germani
1839 5816 1875 5882 in
1901 5813 2055 5899 predicto
2074 5831 2136 5880 no·
