5402 7088
636 509 682 582 rr
955 473 959 482 ’
1241 501 1426 581 oooux
1467 447 1727 598 osv-'unsis

383 707 389 718 ⁸
498 758 501 762 ·
585 743 623 810 cl
645 739 879 806 mediatorem
903 736 990 805 mihi
1015 737 1133 824 posuit
1155 754 1192 804 sc
1216 735 1343 822 ipsum3
1367 736 1404 802 et
1426 753 1490 821 per
1513 737 1591 823 ipsa
1612 736 1750 823 guadia
1772 739 1836 804 elo.
1865 738 2011 805 Stotuta
2036 736 2169 803 mulcta
2191 733 2325 820 oiptoti
2347 733 2470 830 curt,

581 849 780 962 solidorum
807 845 1046 960 Constantini.
1073 875 1165 975 quod
1188 889 1311 976 scripsi
1337 906 1402 976 ego
1416 889 1632 980 smaraodus
1655 859 1817 958 notarius
2471 857 2474 864 ⁵

630 1011 763 1129 †Ego
789 1041 850 1127 qui
875 1059 983 1127 supra
1006 1037 1173 1126 grimoalt
1196 1057 1311 1106 comes
1333 1045 1369 1106 et
1392 1036 1513 1107 iudex.
1620 1127 1624 1134 Ι
1689 1017 1697 1032 '

1151 1933 1158 1948 ·
1285 1879 1741 1962 DCCCLXXXV.

1362 2211 1420 2284 A.
1448 2209 1501 2282 D.
1532 2208 1657 2282 1035.

631 2511 731 2652 †ln
756 2564 898 2630 nomine
921 2551 1053 2630 domini
1088 2561 1372 2647 septimodecimo
1400 2580 1494 2631 anno
1523 2563 1744 2648 principatus
1774 2560 1893 2628 domni
1921 2559 2033 2628 nostri
2060 2561 2242 2648 guaimari
2276 2559 2437 2648 glorioso
2483 2617 2493 2632 .

558 2777 562 2784 .
585 2719 769 2804 princeps,
793 2714 887 2783 fliius
910 2695 1030 2782 domii
1055 2713 1263 2802 guaimari,
1286 2733 1407 2783 mense
1433 2715 1643 2802 ianuarius,
1667 2673 1774 2784 tertia
1797 2715 2004 2800 indictione.
2030 2717 2317 2786 Memoratorium
2339 2673 2441 2788 lactu

489 2961 491 2967 k
585 2883 610 2933 a
632 2884 687 2934 me
714 2864 818 2935 alieri
843 2864 994 2934 clericus
1009 2870 1045 2934 et
1060 2867 1170 2934 abbas
1192 2865 1343 2934 ecclesia
1365 2869 1479 2962 sancti
1504 2866 1665 2954 maximi,
1675 2833 1756 2935 'una
1772 2885 1909 2976 mecum
1933 2871 2026 2937 osset
2050 2873 2191 2952 amatus
2206 2869 2315 2940 iudex
2331 2872 2439 2940 adbo-

586 3023 687 3124 cator
717 3019 831 3112 ipsius
854 3020 1015 3108 ecclesie,
1037 3038 1077 3087 eo
1102 3021 1194 3106 quod
1217 3023 1300 3088 ante
1323 3019 1502 3106 presentia
1524 3018 1715 3107 grimoaldi
1738 3017 1858 3088 comiti
1882 3019 1991 3087 iudici
2018 3022 2190 3106 perbona
2211 3021 2438 3092 combenien·
2465 3039 2470 3051 ·

588 3175 643 3246 tia
667 3175 712 3245 ad
730 3157 982 3248 tenendum'er
1004 3172 1231 3242 residendum
1255 3172 1466 3280 tradidimus
1480 3135 1631 3270 mar-aldi
1649 3173 1909 3280 tilioimperato
1932 3179 2135 3244 terrarum
2157 3144 2291 3245 casa'er
2307 3178 2439 3282 parieti

590 3329 727 3418 babiti,
752 3327 843 3416 quod
867 3345 950 3414 pars
976 3325 1086 3413 ipsius
1110 3324 1257 3394 ecclesie
1281 3327 1363 3394 abet
1385 3327 1485 3425 intus
1506 3343 1575 3396 ano
1597 3327 1857 3396 salernitanam
1879 3327 2063 3396 cibitatum
2080 3329 2118 3396 in
2135 3327 2232 3416 plaiu
2248 3327 2291 3397 de
2314 3337 2434 3399 monte

587 3505 612 3558 a
640 3503 747 3572 super
769 3483 847 3582 ipsa
871 3483 1046 3570 ecclesia,
1071 3480 1132 3568 qui
1156 3481 1199 3549 de
1222 3461 1269 3549 ex
1292 3481 1385 3548 om'ni
1411 3485 1512 3568 parte
1543 3481 1715 3551 coniunta
1737 3486 1791 3550 est
1814 3481 1859 3550 ad
1891 3483 1963 3550 fluo
1994 3479 2104 3568 ipsius
2127 3481 2298 3570 ecclesio,
2321 3486 2358 3552 et
2382 3487 2436 3553 est

587 3659 654 3732 per
677 3621 859 3708 mensoria
882 3637 925 3704 dc
949 3633 1099 3706 latitudo
1122 3633 1364 3744 etlongitudo
1381 3635 1419 3750 in
1436 3633 1531 3701 omni
1549 3633 1622 3702 loco
1637 3654 1709 3706 ana
1735 3637 1840 3724 pedes
1862 3635 2026 3722 sedecim,
2050 3639 2164 3706 totum
2192 3641 2437 3707 mensuratum

407 3841 410 3846 -
540 3827 544 3836 ·
582 3795 634 3868 ad
659 3795 752 3864 iusto
775 3791 862 3880 pede
885 3808 1031 3859 manum
1056 3788 1220 3892 homi-ni3
1249 3805 1289 3855 eo
1322 3789 1404 3856 bero
1433 3790 1533 3857 terra
1562 3807 1644 3857 oum
1667 3737 1751 3858 oasa
1775 3807 1838 3876 per
1862 3788 2067 3876 supradicta
2090 3793 2273 3858 mensurio
2294 3793 2372 3860 tota
2395 3797 2433 3860 ot
2521 3797 2534 3820 ·

587 3947 718 4017 inclita
741 3907 805 4011 nos
830 3942 941 4029 ipsius
963 3939 1116 4010 maraldi
1129 3938 1352 4009 tradidimus
1371 3938 1408 4004 in
1423 3935 1488 4006 tali
1505 3938 1643 4025 ordine,
1659 3907 1698 4006 ut
1715 3938 1838 4007 amodo
1853 3943 1890 4007 et
1906 3956 2017 4026 usquc
2043 3938 2175 4027 biginti
2199 3943 2327 4010 nobem
2340 3943 2432 4012 anni

588 4097 791 4185 completim
814 4095 860 4164 ad
884 4113 950 4163 sua
973 4097 1009 4162 et
1032 4093 1075 4160 de
1098 4069 1172 4160 suis
1195 4091 1358 4160 aradibus
1387 4090 1460 4159 sint
1488 4065 1672 4178 potestatis
1696 4067 1795 4162 illam
1825 4093 2018 4164 tenendum
2046 4097 2082 4162 et
2104 4094 2374 4183 dominandum,
2398 4105 2435 4167 ct

574 4251 692 4340 'sobee
709 4252 745 4316 et
760 4247 875 4314 omnis
898 4241 1231 4314 illorum'utilitatis
1253 4241 1348 4312 iusta
1372 4241 1546 4310 rationem
1562 4241 1693 4311 ibidem
1710 4244 1839 4332 facere,
1857 4250 1892 4313 et
1908 4243 2040 4313 ibidem
2060 4231 2216 4316 residere
2232 4251 2268 4316 ot
2282 4249 2436 4335 abitare,

490 4459 493 4466 .
590 4407 627 4474 et
651 4420 715 4489 per
736 4399 851 4466 omnis
874 4415 1011 4467 annum
1034 4395 1157 4464 amodo
1180 4397 1216 4462 et
1238 4411 1348 4480 usque
1372 4393 1439 4480 ipsi
1457 4393 1589 4480 biginti
1613 4397 1740 4463 n'obem
1755 4397 1843 4465 anni
1859 4395 2058 4484 complctim
2080 4397 2208 4467 darent
2231 4397 2291 4466 ille
2307 4402 2343 4468 et
2358 4400 2436 4468 cius

546 4601 554 4616 ·
588 4557 712 4628 eredes
737 4510 867 4624 exinde
890 4568 1037 4620 censum
1061 4549 1106 4619 ad
1129 4567 1212 4636 pars
1228 4547 1338 4633 ipsius
1355 4529 1501 4617 ecclesie
1517 4550 1671 4620 medium
1687 4527 1778 4638 tari,¹
1798 4552 1841 4620 de
1866 4511 1971 4639 quale
1993 4556 2136 4622 moneta
2158 4571 2223 4641 per
2246 4505 2315 4622 ano
2338 4555 2434 4624 cibes

456 4741 462 4754 ·
588 4709 792 4779 andaberit:
819 4704 866 4773 ad
889 4703 958 4790 ipsi
983 4701 1114 4788 biginti
1138 4702 1265 4770 nobem
1288 4701 1376 4768 anni
1400 4703 1597 4788 completim
1622 4702 1734 4774 licead
1758 4702 1818 4773 ille
1840 4709 1876 4774 ot
1891 4700 1968 4773 'eius
1983 4700 2105 4774 eredes
2128 4705 2212 4775 inde
2232 4707 2333 4776 exire
2349 4727 2430 4777 oum

589 4863 704 4929 omnis
729 4879 793 4930 sua
816 4813 1100 4942 oausamobilia
1117 4873 1186 4942 que
1209 4853 1258 4924 ibi
1282 4855 1449 4940 abuerit,
1479 4859 1516 4922 et
1548 4855 1672 4925 inclita
1701 4857 1778 4942 ipsa
1800 4864 1898 4925 terra
1921 4876 2001 4927 oum
2026 4877 2111 4927 casa
2135 4875 2198 4946 par
2222 4859 2432 4947 supradicta

589 5010 775 5082 mensoria
798 5012 959 5079 rebertar
982 5009 1027 5078 ad
1050 5027 1135 5096 pars
1148 5009 1269 5094 ipsius
1291 5006 1449 5075 ecclesie.
1467 5007 1509 5074 de
1525 5025 1597 5092 qua
1620 5025 1683 5094 per
1698 5009 1791 5092 bona
1806 5009 2070 5078 combenientia
2094 5009 2229 5098 guadia
2246 4983 2346 5080 nobis
2362 5013 2437 5101 ipse

591 5139 776 5236 maraldus
799 5165 878 5234 dedi
901 5169 938 5233 et
960 5164 1192 5234 mediatorem
1214 5139 1455 5246 nobisposuit
1477 5160 1665 5248 gregorius
1688 5160 1866 5247 presbiter
1892 5161 1989 5230 filius
2016 5163 2192 5250 quondam
2216 5165 2378 5255 iohanni3
2402 5173 2438 5238 et
2514 5128 2520 5138 ⁹

507 5285 510 5292 .
589 5339 654 5408 per
673 5319 752 5406 ipsa
775 5317 909 5405 ‘guadia
932 5316 1104 5404 obligavit
1127 5335 1164 5384 se
1186 5321 1222 5383 et
1245 5332 1326 5382 suos
1348 5313 1482 5400 eredes,
1502 5318 1540 5382 ul
1555 5315 1585 5382 si
1602 5315 1722 5384 taliter
1739 5314 1859 5385 omnia
1875 5267 2119 5411 suprascripta
2141 5337 2204 5406 per
2227 5315 2446 5407 supradicto

590 5473 718 5542 ordine
741 5471 786 5542 ad
808 5488 895 5560 pars
920 5469 1032 5557 ipsius
1055 5467 1200 5536 ecclesie
1224 5485 1296 5535 non
1320 5466 1569 5552 adimpleberit
1592 5470 1628 5534 et
1658 5431 1707 5535 de¹
1730 5472 1974 5556 suprascripta
1996 5469 2126 5558 aliquit
2153 5463 2436 5562 contradis'serit,
2486 5513 2488 5518 ·

592 5643 656 5716 per
681 5619 758 5714 ips'a
782 5625 916 5712 guadia
939 5642 1001 5710 per
1019 5626 1112 5692 bona
1128 5619 1390 5690 combenientia
1412 5636 1620 5706 componore
1642 5621 1815 5709 obligavit
1828 5643 1866 5693 se
1881 5627 1916 5693 et
1930 5641 2013 5726 suos
2028 5623 2148 5693 erodes
2163 5625 2207 5694 ad
2222 5645 2307 5712 pars
2324 5626 2436 5716 ipsius

591 5781 738 5850 ecclesie
761 5779 890 5867 biginti
914 5779 994 5847 auri
1019 5778 1120 5848 solidi
1145 5777 1386 5853 constantini,
1414 5774 1507 5862 quod
1529 5774 1655 5862 scripsi
1678 5795 1743 5864 ego
1766 5775 1952 5863 iaquintus
1974 5767 2149 5848 notarius.
2177 5782 2433 5874 ‘verumtamen
