5408 7108
637 491 708 564 230
1269 496 1445 570 OODEX
1480 497 1747 573 CAVENSlS

590 717 662 806 ipsi
684 722 809 805 petrus
831 725 868 788 et
891 738 1009 807 ursus,
1026 727 1062 789 et
1078 721 1310 790 mediatorem
1333 725 1421 792 mibi
1447 734 1642 810 posuerunt
1665 726 1839 798 iohannes
1861 725 2042 796 castaldus
2066 726 2162 796 filius
2185 727 2361 813 quondam
2376 726 2443 796 de·

591 871 729 959 siderii3
754 880 791 941 et
815 892 878 959 per
902 875 980 959 ipsa
1002 872 1137 960 guadio
1163 874 1416 961 obligaberunt
1433 895 1470 944 se
1487 880 1574 963 ipsis
1597 879 1838 966 prenominati
1861 886 1897 950 et
1918 899 2040 948 eorum
2056 880 2236 965 eredibuS,
2255 884 2296 948 ut
2310 879 2341 946 si
2359 897 2435 947 om·

592 1026 655 1092 nia
679 1042 750 1092 non
776 969 1052 1113 adimpleberint
1075 1030 1112 1094 in
1137 1035 1239 1115 parte
1262 1030 1411 1116 predicti
1436 1033 1645 1100 monasterii
1661 1038 1697 1100 et
1713 1033 1841 1120 aliquit
1864 1033 1947 1101 inde
1971 1033 2270 1119 contradixerint,
2294 1051 2357 1120 per
2379 1049 2443 1100 su·

591 1178 756 1263 pradicta
778 1178 912 1264 guadia
934 1179 1186 1266 obligaberunt
1209 1181 1335 1267 seipsis
1358 1187 1479 1268 petrus
1502 1189 1538 1250 et
1565 1201 1669 1250 ursus
1684 1193 1856 1252 eteorum
1874 1184 1996 1252 eredes
2014 1187 2052 1249 in
2068 1189 2172 1270 parte
2196 1183 2347 1270 predicti
2366 1201 2440 1251 mo-

593 1330 746 1399 nasterii
771 1330 901 1417 viginti
919 1332 998 1399 auri
1016 1331 1145 1400 solidos
1162 1337 1485 1402 constantinianus
1502 1341 1537 1404 st
1551 1338 1617 1404 hoc
1633 1355 1885 1425 memoramus,
1904 1339 1992 1424 quia
2009 1338 2088 1424 ipsa
2103 1337 2295 1406 traditione
2311 1355 2434 1404 eorum

589 1478 741 1546 tradidit
764 1499 875 1568 usque
899 1482 1034 1549 duobus
1058 1485 1145 1550 anni
1171 1483 1332 1570 completi
1361 1486 1395 1551 in
1421 1487 1624 1572 supradicto
1642 1490 1757 1556 tinore
1773 1491 1811 1557 ct
1828 1488 1928 1556 modo
1943 1487 2117 1556 dederunt
2132 1488 2233 1555 nobis
2250 1488 2332 1555 inde
2351 1506 2443 1560 ,cen-

586 1653 664 1722 sum
688 1633 839 1720 predicti
866 1635 996 1722 viginti
1019 1639 1097 1704 octo
1121 1637 1200 1704 auri
1227 1637 1298 1704 tari
1321 1640 1405 1704 boni
1429 1642 1532 1708 etad
1556 1651 1694 1728 ternpus
1720 1643 1763 1712 da
1786 1643 1990 1729 supradicto
2014 1660 2133 1710 mense
2150 1641 2281 1710 martio
2303 1641 2443 1710 debunt

584 1788 670 1857 dare
696 1788 734 1855 in
757 1794 859 1875 parte
883 1789 1031 1875 predicti
1057 1793 1261 1860 monasterii
1286 1792 1417 1878 viginti
1442 1801 1520 1861 octo
1543 1795 1624 1864 auri
1651 1797 1719 1864 tari
1745 1797 1842 1882 boni,
1866 1796 1958 1884 quod
1982 1795 2108 1883 scripsi
2137 1812 2204 1883 ego
2226 1794 2289 1881 qui
2325 1812 2439 1880 supra

585 1941 763 2008 iohannes
785 1941 916 2008 scriba.

636 2065 666 2180 †
691 2095 766 2181 Ego
790 2094 953 2163 alderissi
978 2097 1141 2162 notarius
1165 2114 1220 2162 me
1244 2097 1434 2164 subscribsi

634 2217 664 2334 †
698 2249 771 2334 Ego
794 2247 958 2316 alderissi
983 2251 1147 2317 notarius
1170 2268 1225 2317 me
1248 2251 1455 2338 subscripsi.

1420 2873 1627 2954 MXIX-

1361 3167 1418 3242 A.
1447 3169 1501 3241 D.
1530 3169 1661 3246 1043.

629 3423 659 3538 †
686 3453 724 3519 ln
748 3455 892 3522 nomine
915 3453 1048 3532 domini
1073 3457 1254 3523 Vicesimo
1277 3458 1402 3542 quinto
1426 3475 1520 3526 anno
1544 3460 1768 3560 principatus
1791 3459 1924 3528 salerni
1950 3459 2069 3527 domni
2099 3457 2211 3526 nostri
2235 3455 2436 3526 Guaimarii

579 3604 728 3694 gloriosi
743 3607 926 3695 principiS,
936 3613 971 3676 et
985 3611 1110 3696 quinto
1124 3627 1219 3679 anno
1232 3613 1455 3698 principatus
1467 3612 1545 3679 eins
1557 3612 1731 3697 Capue,et
1743 3617 1870 3698 quarto
1883 3629 1978 3679 anno
1991 3611 2140 3679 ducatus
2155 3611 2251 3678 illius
2263 3610 2384 3679 amalll
2400 3615 2438 3678 et

584 3791 746 3878 sirrenti,
762 3811 868 3877 quam
881 3798 916 3861 et
928 3794 1042 3878 primo
1057 3813 1153 3863 anno
1170 3795 1317 3863 istorum
1333 3795 1603 3881 principatuum
1617 3801 1652 3863 et
1664 3794 1857 3863 ducatuum
1872 3795 1991 3862 domni
2006 3795 2127 3880 gisulfi
2142 3797 2221 3863 eius
2233 3793 2298 3861 filii
2311 3791 2435 3862 eximii

583 3944 761 4034 principis
776 3949 811 4013 et
827 3944 922 4032 duci,
936 3963 1002 4014 nec
1014 3963 1086 4012 non
1097 3951 1133 4014 et
1144 3947 1258 4033 primo
1278 3947 1419 4014 illorum
1436 3965 1531 4016 anno
1546 3947 1712 4016 ducatum
1729 3947 1847 4033 apulie
1863 3953 1899 4016 et
1917 3946 2084 4031 calabrie,
2101 3962 2222 4012 mense
2238 3942 2435 4020 februario,

579 4097 772 4168 undecima
790 4097 997 4166 indictione.
1015 4101 1084 4166 Nos
1099 4098 1242 4168 alfanus
1257 4099 1351 4166 lilius
1366 4100 1543 4185 quondam
1568 4098 1731 4185 iohanni,
1750 4105 1786 4167 et
1804 4103 1926 4184 petrus
1950 4097 2041 4167 filius
2063 4096 2239 4184 quondam
2263 4096 2372 4183 petri,
2396 4099 2432 4163 ct

579 4251 753 4319 iohannes
766 4249 861 4316 illius
872 4250 1049 4334 quondam
1062 4251 1270 4336 iohanni,et
1286 4251 1357 4317 riso
1371 4251 1465 4319 filius
1478 4253 1654 4338 quondam
1669 4251 1779 4338 sergii
1792 4252 1945 4338 porcarii
1955 4249 2205 4319 Olarelacimus
2217 4265 2338 4316 omnes
2351 4265 2432 4334 prc-

577 4401 767 4478 nominati,
786 4403 955 4488 quoniam
973 4403 1073 4470 nobis
1095 4409 1149 4471 est
1167 4405 1369 4488 pertinente
1393 4406 1500 4472 abere
1525 4409 1660 4472 terram
1686 4423 1764 4470 cum
1789 4421 1872 4472 casa
1895 4421 1964 4488 que
1987 4407 2042 4470 est
2056 4421 2137 4469 cum
2154 4401 2427 4470 fundamentum

578 4557 621 4626 de
640 4556 771 4644 parieti
796 4557 920 4626 fabrili
944 4575 1007 4645 per
1031 4575 1072 4626 as
1094 4555 1184 4626 fines
1206 4572 1242 4625 et
1266 4559 1491 4643 mensurias3
1518 4556 1561 4625 de
1585 4557 1708 4625 subter
1725 4559 1827 4639 parte
1845 4555 1916 4622 fine
1934 4557 2032 4622 terra
2048 4572 2129 4620 cum
2146 4570 2230 4621 casa
2246 4551 2289 4618 de
2305 4549 2431 4618 eredes

551 4763 555 4770 .
578 4710 785 4780 cunimundi
804 4713 1005 4800 presbiteri,
1020 4713 1082 4798 qui
1098 4715 1151 4780 cst
1168 4713 1366 4778 consortem
1381 4714 1542 4779 nostrum
1560 4710 1598 4776 in
1615 4711 1684 4778 ista
1701 4729 1785 4780 casa
1802 4715 1839 4780 ct
1855 4715 1951 4778 terra
1966 4727 2049 4778 cum
2067 4727 2152 4777 casa
2169 4705 2213 4775 de
2229 4705 2294 4774 alii
2312 4705 2425 4772 bomi-

582 4864 690 4932 nibus
704 4884 713 4951 ;
738 4864 781 4931 de
804 4883 910 4950 super
933 4865 1005 4932 fine
1020 4867 1079 4932 via
1094 4870 1130 4932 et
1146 4864 1216 4931 fine
1238 4871 1336 4933 terra
1358 4881 1440 4930 cum
1455 4882 1539 4932 casa
1555 4861 1598 4930 de
1614 4863 1828 4930 monasterio
1845 4867 1968 4930 sancto
1984 4860 2092 4946 sofie3
2111 4859 2204 4928 etde
2222 4874 2293 4925 uno
2309 4856 2428 4942 capito

583 5021 654 5086 fine
680 5019 739 5086 via
762 5024 799 5086 et
821 5019 864 5085 dc
888 5017 959 5087 alio
981 5019 1098 5104 capite
1122 5015 1192 5085 line
1214 5015 1328 5103 ipsius
1351 5017 1583 5103 monasterii,
1606 5021 1700 5084 sicut
1722 5015 1857 5102 pariete
1883 5012 2069 5081 discernit.
2096 5011 2158 5077 Est
2182 5010 2220 5074 in
2244 5003 2431 5091 longitudo

577 5171 683 5257 pedes
700 5171 830 5258 viginti
848 5170 1038 5257 quadtuor,
1055 5175 1090 5238 et
1106 5171 1144 5237 in
1162 5188 1231 5237 uno
1246 5171 1363 5256 capite
1375 5171 1459 5238 abet
1474 5171 1578 5255 pedes
1595 5169 1737 5257 viginti,
1751 5175 1787 5237 et
1800 5171 1837 5234 in
1850 5167 1920 5237 alio
1934 5183 2026 5253 capu
2040 5166 2124 5232 abet
2138 5159 2242 5249 pedes
2257 5159 2378 5226 decom
2393 5161 2429 5223 et

577 5327 702 5395 nobem
718 5326 763 5396 ad
780 5326 870 5392 iusto
882 5325 969 5412 pede
985 5343 1095 5393 manu
1107 5324 1244 5392 homini
1265 5327 1519 5392 mensuratum.
1538 5322 1636 5392 Infra
1648 5321 1804 5409 predicte
1818 5318 1902 5385 linis
1915 5321 1951 5385 et
1964 5315 2143 5413 mensuris
2155 5315 2209 5380 est
2223 5309 2424 5396 pertinente

577 5481 681 5547 nobis
705 5480 767 5564 qui
791 5497 900 5566 supra
922 5478 1050 5566 allani,
1074 5483 1109 5546 et
1131 5478 1237 5566 petri,
1261 5483 1297 5546 et
1321 5477 1471 5545 iohanni
1497 5474 1625 5543 inclita
1642 5493 1713 5544 una
1729 5475 1860 5559 quarta
1875 5487 1957 5556 pars
1973 5469 2016 5536 de
2035 5471 2110 5535 tota
2128 5466 2206 5551 ipsa
2229 5467 2328 5532 terra
2347 5475 2426 5528 cum

576 5647 662 5699 casa
684 5635 719 5698 et
744 5631 830 5696 mihi
855 5632 917 5717 qui
940 5648 1049 5716 supra
1074 5629 1137 5696 risi
1160 5635 1214 5696 est
1237 5627 1319 5696 inde
1343 5628 1547 5714 pertinente
1572 5626 1677 5713 pedes
1702 5629 1776 5726 tres
1798 5625 1840 5690 de
1865 5621 2016 5690 latitudo
2038 5619 2081 5687 de
2099 5619 2220 5685 subter
2237 5619 2273 5682 et
2298 5614 2342 5680 de
2357 5629 2419 5678 su·

580 5799 644 5867 per
667 5786 704 5848 et
726 5777 770 5850 de
795 5780 992 5868 longitudo,
1015 5785 1153 5867 quantu
1176 5779 1254 5865 ipsa
1284 5795 1369 5847 casa
1391 5783 1444 5846 est
1466 5797 1529 5864 per
1556 5773 1723 5846 latitudo.
1743 5775 1786 5842 Et
1803 5774 1892 5860 ideo,
1915 5774 2009 5840 sicut
2026 5773 2128 5838 nobis
2151 5773 2216 5837 toti
2245 5763 2426 5852 prenomi-
