5456 7096
615 509 660 582 ro
1136 457 1138 460 ⁵
1262 515 1441 592 oonux
1479 519 1747 596 61161616

566 733 719 806 61611666
741 741 778 806 61
800 741 926 829 61166,
951 746 1088 813 611616
1111 742 1318 831 6661611616
1340 745 1523 814 mensoria
1547 745 1589 815 de
1614 746 1691 834 ipsa
1715 750 1812 818 terra
1835 767 1916 817 oum
1940 767 2025 819 6666
2050 753 2087 819 61
2115 749 2193 836 1666
2223 750 2410 820 mensuria

566 891 610 962 16
635 892 711 979 1666
734 893 922 964 mineaneo
944 913 1049 982 super
1074 893 1149 981 ipso
1172 894 1335 964 anditum
1359 902 1396 966 et
1419 899 1497 986 1666
1520 899 1652 970 6661616
1675 921 1738 989 661
1762 903 1839 990 1666
1863 903 2070 989 mensoria,
2088 922 2159 989 que
2175 903 2291 988 666116
2306 907 2361 972 661
2376 905 2413 975 in
2475 911 2477 914 ’

569 1046 646 1132 1666
668 1046 845 1136 anditum,
869 1054 905 1118 et
929 1049 1007 1136 ipsa
1030 1051 1212 1120 mensuria
1235 1051 1278 1120 de
1302 1055 1379 1140 ipso
1395 1053 1614 1143 sericidium,
1632 1075 1701 1143 que
1717 1056 1924 1144 supradicta
1940 1055 2081 1126 cartula
2096 1056 2277 1144 continet,
2304 1055 2416 1144 ipsius

566 1199 741 1270 aldemari
766 1205 956 1291 presbiteri
980 1209 1016 1274 et
1038 1206 1160 1275 abbati
1186 1225 1261 1276 esse
1283 1210 1503 1293 pertinentes
1525 1215 1562 1275 61
1589 1209 1688 1276 66116
1711 1209 1850 1276 modum
1876 1211 2058 1296 cumipse
2082 1210 2258 1280 aldemari
2282 1213 2414 1300 abbas,

567 1355 619 1426 vel
654 1377 736 1425 cum
771 1357 848 1426 eius
882 1358 1015 1446 eredes,
1050 1359 1180 1428 exinde
1214 1379 1362 1430 causare
1396 1366 1459 1431 aut
1488 1362 1702 1431 contendere
1726 1369 1845 1448 potere
1870 1380 1953 1448 pars
1978 1364 2091 1448 ipsius
2114 1362 2262 1431 ecclesie
2287 1365 2404 1433 666611

564 1510 730 1600 maximi,
755 1531 870 1600 neque
892 1534 956 1602 per
978 1519 1099 1604 testes,
1126 1533 1243 1603 neque
1266 1536 1329 1604 661
1353 1517 1544 1602 monimen,
1563 1535 1628 1584 neo
1652 1535 1714 1602 per
1738 1514 1839 1582 nulla
1862 1533 2002 1602 quoque
2027 1493 2413 1606 16166161611666,’61

567 1669 667 1739 dedit
704 1670 799 1738 inter
834 1670 930 1760 11116,
956 1676 996 1739 ut
1019 1673 1155 1759 616616
1179 1673 1291 1758 ipsius
1314 1672 1463 1741 66616616
1486 1673 1602 1740 666611
1627 1668 1776 1748 maximi
1802 1669 1976 1740 lebaberit
2001 1671 2038 1737 in
2064 1669 2194 1740 solario
2218 1675 2291 1758 ipse
2315 1673 2411 1743 casis

567 1843 630 1894 sue
654 1823 707 1891 vel
732 1824 878 1911 exinde,
902 1829 1110 1913 potestatem
1134 1828 1265 1895 abeant
1287 1844 1393 1912 super
1419 1826 1493 1912 ipso
1516 1825 1677 1894 anditum
1703 1823 1740 1890 in
1765 1781 1879 1892 altum
1894 1843 1978 1910 pars
1996 1825 2108 1911 ipsius
2122 1825 2271 1895 66616616
2285 1825 2399 1896 666611

567 1983 719 2051 maximi
743 1982 971 2051 mineaneum
995 1980 1112 2050 166616
1135 1987 1170 2051 61
1194 1983 1300 2050 61616
1324 1997 1434 2067 usque
1458 1980 1502 2049 ad
1527 1981 1604 2066 ipsa
1627 1981 1808 2047 mensuria
1832 1977 1944 2065 ipsius
1975 1977 2145 2048 aldemari
2179 1987 2247 2065 q'ue
2286 1999 2412 2067 supra·

564 2135 663 2204 dicta
686 2152 751 2203 sua
774 2137 916 2205 cartula
939 2137 1108 2212 continet,
1134 2137 1170 2202 61
1193 2137 1398 2222 6616616166
1415 2137 1546 2204 616661
1561 2151 1645 2220 6616
1663 2133 1775 2219 166166
1791 2107 1940 2200 66616616
1956 2136 2071 2202 666611
2088 2133 2239 2203 maximi
2264 2134 2310 2202 da
2327 2136 2407 2222 ipsa

560 2287 695 2357 scalela
719 2289 832 2375 ipsius
855 2289 1027 2359 aldemari
1052 2289 1171 2357 abbati
1196 2287 1234 2353 in
1258 2291 1360 2374 66616
1383 2288 1419 2354 16
1446 2289 1519 2374 1666
1543 2287 1704 2356 anditum
1727 2305 1816 2374 erga
1833 2289 1904 2355 1166
1922 2287 2079 2374 predicte
2096 2288 2248 2358 ecclesie
2271 2289 2404 2358 scalela

563 2444 740 2532 lingnitia
764 2462 894 2532 ponere
917 2449 952 2513 et
975 2447 1082 2513 abere
1106 2463 1168 2530 per
1191 2443 1388 2531 mensurio,
1412 2444 1455 2512 de
1480 2443 1629 2513 latitudo
1653 2445 1731 2530 ipsa
1753 2443 1897 2531 scalela,
1914 2448 2091 2530 quantum
2110 2453 2165 2512 est
2182 2445 2260 2531 ipsa
2277 2443 2408 2514 scalela

563 2598 679 2685 ipsius
702 2599 887 2686 aldemari,
912 2619 980 2687 que
1003 2601 1082 2686 ipsa
1106 2619 1171 2668 sua
1195 2598 1334 2669 cartula
1358 2600 1529 2682 eontinet,
1553 2601 1596 2664 et·
1612 2597 1650 2664 in
1672 2598 1748 2683 ipso
1764 2597 1927 2666 anditum
1944 2603 2007 2666 aut
2024 2615 2129 2684 66661
2147 2599 2222 2684 ipso
2239 2597 2400 2666 anditum

561 2752 655 2821 aliut
678 2752 858 2820 edificium
882 2772 964 2822 vero
987 2753 1135 2840 1661661,
1159 2756 1222 2823 661
1245 2754 1378 2821 616661
1401 2771 1462 2837 661
1486 2757 1605 2836 661166
1631 2751 1713 2818 1616
1736 2749 1905 2820 661161116
1926 2749 1969 2819 16
1985 2751 2059 2838 1666
2075 2751 2168 2819 66616
2192 2771 2255 2839 661
2279 2756 2403 2839 661166

559 2907 760 2976 6661166166
784 2909 822 2975 16
846 2911 921 2995 1666
944 2909 1120 2997 anditum,
1145 2914 1181 2976 et
1203 2905 1298 2974 omni
1323 2913 1479 2994 tempore
1504 2907 1578 2992 ipso
1603 2905 1763 2974 anditum
1790 2904 1883 2972 inter
1914 2904 1986 2972 illis
2010 2923 2194 2973 commune
2218 2907 2316 2986 siant
2336 2927 2347 2992 ;
2371 2911 2407 2976 61

558 3081 621 3149 661
645 3064 739 3131 1666
763 3062 1023 3132 combenientia
1047 3065 1122 3149 1666
1145 3062 1248 3132 611611
1273 3061 1422 3130 61611666
1445 3066 1481 3128 61
1503 3063 1612 3130 61166
1636 3060 1771 3148 guadia
1794 3061 1892 3130 dedit
1915 3063 2028 3146 ipsius
2060 3062 2231 3131 aldemari
2270 3063 2399 3150 presbi-

559 3217 625 3283 teri
652 3219 688 3283 et
712 3217 849 3302 abbati,
873 3220 908 3284 et
932 3216 1163 3284 mediatorem
1186 3218 1238 3284 eis
1262 3217 1378 3302 posuit
1401 3213 1493 3282 mari
1518 3213 1632 3281 filium
1648 3214 1826 3299 quondam
1843 3214 2018 3301 ferrandi3
2036 3221 2071 3284 et
2090 3236 2152 3303 per
2169 3219 2246 3304 ipsa
2261 3217 2397 3305 guadio

555 3372 590 3438 et
608 3388 671 3456 661
689 3369 766 3456 1666
781 3371 1042 3439 combenientia
1058 3371 1216 3457 obligabi
1234 3387 1270 3436 se
1287 3371 1362 3456 ipse
1379 3368 1481 3437 alleri
1498 3369 1648 3436 clericus
1668 3373 1704 3436 61
1720 3371 1843 3456 61166,
1860 3372 1896 3436 61
1913 3388 1993 3440 6666
2008 3389 2241 3459 successores,
2260 3377 2296 3441 et
2316 3390 2403 3459 pars

555 3525 664 3612 ipsius
686 3483 834 3594 ecclesia
858 3525 973 3594 666611
998 3523 1148 3594 maximi
1174 3525 1211 3592 in
1237 3524 1482 3611 suprascripta
1505 3521 1769 3592 combenientia
1800 3521 1953 3592 firmiter
1986 3540 2058 3591 non
2093 3515 2335 3612 permanserit
2369 3533 2405 3596 et

553 3682 697 3768 aliquit,
720 3679 762 3746 de
785 3683 959 3766 qnantum
983 3677 1149 3765 superius
1173 3677 1318 3766 legitur,
1343 3665 1524 3746 remobere
1547 3682 1612 3747 aut
1629 3684 1796 3747 66611616
1814 3679 2002 3766 quesierit,
2021 3685 2085 3749 aut
2101 3681 2130 3748 61
2156 3681 2406 3770 quodcumque

555 3831 782 3900 causationes
806 3829 888 3896 inde
912 3830 1145 3918 preposuerit,
1169 3851 1233 3917 661
1256 3832 1334 3917 1666
1357 3831 1491 3918 guadia
1514 3850 1575 3917 per
1599 3833 1690 3900 bona
1719 3831 1979 3901 combenientia
1994 3851 2204 3920 componere
2227 3835 2404 3922 obligavit

554 4003 591 4052 66
614 3985 689 4072 1666
712 3985 812 4054 611611
837 3984 986 4052 61611666
1009 3989 1044 4054 61
1066 3986 1175 4054 61166
1197 3993 1232 4056 61
1254 4005 1336 4054 6666
1359 4003 1570 4072 6666666166,
1595 3989 1630 4053 61
1653 4003 1735 4072 6616
1761 3985 1872 4072 166166
1895 3986 2043 4055 ecclesia
2076 3988 2193 4056 666611
2230 3991 2400 4074 maximi,

553 4141 667 4227 ipsius
689 4137 862 4209 aldemari
884 4141 1072 4227 presbiteri
1100 4146 1136 4209 et
1160 4143 1283 4210 abbati
1306 4145 1342 4208 61
1371 4140 1417 4208 61
1433 4143 1510 4208 6166
1526 4141 1647 4209 616166
1664 4145 1805 4208 centum
1824 4141 1905 4210 auri
1929 4141 2056 4211 solidos
2079 4145 2338 4212 constantines.
2364 4151 2402 4214 61

555 4311 618 4380 616
636 4300 736 4380 66116
753 4296 865 4381 166166
881 4295 1052 4364 aldemari
1067 4295 1253 4382 presbiteri
1270 4297 1306 4363 et
1322 4296 1432 4364 abbas
1448 4297 1600 4395 scrivere
1616 4295 1763 4364 fecimus
1782 4298 1816 4364 te
1832 4296 1986 4365 esdictus
2009 4297 2194 4406 iaquintus
2220 4299 2393 4368 notarius.

597 4419 627 4536 †
652 4448 727 4534 Ego
751 4448 813 4535 qui
839 4468 949 4536 supra
971 4451 1112 4519 amatus
1134 4447 1254 4516 iudex.

1265 4705 1691 4722 ——un-——n—-u—

1371 4971 1595 5054 CMXV.

1326 5271 1383 5346 A.
1411 5270 1467 5343 D.
1496 5270 1624 5348 1037.

514 5568 516 5576 1
591 5529 848 5596 Sumntariume

559 5707 560 5710 ¹
594 5633 887 5772 †Decimonono
911 5703 1005 5754 6666
1029 5687 1253 5773 principatus
1276 5685 1501 5774 Guaimarii,
1526 5686 1591 5756 lilii
1615 5689 1791 5776 quondam
1816 5690 1935 5776 domni
1971 5689 2168 5761 Guaimarii
2192 5691 2399 5778 principis,

543 5855 664 5908 mense
687 5841 792 5927 Maio,
819 5843 949 5927 quinta
972 5841 1178 5913 Indictione.
