5408 7108
1008 517 1462 594 DIPLOMATICUS
2043 515 2116 591 277

310 737 356 806 de
380 739 437 807 vie
461 759 549 829 sue,
572 741 617 812 ad
641 746 814 812 securiter
837 751 873 814 et
895 746 1048 814 firmiter
1071 765 1155 833 pars
1179 748 1335 834 partium
1360 765 1424 815 nos
1453 753 1490 817 et
1517 749 1648 817 nostris
1670 745 1859 816 heredibus
1884 747 1981 813 omni
2006 747 2165 833 temporo

312 897 558 982 unusquisque
581 915 643 965 seu
666 900 880 969 sortionibus
903 901 1093 987 abendam,
1118 891 1319 970 faciendum
1342 899 1474 970 exinde
1490 899 1735 988 unusquisque
1752 900 1796 968 de
1812 918 1877 968 sua
1894 899 2051 967 sortione
2069 898 2163 984 quod

308 1046 477 1135 voluerit,
501 1051 537 1116 et
560 1067 623 1137 per
647 1050 757 1119 nullis
780 1052 892 1120 modis
915 1071 1107 1141 queramus
1131 1053 1211 1122 illut
1234 1053 1328 1122 inter
1354 1072 1419 1122 nos
1448 1070 1631 1123 removero
1659 1058 1723 1122 aut
1753 1059 1930 1123 contrare.
1956 1053 2055 1121 Etsi
2079 1051 2163 1120 illut

311 1217 491 1269 removere
515 1207 579 1272 aut
602 1209 767 1275 contrare
790 1209 1037 1296 quesierimus,
1063 1207 1118 1276 vcl
1143 1208 1173 1274 si
1199 1224 1305 1294 super
1328 1207 1433 1275 sortis
1457 1209 1531 1293 ipso
1555 1205 1648 1275 malo
1670 1177 1821 1274 liordine
1845 1205 1899 1273 ire
1924 1207 2162 1293 presumseri-

308 1373 406 1443 mus,
429 1376 491 1443 per
515 1359 608 1428 bona
631 1361 884 1429 convenientia
907 1361 1082 1450 obligabit
1104 1381 1141 1430 se
1165 1361 1228 1431 illa
1251 1380 1348 1449 pare,
1372 1361 1433 1448 qui
1459 1379 1519 1429 eos
1541 1379 1722 1430 removere
1745 1368 1810 1466 aut
1833 1366 1999 1430 contrare
2023 1361 2183 1466 quesie-¹

311 1509 400 1596 rint,
426 1508 472 1578 ad
496 1513 775 1599 componendum
798 1513 843 1584 ad
868 1515 931 1583 illa
955 1533 1130 1601 parsque
1154 1514 1192 1582 in
1217 1513 1461 1602 suprascripta
1485 1513 1658 1582 divisione
1683 1517 1931 1602 permanserit,
1958 1519 1995 1584 et
2016 1513 2062 1584 ad
2085 1513 2164 1582 eius

308 1664 475 1751 beredeS,
500 1666 768 1756 quinquaginta
792 1670 893 1736 aurei
918 1667 1045 1735 solidos
1069 1669 1388 1753 constantinianos,
1405 1671 1441 1734 et
1468 1668 1505 1733 in
1530 1669 1772 1753 suprascripta
1796 1684 2006 1753 permanere
2030 1669 2065 1734 et
2088 1683 2164 1732 om-

312 1822 376 1887 nia
401 1820 610 1908 adimplere,
635 1821 728 1890 sicut
749 1822 913 1909 superius
937 1821 1091 1909 legitur:
1116 1827 1254 1891 tantum
1279 1821 1321 1889 de
1345 1820 1548 1907 supradicte
1571 1819 1804 1904 sortionibus,
1823 1819 1916 1904 quod
1939 1819 2105 1904 superius
2120 1817 2160 1885 in

311 1979 443 2040 sortem
469 1979 783 2059 compreenserunt
806 1975 881 2060 ipse
904 1974 1101 2061 sororibus,
1124 1979 1349 2060 sceptuamus
1372 1973 1503 2042 exinde
1526 1977 1692 2059 quartam
1717 1970 1862 2038 mulieri
1886 1973 2029 2038 nomine
2046 1970 2166 2038 blacta

307 2126 489 2212 genitrice
513 2128 664 2196 istarum
689 2129 869 2196 sororibus
892 2147 962 2214 que
985 2129 1053 2195 fuit
1077 2148 1167 2197 uxor
1190 2126 1387 2212 supradicti
1411 2125 1593 2212 deusdedi,
1611 2125 1705 2211 quod
1731 2143 1792 2211 per
1815 2127 1920 2193 firma
1944 2123 2085 2192 cartula
2102 2144 2166 2211 pa-

312 2287 428 2349 ratam
453 2282 566 2348 habeo
588 2282 635 2349 da
660 2280 739 2368 ipsa
763 2281 907 2370 blacta,
932 2284 1025 2350 siout
1049 2283 1126 2368 ipsa
1149 2301 1229 2351 mea
1252 2283 1394 2352 cartula
1417 2283 1589 2351 continet.
1615 2286 1654 2350 In
1678 2301 1718 2351 eo
1742 2284 1917 2368 hordine,
1943 2283 1988 2351 ud
2015 2284 2089 2370 ipso
2111 2301 2166 2351 so-

307 2437 449 2502 roribus
473 2435 623 2521 plicaret
645 2454 682 2503 se
706 2455 785 2504 cum
809 2455 875 2505 sua
900 2439 1063 2522 ratione,
1088 2441 1123 2503 et
1146 2453 1211 2522 ego
1235 2454 1314 2502 cum
1340 2455 1418 2504 mea
1441 2439 1596 2522 ratione,
1613 2441 1650 2503 et
1673 2435 1866 2504 secundum
1891 2435 2005 2522 legem
2023 2435 2067 2504 de
2081 2437 2161 2523 ipsa

306 2596 440 2674 quarta
464 2593 568 2674 parte
589 2589 746 2674 predicte
773 2589 888 2658 blacte
912 2590 955 2656 de
979 2592 1084 2656 rebus
1114 2591 1312 2675 supradicti
1343 2589 1509 2658 deusdedi
1543 2592 1612 2658 viri
1642 2593 1698 2658 sui
1728 2559 1858 2658 exinde
1889 2592 1996 2657 llnem
2030 2589 2163 2658 facere.

307 2742 408 2811 Unde
431 2743 474 2810 de
498 2745 621 2810 omnia
644 2744 888 2829 suprascripta
912 2746 1006 2812 inter
1031 2761 1095 2809 nos
1119 2742 1383 2829 adimplendum
1409 2763 1471 2829 per
1494 2747 1586 2811 bona
1609 2744 1859 2812 convenientia
1883 2745 2017 2831 guadio
2041 2743 2167 2812 demus

308 2895 505 2982 internos,
532 2896 664 2963 exinde
689 2899 762 2983 ipse
785 2895 998 2962 mulieribus
1022 2903 1216 2980 posuerunt
1238 2895 1320 2962 inde
1344 2895 1452 2962 michi
1480 2895 1691 2962 mediatores
1717 2901 1838 2981 petrus
1861 2896 1959 2963 'iilius
1984 2897 2163 2983 quondam

308 3047 455 3118 iohanni
480 3049 541 3136 qui
566 3051 706 3118 vocavit
730 3049 867 3136 iastiju,
892 3053 927 3117 et
951 3056 1072 3136 petrus
1096 3049 1192 3114 illius
1215 3047 1392 3134 quondam
1418 3047 1579 3114 ursandi.
1607 3049 1652 3114 Et
1676 3066 1742 3133 ego
1766 3049 1937 3116 similiter
1967 3052 2070 3116 ambo
2095 3051 2167 3135 ipsi

309 3209 430 3290 petrus
453 3205 571 3288 posuit
592 3157 719 3269 earum
742 3201 985 3268 mediatorem.
1012 3203 1056 3267 Et
1082 3221 1149 3268 unc
1173 3203 1316 3268 brebem
1340 3202 1466 3287 scripsi
1491 3217 1557 3286 ego
1582 3201 1741 3268 ademari
1768 3203 1931 3269 notarius
1957 3201 2019 3288 qui
2055 3205 2170 3270 inter-

309 3355 375 3422 fui.
400 3356 661 3423 Verumtamen
684 3353 831 3422 homnia
855 3354 1101 3439 suprascripta
1125 3355 1200 3438 ipse
1223 3352 1433 3422 mulieribus
1458 3353 1644 3440 lecerunt,
1669 3357 1746 3440 ipsa
1776 3355 1859 3423 viba
1883 3373 1954 3422 una
1980 3374 2060 3422 cum
2086 3357 2166 3440 ipso

309 3509 385 3575 viro
408 3526 484 3594 suc,
509 3509 547 3573 in
571 3507 675 3574 cuius
698 3507 883 3573 mundium
908 3521 945 3572 se
967 3505 1106 3574 dicebat
1129 3525 1228 3592 esse,
1252 3512 1288 3574 et
1314 3507 1391 3592 ipsa
1418 3523 1568 3592 porpora
1594 3523 1667 3572 una
1698 3525 1779 3572 cum
1804 3509 1878 3592 ipsc
1909 3509 2097 3595 filiosuo,
2126 3511 2165 3575 in

304 3659 413 3729 cuius
437 3660 622 3730 mundium
647 3677 683 3726 se
707 3659 847 3728 dicebat
869 3677 955 3727 esse.
981 3662 1026 3726 Et
1049 3678 1114 3747 ego
1137 3661 1301 3746 superius
1325 3659 1441 3727 dictus
1472 3658 1633 3727 ademari
1670 3662 1832 3728 notarius
1865 3661 2058 3729 subiunsit.
2086 3663 2166 3749 Ego

306 3821 373 3903 qui
397 3836 506 3902 supra
531 3821 652 3902 petrus
675 3815 795 3882 iudex.
812 3815 887 3902 Ego
911 3814 1050 3882 cicerus
1074 3816 1234 3880 notarius
1251 3833 1305 3880 me
1322 3813 1530 3900 subscripsi.
1550 3815 1625 3900 Ego
1641 3813 1813 3881 iohannes
1831 3815 1992 3882 notarius
2008 3833 2064 3882 me
2082 3815 2166 3882 sub-

305 3973 448 4060 scripsi.
467 3972 551 4038 Gum
570 3975 690 4039 autem
716 3971 856 4039 cartula
879 3971 957 4056 ipsa
981 3971 1072 4038 lecta
1096 3970 1187 4045 fuit.
1213 3969 1307 4034 sicut
1337 3968 1509 4034 convenit
1524 4017 1533 4052 ,
1564 3966 1659 4036 inter
1689 3970 1804 4054 ipsum
1833 3968 1944 4054 sergii
1978 3972 2014 4035 ct
2044 3967 2163 4052 ipsum

304 4144 533 4213 cennamum,
559 4111 729 4194 dixerunt
752 4128 936 4212 amboque,
962 4124 1009 4192 ud
1035 4125 1112 4208 ipsa
1136 4121 1275 4190 cartula
1298 4121 1484 4188 divisionis
1508 4122 1546 4188 in
1571 4121 1736 4189 omnibus
1761 4139 1830 4208 que
1855 4124 2036 4208 continet,
2062 4141 2169 4192 vera-

307 4299 384 4349 cem
408 4285 513 4365 esset,
538 4285 573 4347 et
596 4279 730 4346 nullam
755 4278 838 4345 inde
862 4278 1135 4362 contradiceret,
1161 4281 1196 4344 ct
1221 4296 1283 4362 per
1307 4275 1431 4344 eadem
1456 4276 1703 4342 convenientia
1720 4276 1857 4362 guadio
1874 4277 1971 4344 dedit
1989 4277 2063 4363 ipse
2083 4295 2167 4344 cen·

308 4453 436 4503 namus
460 4433 572 4520 ipsius
596 4433 706 4518 sergii
730 4437 766 4499 et
789 4431 1029 4498 fideiussorem
1052 4431 1084 4496 ei
1109 4431 1225 4515 posuit
1247 4432 1415 4516 seipsum.
1442 4431 1487 4497 Et
1510 4449 1572 4516 per
1596 4429 1673 4516 ipsa
1689 4431 1821 4516 guadia
1838 4431 2014 4518 obligavit
2031 4449 2069 4499 se
2087 4435 2165 4519 ipso

308 4605 504 4656 cennamus
528 4593 564 4655 et
587 4605 669 4654 suos
692 4586 857 4670 heredes,
882 4585 928 4652 ud
951 4589 979 4652 si
1006 4585 1198 4671 aliquando
1222 4589 1378 4669 tempore
1402 4585 1463 4651 ille
1489 4586 1543 4651 vel
1566 4602 1648 4650 suos
1672 4585 1819 4653 heredes
1835 4586 2082 4654 contradicere
2100 4585 2169 4654 ali-

302 4739 389 4828 quit
412 4740 454 4808 de
478 4746 652 4826 quantum
676 4742 836 4806 continet
859 4739 937 4824 ipsa
960 4741 1101 4806 cartula
1125 4740 1310 4806 divisionis
1335 4745 1370 4807 et
1396 4742 1431 4806 in
1459 4741 1579 4808 cornia
1604 4759 1675 4826 que
1700 4743 1885 4826 continet,
1911 4741 2066 4808 firmiter
2092 4757 2166 4806 non

310 4897 575 4986 permanserit,
601 4913 663 4980 per
687 4894 800 4979 ipsam
825 4892 994 4978 guadiam
1020 4911 1227 4978 componere
1253 4891 1430 4979 obligabit
1454 4913 1491 4960 se
1514 4899 1549 4961 et
1574 4912 1655 4960 suos
1678 4894 1827 4963 heredes
1857 4895 1902 4962 ad
1926 4897 2042 4980 ipsum
2066 4893 2163 4981 sergi

302 5051 412 5119 etad
437 5049 516 5116 eius
540 5047 701 5134 heredes,
726 5066 788 5114 seu
812 5048 869 5114 cui
894 5049 1063 5130 scripum
1097 5049 1163 5112 iste
1188 5047 1224 5110 in
1249 5065 1396 5114 manum
1421 5048 1610 5132 paruerit,
1635 5046 1900 5135 quinquaginta
1924 5051 2004 5118 auri
2032 5048 2164 5116 solidos

311 5201 638 5288 constantinianos,
662 5207 698 5268 et
719 5202 817 5267 omni
840 5205 998 5284 tempore
1021 5200 1171 5280 tirmiter
1197 5217 1404 5285 permanere
1433 5200 1469 5265 in
1493 5201 1740 5287 suprascripta
1765 5201 1965 5288 divisione,
1991 5220 2062 5289 que
2088 5207 2167 5270 tota

302 5357 475 5441 superius
491 5355 673 5424 declarata
696 5359 773 5442 est3
797 5359 833 5422 et
857 5354 916 5421 ubi
933 5359 988 5422 est
1012 5353 1251 5422 disturvatum
1277 5353 1363 5441 legit
1387 5353 1553 5421 deusdedi
1570 5357 1606 5421 et
1632 5355 1671 5421 in
1692 5403 1699 5419 .
1721 5403 1729 5419 .
1751 5403 1760 5420 .
1781 5355 1944 5443 virgulas
1962 5355 2050 5443 legit
2068 5375 2167 5424 mea.

303 5507 355 5574 Et
377 5506 500 5574 taliter
524 5525 588 5592 pro
611 5511 714 5594 parte
738 5507 851 5594 ipsius
874 5505 980 5590 sergii
1004 5508 1050 5572 Te
1075 5505 1325 5592 truppoaldum
1350 5506 1533 5577 notarium
1557 5510 1714 5576 scribere
1739 5511 1893 5596 precepi.

355 5631 390 5748 †
415 5661 491 5748 Ego
516 5663 574 5747 qui
602 5681 711 5748 supra
735 5662 938 5730 ademarius
961 5661 1082 5731 iudex.

991 5881 1418 5896 ψ
