5402 7088
1225 467 1405 541 OODEX
1443 468 1711 544 GAVENSlS

1364 873 1562 958 CMIV.

1298 1176 1356 1251 Α.
1384 1175 1439 1248 u.
1468 1173 1594 1250 1035.
1675 1111 1683 1126 ’
1809 1118 1816 1130 ’

576 1409 612 1549 †
637 1462 676 1527 ln
700 1463 845 1530 nomine
867 1461 1004 1530 domini
1030 1465 1155 1530 octabu
1180 1462 1314 1531 decimo
1350 1480 1446 1550 anno
1477 1461 1703 1564 principatus
1735 1461 1854 1529 domni
1878 1456 1989 1526 nostri
2022 1453 2203 1543 guaimari
2228 1450 2382 1540 glorioso

531 1616 711 1702 princeps,
728 1615 795 1682 filii
821 1614 998 1701 quondam
1025 1615 1144 1694 domni
1161 1615 1344 1702 guaimari
1363 1619 1550 1704 principis,
1568 1575 1690 1684 mense
1714 1616 1912 1700 december,
1930 1587 2063 1699 quarta
2087 1609 2293 1678 indictione.
2310 1625 2381 1678 me·
2489 1601 2495 1612 '

530 1767 768 1874 moratoripm
793 1769 889 1868 iactu
914 1767 1009 1839 ame
1028 1769 1262 1857 truppoaluus
1285 1770 1341 1836 dei
1366 1770 1488 1857 gratia
1511 1769 1651 1838 habbas
1672 1769 1790 1836 scriba
1813 1764 1939 1854 palatii
1965 1763 2113 1832 ecclesie
2129 1722 2251 1832 sancte
2266 1765 2380 1831 marie

527 1923 732 2010 pertinente
757 1923 962 2010 supradicto
987 1925 1138 2012 marigni
1170 1923 1325 2011 principi
1357 1929 1393 1990 et
1426 1922 1468 1989 de
1498 1921 1661 2008 germani
1692 1919 1768 1988 eius
1797 1923 1834 1988 et
1865 1919 1906 1986 de
1932 1919 2053 1986 eredes
2076 1916 2225 1985 iohanni
2260 1914 2380 1983 comiti

533 2078 608 2145 thio
633 2075 799 2164 illorum,
822 2094 863 2144 eo
886 2078 978 2164 quod
1003 2079 1102 2146 intus
1126 2097 1171 2146 an
1196 2075 1455 2145 salernitanam
1479 2075 1663 2142 civitatem
1687 2079 1771 2142 ante
1796 2069 1986 2156 subscripti
2001 2065 2128 2166 'idonei
2153 2043 2283 2156 testes,
2308 2087 2383 2136 uua

531 2205 671 2299 mecum
696 2231 821 2299 adesse
845 2231 1006 2300 ademari
1027 2232 1192 2300 notarius
1210 2211 1422 2298 adbocatore
1446 2227 1605 2294 eiusdem
1621 2225 1768 2294 ecclesie
1791 2224 1938 2312 tradidi,
1958 2225 2003 2291 ad
2029 2223 2221 2292 tenendum
2237 2228 2272 2290 et
2289 2224 2384 2290 labo-

530 2385 681 2454 randam
707 2405 780 2454 una
799 2385 965 2454 'clusoria
989 2386 1032 2454 de
1056 2391 1154 2455 terra
1180 2403 1262 2452 cum
1284 2385 1433 2452 arbusto
1457 2384 1630 2468 vitatum,
1661 2387 1696 2450 et
1721 2365 1854 2474 po'miS,
1879 2387 1915 2450 et
1938 2381 2125 2467 aliquante
2148 2379 2287 2467 quertie
2311 2379 2381 2447 cri-

434 2586 437 2592 .
530 2538 675 2624 scentii,
700 2541 763 2626 qui
788 2539 857 2608 suit
879 2541 921 2608 de
939 2560 1038 2608 roma
1055 2544 1091 2608 et
1107 2539 1209 2606 modo
1233 2543 1287 2606 est
1310 2538 1470 2606 avitante
1493 2536 1535 2603 de
1551 2535 1713 2622 predicta
1736 2535 1882 2602 civitate
1906 2533 2176 2620 salern0,.quod
2200 2551 2283 2619 pars
2301 2553 2379 2620 pre·

530 2691 625 2759 dicte
649 2690 795 2758 ecclesie
819 2695 902 2760 abet
929 2692 966 2758 in
993 2691 1103 2759 locum
1129 2690 1302 2759 liciniano
1333 2690 1465 2756 finibus
1497 2688 1742 2774 salernitane,
1773 2694 1809 2756 et
1839 2694 1891 2755 est
1923 2689 2000 2774 ipsa
2032 2687 2192 2756 clusuria
2222 2687 2264 2784 de
2306 2689 2384 2774 ipsa

530 2819 639 2911 rebus
662 2862 725 2929 per
751 2862 791 2911 ec
817 2842 900 2908 linis
924 2847 960 2909 et
983 2841 1188 2910 mensuria:
1221 2841 1264 2909 de
1287 2841 1404 2928 capite
1427 2842 1497 2909 line
1530 2843 1590 2909 bia
1620 2841 1682 2928 qui
1707 2842 1879 2910 discernit
1903 2841 1999 2908 inter
2023 2859 2063 2907 eo
2088 2840 2193 2906 rebus
2216 2843 2253 2906 et
2278 2841 2385 2907 rebus

529 2997 677 3065 ecclesie
702 2996 818 3066 sancti
844 2995 993 3066 eustasii
1017 2999 1187 3084 subgecta
1211 2967 1247 3064 et
1270 2999 1480 3084 pertinente
1503 2995 1660 3082 predicte
1683 2994 1831 3062 ecclesie
1863 2998 1986 3062 sancte
2015 2994 2143 3079 marie,
2170 2993 2252 3061 inde
2286 2993 2385 3081 passi

530 3151 736 3238 sexaginta:
763 3152 809 3219 ab
832 3151 973 3219 oriente
996 3152 1067 3218 fine
1084 3151 1144 3222 bia
1167 3169 1365 3238 commune,
1384 3150 1466 3217 inde
1489 3153 1583 3237 passi
1607 3135 1763 3220 centum:
1790 3171 1813 3219 a
1837 3147 1986 3216 meridie
2008 3147 2078 3214 fine
2105 3147 2225 3216 media
2252 3166 2335 3251 sepe
2350 3153 2387 3217 et

531 3304 699 3392 termiti,
730 3309 765 3372 et
791 3305 923 3374 abinde
948 3306 1151 3373 rebolbente
1176 3307 1213 3398 in
1239 3306 1316 3390 ipsa
1340 3323 1423 3390 pars
1448 3298 1596 3370 meridie
1620 3302 1700 3372 inde
1724 3303 1818 3390 passi
1845 3301 2078 3388 octuaginta,
2111 3302 2206 3369 sicut
2228 3321 2290 3387 per
2317 3304 2388 3370 ista

532 3463 634 3543 parte
659 3456 774 3528 media
790 3477 871 3545 sepe
897 3459 1082 3546 discernit,
1100 3463 1136 3525 et
1153 3459 1282 3526 abinde
1300 3456 1501 3524 rebolb'ente
1519 3457 1555 3522 in
1574 3461 1676 3541 parte
1684 3455 1901 3562 occidentis,
1919 3456 2014 3521 sicut
2031 3455 2145 3522 medio
2171 3455 2388 3524 carbonario

435 3644 446 3661 ·
530 3611 723 3697 discernit,
750 3612 832 3678 inde
856 3613 951 3698 passi
975 3609 1128 3698 triginta
1152 3615 1268 3696 septe,
1301 3611 1394 3680 siout
1418 3607 1541 3706 aliqua
1572 3614 1672 3695 parte
1705 3607 1788 3676 linis
1812 3607 1924 3694 ipsius
1947 3607 2095 3674 ecclesie
2117 3606 2310 3675 discernit:
2343 3609 2389 3676 ab

530 3765 712 3832 occidente
737 3766 807 3831 line
833 3763 948 3832 medio
972 3764 1207 3850 carbonario,
1241 3763 1322 3830 inde
1347 3733 1454 3850 passi
1474 3766 1581 3830 centu
1605 3763 1796 3848 sexaginta
1819 3779 1884 3828 sex
1914 3778 2028 3846 usque
2052 3725 2130 3846 ipsa
2153 3761 2274 3846 priore
2300 3761 2388 3848 flue,

531 3877 644 3985 totum
667 3920 914 3984 mensuratum
947 3915 992 3984 ad
1018 3917 1112 3982 iusto
1142 3932 1287 4002 passum
1320 3915 1479 4032 ominum
1512 3914 1677 3982 inclitum
1710 3912 1791 3980 illut
1820 3913 1933 4000 ipsius
1964 3913 2150 3982 criscentii
2183 3912 2316 3980 tradidi
2344 3913 2391 3982 ad

417 4053 421 4060 ’
532 4066 726 4174 tenendum
751 4063 786 4134 et
810 4067 1059 4136 laborandum:
1085 4071 1221 4137 tantum
1242 4065 1324 4135 inde
1340 4067 1603 4154 sceptuavimus
1626 4084 1699 4134 una
1723 4065 1857 4152 peciola
1874 4066 1917 4134 de
1935 4072 2032 4135 terra
2058 4068 2096 4132 in
2114 4069 2215 4152 parte
2231 4065 2390 4134 orientis

533 4223 706 4289 coniunta
729 4220 773 4288 ad
799 4221 876 4307 ipsa
901 4223 961 4288 bia
977 4239 1164 4289 commune
1186 4226 1223 4289 et
1237 4221 1282 4289 ad
1299 4223 1376 4308 ipsa
1400 4187 1516 4287 media
1540 4236 1634 4305 sepe,
1651 4218 1743 4305 quod
1767 4235 1833 4305 ego
1856 4219 1979 4285 elnon
2004 4218 2153 4303 tradidi,
2177 4223 2215 4286 et
2237 4223 2293 4288 est
2311 4199 2392 4306 ipsa

534 4376 670 4463 peciola
694 4393 756 4461 per
781 4375 965 4444 mensuria
988 4394 1051 4463 per
1075 4371 1262 4463 longitudo
1286 4377 1377 4460 passi
1403 4372 1534 4460 bigiuti
1566 4381 1602 4441 et
1626 4392 1689 4460 per
1713 4373 1865 4442 latitudo
1898 4372 1991 4461 passi
2017 4373 2292 4460 quadtuordeci:
2320 4376 2392 4444 ista

534 4527 669 4615 peciola
693 4525 755 4625 pe'r
780 4489 953 4598 iamdicta
975 4530 1156 4598 mensoria
1180 4547 1248 4617 ego
1274 4528 1319 4598 ad
1344 4547 1423 4597 mea
1445 4531 1588 4597 reserbo
1612 4534 1843 4616 potestatem,
1869 4547 1953 4598 nam
1979 4528 2059 4597 illut
2084 4531 2203 4617 aliut,
2231 4535 2270 4598 ut
2292 4531 2390 4600 dixi·

534 4632 634 4765 mus,
660 4680 704 4748 ad
728 4683 920 4749 tenendum
945 4687 980 4750 ct
1004 4673 1235 4750 laborandum
1262 4681 1301 4752 wei
1326 4681 1460 4749 tradidi
1493 4680 1557 4748 tali
1582 4681 1726 4768 ordine,
1760 4661 1803 4770 ut
1822 4681 1947 4749 amodo
1970 4688 2005 4750 et
2030 4701 2189 4768 semper,
2213 4687 2299 4751 nato
2326 4701 2391 4752 na·

535 4841 700 4920 scentes,
725 4835 769 4904 ad
795 4853 861 4904 sua
885 4841 920 4904 et
943 4837 991 4905 dc
1008 4839 1084 4905 suis
1107 4836 1271 4904 eredibus
1294 4855 1369 4904 esse
1393 4841 1564 4923 potestate
1589 4837 1670 4905 illut
1693 4838 1915 4924 tenendum,
1948 4844 1985 4906 et
2008 4841 2167 4908 fovee-et
2187 4842 2306 4908 omnis
2328 4859 2393 4908 sue

522 4963 711 5060 'utilitatis
735 4992 830 5061 iusta
855 4994 992 5061 ratione
1011 4993 1142 5061 ibidem
1167 4991 1316 5079 saciant,
1333 4999 1369 5061 et
1393 4994 1516 5062 amodo
1540 4993 1637 5062 ibide
1659 4995 1796 5064 saciant
1819 5003 1854 5063 et
1867 4998 2008 5094 abeant
2032 4997 2150 5067 redita
2173 5002 2278 5085 bona,
2299 5001 2396 5068 sicut

539 5149 739 5235 meruerit,
767 5153 802 5216 et
825 5125 949 5216 amodo
972 5156 1008 5216 et
1031 5166 1169 5242 semper
1195 5147 1289 5216 ibide
1314 5147 1469 5216 residere
1491 5153 1526 5216 et
1551 5149 1708 5236 avitare,
1743 5159 1778 5218 et
1800 5151 1938 5218 omines
1960 5151 2005 5218 ad
2032 5151 2260 5219 residendum
2283 5159 2320 5222 et
2347 5151 2393 5222 ad

540 5301 776 5371 laborandum
801 5299 929 5366 ibidem
955 5299 1108 5385 mittere,
1134 5305 1169 5405 et
1193 5305 1302 5368 totum
1329 5298 1409 5367 illut
1431 5319 1493 5385 per
1516 5319 1629 5370 annos
1653 5306 1735 5388 apto
1759 5309 1916 5389 tempore
1940 5303 1984 5370 de
2008 5308 2175 5390 superet
2198 5305 2241 5372 de
2265 5307 2393 5374 subter

538 5453 702 5524 laborare
725 5459 761 5523 et
787 5455 943 5543 curtare,
967 5459 1004 5522 et
1028 5456 1119 5522 vites
1141 5457 1303 5539 tragere,
1328 5457 1364 5520 et
1388 5449 1700 5544 propaginare‚et
1725 5457 1908 5544 studiare,
1932 5463 1968 5525 et
1992 5459 2186 5527 circuitum
2212 5457 2305 5543 illut,
2333 5461 2393 5528 ubi

538 5606 724 5694 meruerit,
750 5607 908 5696 cludere,
926 5611 962 5676 et
979 5605 1080 5675 clusu
1095 5611 1131 5676 et
1145 5605 1281 5674 salbum
1308 5606 1390 5676 illut
1412 5610 1532 5696 abere,
1549 5617 1585 5678 et
1602 5609 1697 5679 inira
1715 5617 1788 5680 tota
1805 5609 1882 5699 ipsa
1899 5613 2081 5680 mensoria
2104 5612 2146 5680 de
2169 5614 2248 5699 ipsa
2270 5612 2397 5680 clusu-

535 5743 609 5849 ria,
629 5759 687 5828 ubi
706 5764 890 5850 meruerit,
907 5764 1053 5832 arbores
1076 5767 1112 5830 et
1129 5764 1220 5830 vites
1243 5761 1286 5830 de
1310 5763 1399 5829 bono
1423 5761 1558 5830 vitineo
1583 5763 1714 5831 ibidem
1739 5764 1902 5849 plantare
1919 5767 1954 5832 et
1971 5781 2119 5852 surgere
2135 5766 2280 5852 burum,
2293 5764 2396 5835 sicut
