5456 7096
640 501 687 573 66
1278 497 1457 572 OODEX
1497 495 1768 574 CAVENSlS

591 725 665 796 alia
688 747 710 797 a
733 745 816 814 pars
840 727 1005 814 orientis3
1032 727 1112 813 ipsa
1135 730 1230 794 sorte
1253 725 1344 812 quod
1368 724 1454 794 fecit
1476 743 1551 794 esse
1574 745 1597 794 a
1619 743 1702 812 pars
1724 725 1929 812 occidentis,
1956 743 2020 814 per
2036 743 2076 793 ec
2092 723 2174 790 linis
2190 726 2226 792 et
2248 723 2440 810 mensurio,

591 887 628 951 et
651 883 712 950 ubi
738 889 793 952 est
816 885 893 970 ipso
918 879 1060 950 ballone
1085 883 1167 950 abet
1190 899 1252 968 per
1277 881 1354 968 ipso
1377 879 1519 950 ballone
1541 879 1634 968 passi
1660 880 1791 968 biginti
1816 899 1938 948 unum:
1967 880 2014 948 da
2046 877 2130 947 inde
2163 873 2367 946 rebolbente
2401 877 2439 945 in

592 1044 694 1127 parte
718 1041 866 1111 meridie
889 1059 952 1128 per
978 1040 1049 1108 fine
1072 1043 1194 1108 nostra
1218 1042 1254 1106 et
1278 1056 1342 1109 sua
1365 1055 1549 1106 commune
1572 1042 1608 1106 et
1630 1037 1870 1124 coniungente
1886 1055 1923 1105 se
1939 1040 1975 1102 in
1994 1035 2113 1106 blada
2132 1037 2333 1104 bitamenia
2354 1037 2437 1104 abet

597 1192 645 1262 ibi
671 1196 762 1281 passi
788 1194 996 1280 octuaginta
1019 1193 1210 1280 quadtuor;
1237 1191 1473 1260 descendente
1495 1208 1583 1276 erga
1609 1191 1687 1276 ipsa
1710 1187 1771 1258 bia
1795 1191 1890 1276 passi
1917 1187 2072 1276 triginta
2104 1193 2193 1276 octo,
2228 1193 2264 1257 et
2296 1189 2342 1256 da
2376 1189 2444 1258 ista

593 1344 653 1413 via
676 1349 712 1412 et
738 1346 806 1412 ista
832 1347 988 1412 sortione
1013 1344 1123 1432 longa
1150 1362 1261 1430 usque
1286 1345 1361 1430 ipso
1383 1341 1535 1430 ballone,
1560 1343 1652 1410 sicut
1675 1342 1768 1410 inter
1790 1343 1893 1411 ambo
1915 1342 1991 1430 ipse
2005 1343 2111 1410 sortis
2130 1344 2264 1411 termiti
2284 1342 2442 1430 fiximus,

592 1501 627 1566 et
651 1457 821 1566 abeamus
846 1516 985 1584 semper
1012 1499 1071 1566 via
1095 1515 1160 1564 nos
1183 1505 1219 1566 et
1243 1495 1302 1564 ille
1326 1515 1390 1582 per
1415 1498 1490 1582 ipso
1513 1496 1665 1583 ballone,
1702 1498 1773 1565 ista
1794 1500 1900 1584 sorte,
1925 1497 2080 1583 qualiter
2103 1497 2265 1582 superius
2289 1496 2374 1565 fecit
2399 1497 2447 1566 ad

590 1651 683 1719 iusto
707 1669 850 1738 passum
879 1651 990 1718 omini
1017 1655 1265 1719 mensuratum
1289 1669 1369 1717 cum
1393 1651 1469 1719 vice
1492 1651 1535 1719 de
1560 1651 1633 1744 ipse
1657 1651 1725 1738 vie,
1751 1669 1814 1718 nos
1837 1654 2012 1720 nominati
2045 1651 2209 1740 germani
2231 1653 2332 1738 prius
2370 1653 2442 1722 ista

592 1809 687 1871 sorte
711 1806 1023 1892 compreensimus,
1047 1810 1083 1874 et
1107 1804 1184 1892 ipsa
1208 1809 1304 1874 sorte
1329 1804 1422 1892 quod
1447 1805 1530 1872 lecit
1552 1781 1628 1872 esse
1652 1807 1697 1872 ab
1719 1803 1798 1890 ipsa
1820 1823 1905 1892 pars
1927 1805 2082 1874 orientis
2104 1805 2147 1872 de
2171 1806 2246 1891 ipso
2275 1805 2442 1873 insirtitu

590 1963 626 2027 et
653 1960 803 2028 bacuum
828 1977 899 2027 uno
926 1961 1082 2028 teniente
1105 1978 1167 2046 per
1193 1979 1234 2028 ec
1257 1960 1343 2026 finis
1367 1963 1403 2026 et
1426 1959 1617 2026 mensurio:
1642 1977 1664 2026 a
1689 1975 1772 2043 pars
1794 1956 1945 2024 orientis
1968 1958 2039 2024 line
2066 1958 2142 2042 ipsa
2157 1956 2230 2042 bia,
2248 1957 2328 2023 inde
2346 1957 2442 2044 passi

587 2113 819 2200 sebtuaginta
853 2113 1001 2199 sentem,
1038 2112 1241 2181 rebolbente
1276 2111 1315 2178 in
1350 2118 1450 2198 parte
1474 2109 1625 2177 meridie
1648 2126 1710 2194 per
1735 2109 1806 2176 line
1830 2111 1951 2176 nostra
1975 2126 2160 2176 commune
2183 2115 2219 2176 et
2252 2109 2365 2195 ipsius
2388 2125 2445 2175 ro·

587 2251 718 2334 moaldi
744 2265 827 2332 inde
849 2267 941 2351 passi
969 2265 1212 2352 quadraginta
1235 2264 1296 2331 dui
1320 2270 1355 2332 et
1381 2263 1568 2350 coniungit
1592 2263 1629 2328 in
1654 2261 1732 2348 ipsa
1756 2261 1815 2330 via
1838 2261 1884 2330 da
1908 2261 2118 2339 bitamenia,
2144 2262 2227 2331 inde
2250 2281 2363 2349 pauco
2391 2280 2446 2332 re·

594 2417 757 2486 bolbente
782 2417 820 2484 in
849 2435 933 2504 pars
956 2416 1149 2485 occidentis
1173 2419 1255 2486 abet
1278 2417 1328 2485 ibi
1353 2418 1449 2504 passi
1474 2415 1620 2502 biginti,
1645 2415 1771 2484 deinde
1795 2415 2028 2484 descendente
2055 2433 2117 2502 per
2140 2418 2244 2484 ambo
2272 2415 2347 2502 ipse
2371 2433 2445 2483 sor·

596 2557 644 2642 tis
667 2592 730 2662 per
756 2575 821 2660 ipsi
846 2573 980 2641 termiti
1007 2592 1119 2660 usque
1143 2573 1257 2640 medio
1285 2574 1358 2659 ipso
1384 2572 1534 2660 ballone,
1558 2577 1594 2641 et
1620 2573 1666 2641 da
1691 2573 1772 2642 inde
1796 2573 2030 2642 descendente
2054 2593 2117 2660 per
2140 2573 2255 2641 medio
2279 2574 2354 2660 ipso
2369 2573 2442 2643 bal·

596 2729 677 2796 lone
701 2733 737 2795 et
761 2728 956 2814 coniungat
979 2730 1017 2795 in
1045 2727 1123 2813 ipsa
1147 2728 1206 2796 via
1229 2711 1346 2813 priore
1376 2725 1466 2794 fines
1490 2725 1572 2794 inde
1596 2729 1679 2796 abet
1702 2729 1795 2814 passi
1821 2729 1974 2816 triginta
1998 2748 2121 2817 unum,
2138 2735 2174 2798 et
2188 2731 2357 2798 abeamus
2379 2748 2443 2798 nos

594 2883 631 2947 et
656 2876 716 2946 ille
739 2881 775 2944 et
798 2879 933 2946 nostris
956 2877 1120 2946 eredibus
1146 2898 1283 2967 semper
1306 2847 1368 2949 ¹via
1391 2898 1575 2950 commune
1599 2900 1661 2969 per
1687 2883 1762 2968 ipso
1787 2881 1926 2950 ballone
1950 2885 2020 2953 ista
2043 2891 2138 2954 sorte
2161 2887 2353 2972 posteriore
2378 2905 2443 2974 per

592 3030 664 3098 iste
688 3030 772 3097 finis
795 3036 831 3098 et
855 3031 1035 3100 mensuris
1059 3031 1103 3099 ad
1130 3030 1226 3100 iusto
1252 3050 1393 3119 passum
1423 3041 1666 3104 mensuratum
1685 3036 1859 3104 remansit
1874 3036 1912 3102 in
1929 3043 2022 3104 sorte
2039 3037 2150 3124 ipsius
2167 3039 2349 3108 romoaldi.
2377 3039 2444 3127 igi·

593 3189 655 3250 tur
679 3179 805 3249 et‘nos
829 3181 1003 3250 nominati
1031 3183 1196 3270 germani
1220 3184 1415 3253 dividimus
1439 3187 1544 3258 rebus
1567 3189 1612 3257 da
1636 3188 1756 3257 trocle.
1782 3192 1843 3258 ubi
1867 3193 1951 3258 sunt
1975 3189 2106 3259 sravice
2129 3195 2165 3259 et
2187 3197 2318 3278 crocia,
2343 3195 2379 3258 et
2395 3193 2444 3260 le·

597 3334 712 3403 cimus
735 3335 818 3404 inde
842 3336 911 3405 due
934 3338 1052 3406 sortis:
1086 3357 1160 3407 una
1183 3349 1278 3406 sorte
1301 3339 1449 3407 fecimus
1472 3356 1548 3407 esse
1571 3359 1700 3428 apars
1724 3343 1871 3412 meridie
1894 3347 1930 3411 et
1953 3343 2028 3413 alia
2050 3364 2073 3414 a
2107 3363 2191 3432 pars
2225 3346 2443 3414 sebtemtrio-

594 3490 665 3578 nis3
693 3494 729 3560 et
754 3495 831 3579 ipsa
855 3491 1012 3561 sortione
1035 3493 1138 3579 quasi
1163 3513 1185 3560 a
1210 3511 1296 3580 pars
1321 3491 1595 3579 sebtemtrionis,
1619 3494 1679 3560 ubi
1704 3499 1758 3562 est
1782 3494 1860 3581 ipsa
1882 3499 2008 3582 groela
2039 3499 2074 3564 et
2110 3514 2221 3563 unum
2256 3497 2442 3582 palmentu

596 3644 744 3731 fravitu,
770 3664 833 3731 per
859 3645 947 3731 pede
970 3647 1053 3715 abet
1078 3647 1231 3715 latitudo
1255 3667 1278 3715 a
1301 3664 1384 3732 pars
1412 3646 1563 3712 orientis
1585 3648 1681 3731 passi
1705 3649 1830 3714 nobem
1856 3647 1975 3714 minus
1990 3647 2109 3714 cubito
2125 3665 2248 3733 unum,
2266 3653 2301 3716 et
2314 3648 2444 3716 salien-

597 3801 631 3864 te
657 3816 720 3883 per
744 3799 815 3866 fine
839 3799 931 3884 quod
956 3799 1110 3866 divisum
1135 3802 1299 3888 abemus,
1324 3803 1463 3886 quiesi
1488 3801 1527 3867 in
1550 3817 1634 3887 pars
1657 3800 1932 3886 sebtemtrionis,
1957 3799 2038 3867 inde
2061 3805 2145 3868 sunt
2178 3799 2272 3887 passi
2311 3798 2442 3888 viginti

592 3951 764 4036 quinque,
788 3955 824 4018 et
846 3949 1080 4019 descendente
1105 3971 1168 4037 per
1193 3949 1257 4020 via
1285 3971 1398 4038 usque
1421 3971 1532 4020 unum
1555 3953 1697 4023 termite
1720 3954 1803 4022 inde
1826 3959 1909 4020 sunt
1935 3952 2030 4038 passi
2047 3955 2138 4030 octo,
2156 3956 2192 4020 et
2207 3951 2443 4020 descendente

593 4121 657 4188 per
682 4101 817 4172 termiti
843 4103 941 4173 intra
966 4105 1040 4192 ipse
1064 4108 1170 4173 sortis
1193 4125 1282 4194 erga
1307 4107 1399 4176 facie
1423 4105 1466 4174 de
1489 4107 1626 4193 pariete
1649 4125 1738 4194 erga
1761 4107 1838 4193 ipsa
1860 4111 1985 4195 gructa
2008 4108 2104 4192 passi
2134 4106 2264 4194 viginti
2300 4105 2361 4173 dui
2398 4105 2443 4174 ad

592 4255 690 4322 iusto
714 4273 869 4343 passum,
896 4259 966 4325 ista
993 4261 1104 4346 sorte,
1129 4259 1283 4344 qualiter
1306 4271 1415 4345 supra
1438 4257 1583 4347 legitur,
1608 4277 1687 4325 oum
1714 4258 1788 4327 vice
1812 4257 1854 4326 de
1870 4257 1930 4326 bia
1947 4276 2013 4336 sua
2030 4259 2103 4345 ipse
2119 4259 2319 4330 romoaldus
2343 4261 2443 4347 priu's

595 4412 633 4478 in
658 4427 723 4478 sua
748 4415 842 4476 sorte
866 4412 1119 4499 compreensit,
1144 4419 1178 4479 et
1202 4412 1280 4498 ipsa
1302 4415 1471 4501 sortione,
1495 4413 1587 4498 quod
1610 4419 1664 4481 est
1687 4433 1709 4482 a
1731 4432 1816 4501 pars
1838 4415 1940 4501 quasi
1966 4435 1988 4483 a
2011 4414 2167 4501 meridie,
2192 4415 2254 4518 qui
2271 4418 2443 4485 coniunta

593 4569 648 4631 est
673 4584 752 4630 cum
780 4567 857 4650 ipsa
882 4564 941 4631 via
965 4570 1001 4632 et
1017 4587 1038 4634 a
1054 4585 1140 4652 pars
1164 4565 1426 4634 sebtemtrionis
1450 4567 1496 4636 da
1520 4584 1591 4634 uno
1615 4567 1757 4635 termite
1782 4585 1893 4655 usque
1915 4567 1986 4637 alio
2008 4567 2164 4654 termite,
2195 4568 2277 4636 abet
2300 4585 2443 4653 passum

593 4735 702 4784 unum
739 4723 776 4785 et
813 4716 939 4804 gubito
975 4737 1101 4809 unum,
1138 4727 1175 4788 et
1209 4720 1443 4789 descendente
1474 4723 1511 4785 in
1536 4739 1619 4806 pars
1643 4719 1791 4788 orientis
1814 4724 1850 4788 et
1873 4719 2116 4806 coniungente
2139 4721 2178 4787 in
2202 4717 2278 4805 ipso
2301 4695 2444 4790 termite

596 4875 691 4962 passi
716 4889 792 4959 sex,
820 4878 854 4942 et
877 4874 923 4942 da
947 4874 1023 4960 ipso
1049 4873 1198 4942 termite
1222 4891 1332 4960 usque
1357 4873 1431 4941 alio
1454 4874 1595 4942 termite
1619 4873 1702 4942 inde
1725 4880 1809 4943 sunt
1832 4892 1894 4960 per
1918 4874 2102 4961 longitudo
2125 4874 2217 4962 passi
2243 4875 2375 4961 decem,
2406 4881 2444 4944 et

596 5021 748 5093 saliente
772 5023 873 5110 quasi
900 5025 939 5090 in
966 5041 1052 5110 pars
1074 5023 1265 5093 occidentis
1291 5043 1355 5112 per
1382 5027 1441 5096 via
1466 5026 1548 5094 inde
1569 5031 1653 5093 sunt
1677 5027 1772 5113 passi
1798 5027 1928 5115 biginti
1952 5033 2030 5096 octo
2047 5030 2166 5096 minus
2181 5029 2301 5097 cubito
2316 5049 2441 5116 unum;

591 5176 666 5244 ista
689 5180 798 5263 sorte,
823 5175 976 5262 qualiter
1003 5177 1171 5266 superius
1196 5177 1341 5267 legitur,
1370 5196 1434 5246 nos
1457 5153 1631 5246 nominati
1655 5180 1818 5264 germani
1843 5181 2016 5249 remansit
2038 5187 2074 5250 et
2090 5180 2127 5246 in
2144 5188 2238 5251 sorte
2254 5182 2337 5252 illut
2352 5200 2448 5256 com-⁴

592 5329 826 5417 preensimus:
857 5335 1004 5400 tantum
1030 5351 1093 5400 nos
1116 5331 1292 5400 nominati
1317 5333 1493 5418 germani,
1517 5331 1570 5398 vel
1594 5331 1727 5399 nostris
1754 5333 1932 5421 eredibuS,
1956 5335 2052 5400 omni
2075 5341 2231 5422 tempore
2247 5337 2369 5404 demus
2385 5337 2444 5407 via

595 5484 708 5572 ipsius
733 5482 919 5570 romoaldi,
948 5482 1003 5551 rel
1031 5483 1075 5552 ad
1099 5483 1178 5550 eius
1202 5483 1337 5570 eredes,
1363 5503 1426 5572 per
1448 5487 1536 5572 pede
1562 5485 1605 5554 de
1622 5486 1699 5573 ipsa
1714 5487 1870 5554 sortione
1887 5491 2021 5575 nostra,
2037 5489 2129 5574 quod
2144 5491 2443 5576 compreensimus

594 5656 706 5724 usque
731 5638 809 5724 ipsa
839 5637 899 5708 via
923 5643 959 5706 et
982 5637 1156 5705 discernit
1179 5639 1225 5707 ab
1248 5639 1316 5706 ista
1340 5639 1447 5706 rebus
1470 5643 1592 5709 nostra
1619 5644 1655 5708 et
1678 5643 1786 5710 rebus
1819 5643 1910 5728 quod
1945 5643 2078 5711 retinet
2110 5643 2367 5713 monasterium
2399 5644 2443 5713 de

591 5790 770 5878 pasitanu,
799 5797 837 5860 ut
862 5811 942 5860 cum
967 5792 1064 5859 omni
1090 5809 1153 5860 sue
1179 5791 1417 5879 congruitatis
1440 5791 1523 5860 inde
1549 5793 1737 5881 ingredere
1762 5801 1798 5864 et
1823 5797 2011 5884 regredere
2040 5803 2186 5884 possent
2220 5816 2332 5886 usque
2366 5800 2443 5886 ipsa
