5408 7108
629 431 701 516 ¹90
1268 439 1442 516 cobbx
1474 439 1741 514 CAVENSIS

578 667 675 734 done
691 685 765 736 nna
778 671 881 756 pecie
891 667 935 737 de
949 671 1050 739 terra
1063 687 1144 740 cum
1159 673 1301 758 pastino
1313 669 1358 738 de
1372 671 1477 738 vinea
1491 665 1584 753 quod
1601 669 1676 752 ipse
1686 663 1829 732 altanus
1841 664 2047 750 pastenabit
2057 680 2122 750 per
2132 664 2200 732 bas
2212 679 2417 731 mensuras:

580 817 628 886 ab
642 817 825 888 occidente
838 819 911 890 flue
927 823 1032 890 rebus
1047 823 1158 908 ipsius
1172 819 1332 910 ecclesie,
1347 820 1431 890 inde
1444 823 1530 888 snnt
1544 821 1639 906 passi
1656 816 1786 904 biginti
1803 821 1882 884 octo
1897 833 1906 878 :
1931 836 1955 884 a
1970 834 2051 902 pars
2064 817 2330 902 septemtrionis
2346 815 2419 884 dne

581 969 690 1038 rebus
706 971 818 1058 ipsius
831 971 989 1058 ecclesie,
1007 971 1088 1040 inde
1103 977 1189 1040 sunt
1203 975 1296 1058 passi
1312 972 1376 1040 alii
1394 972 1525 1060 biginti
1541 977 1642 1040 octo:
1668 975 1715 1042 ab
1729 975 1868 1040 oriente
1890 971 1962 1038 tine
1985 973 2093 1038 rebus
2118 970 2230 1055 ipsius
2252 967 2398 1034 eccioeie
2410 1013 2423 1051 ,

584 1119 668 1189 inde
681 1127 768 1190 suut
780 1123 873 1208 pani
887 1122 1144 1211 quadraginta:
1160 1143 1185 1193 a
1199 1123 1347 1192 meridie
1361 1124 1434 1192 flue
1450 1125 1522 1208 via,
1538 1123 1620 1191 inde
1633 1131 1720 1192 sunt
1734 1125 1832 1210 pami
1848 1124 2002 1210 triginta
2012 1127 2179 1208 quatuos
2196 1124 2309 1188 totum
2324 1134 2425 1186 men·

582 1277 746 1340 curatum
761 1271 831 1342 luit
851 1273 897 1342 ad
911 1274 1117 1362 supradicto
1142 1277 1234 1343 iusto
1255 1291 1359 1362 paaeo
1377 1277 1502 1342 omini.
1531 1293 1572 1342 ec
1594 1273 1799 1360 supradicta
1822 1275 2018 1359 posteriore
2040 1274 2146 1358 pecia
2159 1271 2205 1338 de
2219 1270 2427 1358 supradicto

583 1424 765 1508 pastinum
780 1443 844 1511 per
860 1427 956 1512 ipsas
971 1425 1060 1493 lines
1075 1431 1113 1494 et
1128 1443 1325 1529 mensuras,
1340 1428 1435 1493 sicut
1448 1425 1582 1494 dictum
1596 1431 1663 1512 est,
1678 1444 1747 1513 ego
1762 1427 1874 1511 ipsius
1895 1424 2010 1494 allani
2028 1443 2093 1510 pro
2108 1442 2174 1490 sua
2188 1428 2283 1490 sorte
2293 1423 2430 1492 tradidi

587 1575 761 1642 securiter
777 1573 837 1644 ille
851 1581 889 1645 et
903 1577 978 1644 eius
993 1575 1117 1644 eredes
1131 1576 1324 1664 abendam,
1336 1581 1375 1644 et
1388 1577 1563 1664 obligavit
1577 1594 1633 1644 me
1647 1583 1686 1646 et
1699 1593 1919 1645 successores
1936 1594 2031 1642 moos
2045 1581 2083 1644 et
2093 1593 2179 1662 pars
2193 1577 2306 1660 ipsius
2320 1573 2434 1642 eccle-

587 1727 642 1798 sie
657 1747 797 1817 semper
819 1729 1073 1800 defensandum
1099 1733 1211 1818 ipsius
1232 1730 1345 1800 allani
1376 1732 1473 1801 etad
1489 1731 1587 1800 illins
1608 1729 1731 1800 er'edes
1753 1735 1829 1800 tota
1852 1733 1930 1816 ipse
1951 1729 2055 1816 pecia
2069 1729 2112 1796 de
2135 1730 2210 1814 ipso
2233 1729 2430 1814 pastinum,

586 1897 695 1966 quam
710 1898 778 1968 ego
793 1885 959 1969 superius
976 1883 1088 1970 ipsius
1102 1883 1214 1952 allani
1231 1901 1296 1969 pro
1311 1901 1378 1952 sua
1392 1887 1488 1951 sorte
1510 1881 1656 1969 tradidi,
1679 1901 1759 1948 cum
1784 1884 1861 1948 bice
1883 1881 1928 1948 de
1956 1883 2019 1948 via
2033 1898 2102 1948 sna
2129 1881 2178 1947 ab
2192 1879 2357 1946 omnibus
2371 1880 2435 1946 ho-

583 2031 748 2102 minibus
776 2035 943 2121 omnique
958 2036 1138 2122 partibus,
1169 2039 1207 2103 et
1222 2053 1292 2102 non
1306 2053 1500 2122 queramus
1514 2054 1581 2124 ego
1595 2041 1633 2104 et
1646 2054 1866 2104 successores
1883 2052 1978 2104 moos
1993 2034 2077 2103 illut
2089 2001 2293 2102 vet'exrnue
2315 2033 2385 2120 ipsi
2393 2049 2434 2100 us

585 2183 700 2254 allani
716 2184 769 2254 vel
798 2187 845 2255 ad
861 2185 960 2255 illius
991 2186 1114 2256 eredes
1136 2186 1259 2256 tollere
1273 2192 1337 2257 aut
1359 2192 1524 2256 contrare
1547 2207 1610 2275 per
1632 2188 1733 2257 nulla
1755 2191 1912 2273 ratioue;
1928 2193 1966 2256 et
1987 2190 2017 2254 ei
2035 2186 2119 2254 illut
2133 2185 2189 2252 vel
2202 2183 2335 2252 exinde
2357 2201 2427 2271 ego

588 2341 626 2408 et
642 2353 863 2406 successores
893 2355 988 2406 meos
1018 2345 1055 2408 et
1069 2357 1152 2426 pars
1169 2341 1280 2426 ipsius
1293 2337 1440 2408 ecclesie
1455 2339 1571 2408 eidem
1593 2339 1706 2410 albni
1735 2339 1859 2408 tollere
1890 2344 1956 2409 aut
1985 2341 2153 2406 contrane
2168 2337 2436 2425 quesierimus,

592 2496 678 2560 tunc
693 2509 756 2578 per
772 2494 1036 2562 combenientia
1059 2511 1268 2580 componere
1290 2492 1466 2580 obligabit
1488 2512 1545 2562 me
1566 2498 1604 2563 et
1617 2509 1835 2561 successores
1849 2509 1944 2560 meos
1958 2497 1996 2561 et
2011 2495 2175 2580 partibus
2191 2495 2304 2579 ipsius
2324 2491 2435 2561 eccle·

590 2644 645 2712 sie
661 2645 776 2730 ipsius
790 2644 901 2715 allani
917 2649 954 2714 et
967 2645 1013 2715 ad
1030 2645 1127 2714 illius
1149 2645 1271 2714 eredes
1294 2649 1559 2734 quinquaginta
1580 2646 1660 2714 auri
1684 2645 1811 2714 solidos
1826 2645 2146 2713 constantinianos.
2165 2649 2298 2732 preter,
2314 2649 2344 2714 si
2362 2643 2433 2714 ali·

593 2793 736 2880 quaudo
754 2799 910 2882 tempore
926 2798 1000 2884 ipse
1016 2795 1159 2867 alfanus
1171 2804 1208 2866 et
1224 2797 1320 2865 illius
1335 2798 1458 2866 eredes
1472 2799 1550 2884 ipsa
1566 2801 1664 2865 terra
1689 2815 1770 2864 cum
1786 2799 1940 2883 pastino,
1963 2798 2056 2884 quod
2072 2799 2237 2884 superius
2253 2817 2313 2882 per
2330 2801 2427 2884 ipsas

592 2964 780 3016 mensures
803 2965 866 3032 pro
890 2947 968 3035 ipsa
990 2965 1057 3016 sua
1078 2955 1172 3018 sorte
1186 2949 1220 3016 ei
1244 2950 1390 3034 tradidi,
1413 2949 1578 3018 daturam
1601 2954 1665 3016 ant
1688 2947 1909 3018 biudituram
1938 2951 2092 3037 abuerit,
2116 2969 2189 3018 nou
2212 2954 2345 3022 abeant
2367 2969 2437 3038 po·

593 3103 756 3168 testatem
780 3117 843 3187 per
867 3097 971 3168 nullu
994 3100 1135 3169 ratione
1148 3147 1158 3187 ,
1183 3117 1248 3168 nec
1270 3119 1334 3186 per
1356 3098 1455 3167 nullo
1479 3118 1610 3170 nmano
1633 3101 1779 3189 ingenio
1804 3101 1886 3170 illut
1909 3104 1963 3171 vel
1987 3103 2118 3173 exinde
2139 3103 2226 3173 dare
2249 3109 2314 3174 eut
2335 3104 2441 3175 olie-

593 3271 685 3323 nure
700 3253 764 3340 sic,
785 3257 825 3322 ut
847 3254 891 3325 de
913 3254 1055 3324 illorum
1071 3259 1280 3343 potestatem
1294 3257 1357 3325 flat
1372 3257 1627 3344 substractum3
1644 3263 1698 3327 sot
1718 3257 1749 3326 si
1766 3259 1848 3328 illut
1870 3259 2039 3328 daturum
2062 3261 2206 3329 abuerit
2221 3261 2331 3329 michi
2348 3263 2436 3330 mei·

593 3425 662 3503 que
689 3407 967 3486 successoribus,
992 3405 1046 3475 rel
1072 3407 1111 3475 in
1135 3407 1298 3494 partibus
1322 3406 1433 3494 ipsius
1454 3408 1615 3498 ecclesie,
1631 3409 1711 3479 illut
1727 3412 1878 3481 bindeut
1893 3412 1938 3514 ad
1955 3413 2048 3482 iusto
2065 3413 2255 3502 bulieptem
2273 3416 2430 3502 pretium

593 3563 687 3652 quod
703 3563 798 3633 iuste
814 3529 1031 3650 spretiatum
1056 3561 1179 3649 luerit,
1194 3565 1232 3630 et
1254 3560 1390 3631 iaciant
1404 3561 1486 3631 iude
1502 3581 1558 3632 me
1573 3562 1626 3632 vel
1649 3583 1745 3633 meos
1759 3582 1992 3653 successores,
2009 3583 2072 3633 seu
2087 3566 2251 3653 partibus
2275 3566 2433 3654 predicte

594 3715 742 3786 ecclesio
764 3719 857 3786 scire
879 3732 944 3804 pro
969 3715 1050 3784 illut
1072 3715 1257 3784 emendum
1287 3734 1350 3802 per
1373 3716 1478 3784 tertio
1500 3716 1731 3786 constitutum
1767 3735 1878 3804 nsque
1901 3718 2026 3786 diebus
2049 3719 2203 3806 triginta
2225 3737 2314 3805 sex,
2337 3723 2374 3788 et
2395 3721 2424 3786 si

598 3889 662 3960 per
688 3870 767 3958 ipsa
789 3867 985 3939 constituta
1007 3869 1227 3938 uoluerimus
1250 3868 1332 3938 illut
1354 3887 1471 3938 emere
1494 3875 1530 3939 et
1551 3869 1655 3940 daret
1678 3869 1906 3939 indecorum
1940 3869 2033 3938 iusto
2056 3870 2249 3940 balieutem
2272 3875 2426 3957 pretium

597 4023 690 4113 quod
712 4023 806 4092 iuste
829 4023 939 4094 luerit
961 4024 1216 4112 adpretiatum,
1239 4027 1325 4091 tunc
1349 4020 1455 4091 liceat
1482 4020 1555 4088 illis
1577 4039 1636 4089 cos
1671 4020 1758 4089 dare
1779 4019 1838 4087 cui
1873 3997 2037 4096 boluerit.
2062 4025 2165 4108 Nam,
2189 4023 2221 4090 si
2243 4027 2330 4092 aute
2354 4023 2431 4112 ipse

598 4177 797 4248 constituta
820 4175 903 4244 illut
926 4175 980 4244 vel
1004 4174 1134 4245 exinde
1157 4173 1322 4244 dederint
1343 4192 1407 4262 per
1423 4173 1680 4270 qualecumque
1704 4174 1842 4242 ratione
1866 4173 1920 4241 vel
1938 4191 2069 4243 umano
2084 4173 2225 4281 inienio·
2242 4175 2306 4260 sic,
2328 4181 2368 4244 ut
2394 4176 2437 4244 do

594 4327 741 4396 illorum
766 4330 976 4414 potestatem
998 4323 1064 4394 flet
1086 4326 1347 4412 substractum,
1371 4328 1457 4395 tunc
1480 4325 1558 4394 sine
1581 4328 1736 4412 pretium
1770 4329 1982 4414 perbeniaut
2005 4329 2049 4398 ad
2073 4333 2247 4416 potestate
2269 4327 2427 4418 predicte

595 4477 760 4566 ecclesie,
785 4477 831 4549 ad
856 4477 1058 4547 laciendum
1082 4473 1214 4545 exinde
1236 4475 1329 4564 quod
1345 4475 1523 4546 boluerint
1539 4495 1603 4564 per
1617 4480 1863 4565 suprascripta
1877 4479 2012 4566 guadio
2026 4483 2063 4548 et
2077 4479 2311 4569 obligationis
2327 4499 2433 4569 pena.

595 4633 641 4700 Et
667 4637 766 4702 hunc
788 4633 931 4702 brebem
956 4631 1081 4720 scripsi
1106 4649 1172 4720 ego
1194 4631 1359 4718 superius
1382 4631 1498 4700 dictus
1521 4631 1676 4700 romualt
1699 4633 1873 4701 notarius.

651 4761 682 4879 †
706 4803 772 4875 ego
794 4787 943 4856 loannes
965 4803 1021 4855 me
1044 4785 1238 4872 subscripsi
1743 4745 1759 4776 ⁵

643 4915 675 5030 †
699 4961 766 5031 ego
787 4943 954 5012 desideus
977 4927 1136 5009 notarius
1152 4957 1208 5007 me
1231 4937 1436 5027 subscripsi.
