<?xml version="1.0" encoding="UTF-8"?>
<!DOCTYPE html PUBLIC "-//W3C//DTD XHTML 1.0 Transitional//EN"
    "http://www.w3.org/TR/xhtml1/DTD/xhtml1-transitional.dtd">
<html xmlns="http://www.w3.org/1999/xhtml" xml:lang="en" lang="en">
 <head>
  <title>
</title>
<meta http-equiv="Content-Type" content="text/html;charset=utf-8" />
  <meta name='ocr-system' content='tesseract 3.04.00' />
  <meta name='ocr-capabilities' content='ocr_page ocr_carea ocr_par ocr_line ocrx_word'/>
</head>
<body>
  <div class='ocr_page' id='page_1' title='image "./codexdiplomatic04aragoog_0327.png"; bbox 0 0 5406 7090; ppageno 0'>
   <div class='ocr_carea' id='block_1_1' title="bbox 1032 517 2110 598">
    <p class='ocr_par' dir='ltr' id='par_1_1' title="bbox 1032 517 2110 598">
     <span class='ocr_line' id='line_1_1' title="bbox 1032 517 2110 598; baseline -0.006 0"><span class='ocrx_word' id='word_1_1' title='bbox 1032 521 1425 598; x_wconf 82' lang='lat' dir='ltr'>DlPLOMATlGUS</span> <span class='ocrx_word' id='word_1_2' title='bbox 2039 517 2110 596; x_wconf 76' lang='lat'>287</span> 
     </span>
    </p>
   </div>
   <div class='ocr_carea' id='block_1_2' title="bbox 301 747 2267 3922">
    <p class='ocr_par' dir='ltr' id='par_1_2' title="bbox 301 747 2267 3922">
     <span class='ocr_line' id='line_1_2' title="bbox 302 747 2158 843; baseline -0.003 -21"><span class='ocrx_word' id='word_1_3' title='bbox 302 752 398 822; x_wconf 86' lang='lat' dir='ltr'>dius.</span> <span class='ocrx_word' id='word_1_4' title='bbox 424 754 468 821; x_wconf 82' lang='lat' dir='ltr'>Et</span> <span class='ocrx_word' id='word_1_5' title='bbox 495 753 696 824; x_wconf 83' lang='lat' dir='ltr'>revolvente</span> <span class='ocrx_word' id='word_1_6' title='bbox 722 757 760 821; x_wconf 93' lang='lat' dir='ltr'>in</span> <span class='ocrx_word' id='word_1_7' title='bbox 787 756 902 842; x_wconf 84' lang='lat' dir='ltr'><strong>ipsam</strong></span> <span class='ocrx_word' id='word_1_8' title='bbox 926 759 1063 842; x_wconf 89' lang='lat' dir='ltr'>partem</span> <span class='ocrx_word' id='word_1_9' title='bbox 1089 753 1237 830; x_wconf 84' lang='lat' dir='ltr'>meridie</span> <span class='ocrx_word' id='word_1_10' title='bbox 1262 753 1354 842; x_wconf 87' lang='lat' dir='ltr'>passi</span> <span class='ocrx_word' id='word_1_11' title='bbox 1381 753 1512 842; x_wconf 88' lang='lat' dir='ltr'>viginti</span> <span class='ocrx_word' id='word_1_12' title='bbox 1540 755 1710 843; x_wconf 90' lang='lat' dir='ltr'>quinque.</span> <span class='ocrx_word' id='word_1_13' title='bbox 1737 754 1782 821; x_wconf 84' lang='lat' dir='ltr'>Et</span> <span class='ocrx_word' id='word_1_14' title='bbox 1805 755 2006 824; x_wconf 75' lang='lat' dir='ltr'>revolvente</span> <span class='ocrx_word' id='word_1_15' title='bbox 2030 752 2068 820; x_wconf 90' lang='lat' dir='ltr'>in</span> <span class='ocrx_word' id='word_1_16' title='bbox 2103 747 2158 834; x_wconf 93' lang='lat' dir='ltr'>ip-</span> 
     </span>
     <span class='ocr_line' id='line_1_3' title="bbox 301 881 2267 998; baseline -0.004 -18"><span class='ocrx_word' id='word_1_17' title='bbox 301 928 377 980; x_wconf 87' lang='lat' dir='ltr'>sam</span> <span class='ocrx_word' id='word_1_18' title='bbox 402 917 541 998; x_wconf 89' lang='lat' dir='ltr'>partem</span> <span class='ocrx_word' id='word_1_19' title='bbox 564 909 759 980; x_wconf 86' lang='lat' dir='ltr'>occidentis</span> <span class='ocrx_word' id='word_1_20' title='bbox 781 913 877 998; x_wconf 92' lang='lat' dir='ltr'>passi</span> <span class='ocrx_word' id='word_1_21' title='bbox 901 911 1132 998; x_wconf 79' lang='lat' dir='ltr'>septuaginta</span> <span class='ocrx_word' id='word_1_22' title='bbox 1155 908 1326 996; x_wconf 87' lang='lat' dir='ltr'>quinque.</span> <span class='ocrx_word' id='word_1_23' title='bbox 1352 909 1398 976; x_wconf 87' lang='lat' dir='ltr'>Et</span> <span class='ocrx_word' id='word_1_24' title='bbox 1423 907 1627 974; x_wconf 86' lang='lat' dir='ltr'>revolvente</span> <span class='ocrx_word' id='word_1_25' title='bbox 1652 908 1691 975; x_wconf 92' lang='lat' dir='ltr'>in</span> <span class='ocrx_word' id='word_1_26' title='bbox 1711 881 1829 995; x_wconf 50' lang='lat' dir='ltr'>&#39;ipsam</span> <span class='ocrx_word' id='word_1_27' title='bbox 1847 909 1986 993; x_wconf 91' lang='lat' dir='ltr'>partem</span> <span class='ocrx_word' id='word_1_28' title='bbox 2003 905 2159 975; x_wconf 90' lang='lat' dir='ltr'>orientis</span> <span class='ocrx_word' id='word_1_29' title='bbox 2263 915 2267 920; x_wconf 83' lang='lat'>&#39;</span> 
     </span>
     <span class='ocr_line' id='line_1_4' title="bbox 306 1055 2157 1150; baseline -0.002 -19"><span class='ocrx_word' id='word_1_30' title='bbox 306 1063 401 1150; x_wconf 89' lang='lat' dir='ltr'>passi</span> <span class='ocrx_word' id='word_1_31' title='bbox 426 1061 592 1128; x_wconf 85' lang='lat' dir='ltr'>sedecim.</span> <span class='ocrx_word' id='word_1_32' title='bbox 618 1062 663 1129; x_wconf 85' lang='lat' dir='ltr'>Et</span> <span class='ocrx_word' id='word_1_33' title='bbox 687 1061 890 1130; x_wconf 89' lang='lat' dir='ltr'>revolvente</span> <span class='ocrx_word' id='word_1_34' title='bbox 913 1059 952 1126; x_wconf 91' lang='lat' dir='ltr'>in</span> <span class='ocrx_word' id='word_1_35' title='bbox 976 1060 1089 1147; x_wconf 86' lang='lat' dir='ltr'><strong>ipsam</strong></span> <span class='ocrx_word' id='word_1_36' title='bbox 1114 1064 1252 1146; x_wconf 90' lang='lat' dir='ltr'>partem</span> <span class='ocrx_word' id='word_1_37' title='bbox 1275 1059 1424 1126; x_wconf 90' lang='lat' dir='ltr'>meridie</span> <span class='ocrx_word' id='word_1_38' title='bbox 1448 1060 1540 1145; x_wconf 91' lang='lat' dir='ltr'>passi</span> <span class='ocrx_word' id='word_1_39' title='bbox 1566 1055 1732 1146; x_wconf 89' lang='lat' dir='ltr'>triginta.</span> <span class='ocrx_word' id='word_1_40' title='bbox 1754 1059 1799 1125; x_wconf 84' lang='lat' dir='ltr'>Et</span> <span class='ocrx_word' id='word_1_41' title='bbox 1823 1057 2023 1128; x_wconf 88' lang='lat' dir='ltr'>revolvente</span> <span class='ocrx_word' id='word_1_42' title='bbox 2045 1060 2084 1126; x_wconf 91' lang='lat' dir='ltr'>in</span> <span class='ocrx_word' id='word_1_43' title='bbox 2102 1059 2157 1145; x_wconf 94' lang='lat' dir='ltr'>ip-</span> 
     </span>
     <span class='ocr_line' id='line_1_5' title="bbox 303 1212 2158 1322; baseline -0.002 -36"><span class='ocrx_word' id='word_1_44' title='bbox 303 1233 380 1286; x_wconf 86' lang='lat' dir='ltr'>sam</span> <span class='ocrx_word' id='word_1_45' title='bbox 405 1221 544 1302; x_wconf 86' lang='lat' dir='ltr'>partem</span> <span class='ocrx_word' id='word_1_46' title='bbox 569 1213 719 1283; x_wconf 90' lang='lat' dir='ltr'>orientis</span> <span class='ocrx_word' id='word_1_47' title='bbox 743 1215 838 1300; x_wconf 89' lang='lat' dir='ltr'>passi</span> <span class='ocrx_word' id='word_1_48' title='bbox 863 1212 1018 1300; x_wconf 90' lang='lat' dir='ltr'>triginta</span> <span class='ocrx_word' id='word_1_49' title='bbox 1040 1231 1118 1282; x_wconf 87' lang='lat' dir='ltr'>sex.</span> <span class='ocrx_word' id='word_1_50' title='bbox 1146 1215 1191 1280; x_wconf 83' lang='lat' dir='ltr'>Et</span> <span class='ocrx_word' id='word_1_51' title='bbox 1208 1213 1411 1281; x_wconf 87' lang='lat' dir='ltr'>revolvente</span> <span class='ocrx_word' id='word_1_52' title='bbox 1434 1214 1472 1280; x_wconf 89' lang='lat' dir='ltr'>in</span> <span class='ocrx_word' id='word_1_53' title='bbox 1491 1216 1611 1322; x_wconf 82' lang='lat' dir='ltr'>ipsam</span> <span class='ocrx_word' id='word_1_54' title='bbox 1623 1218 1760 1301; x_wconf 90' lang='lat' dir='ltr'>partem</span> <span class='ocrx_word' id='word_1_55' title='bbox 1779 1213 2045 1302; x_wconf 87' lang='lat' dir='ltr'>septemtrionis</span> <span class='ocrx_word' id='word_1_56' title='bbox 2061 1215 2158 1302; x_wconf 89' lang='lat' dir='ltr'>passi</span> 
     </span>
     <span class='ocr_line' id='line_1_6' title="bbox 303 1366 2157 1461; baseline -0.003 -18"><span class='ocrx_word' id='word_1_57' title='bbox 303 1375 461 1461; x_wconf 89' lang='lat' dir='ltr'>triginta</span> <span class='ocrx_word' id='word_1_58' title='bbox 483 1378 519 1440; x_wconf 86' lang='lat' dir='ltr'>et</span> <span class='ocrx_word' id='word_1_59' title='bbox 543 1374 705 1441; x_wconf 88' lang='lat' dir='ltr'>cubitum</span> <span class='ocrx_word' id='word_1_60' title='bbox 730 1389 855 1437; x_wconf 92' lang='lat' dir='ltr'>unum.</span> <span class='ocrx_word' id='word_1_61' title='bbox 881 1371 926 1436; x_wconf 90' lang='lat' dir='ltr'>Et</span> <span class='ocrx_word' id='word_1_62' title='bbox 951 1367 1151 1438; x_wconf 90' lang='lat' dir='ltr'>revolvente</span> <span class='ocrx_word' id='word_1_63' title='bbox 1177 1369 1215 1436; x_wconf 91' lang='lat' dir='ltr'>in</span> <span class='ocrx_word' id='word_1_64' title='bbox 1241 1369 1354 1456; x_wconf 84' lang='lat' dir='ltr'>ipsam</span> <span class='ocrx_word' id='word_1_65' title='bbox 1379 1372 1517 1454; x_wconf 91' lang='lat' dir='ltr'>partem</span> <span class='ocrx_word' id='word_1_66' title='bbox 1541 1368 1692 1435; x_wconf 91' lang='lat' dir='ltr'>orientis</span> <span class='ocrx_word' id='word_1_67' title='bbox 1715 1366 1810 1455; x_wconf 86' lang='lat' dir='ltr'>passi</span> <span class='ocrx_word' id='word_1_68' title='bbox 1834 1369 1990 1456; x_wconf 88' lang='lat' dir='ltr'>triginta</span> <span class='ocrx_word' id='word_1_69' title='bbox 2006 1369 2088 1438; x_wconf 92' lang='lat' dir='ltr'>duo.</span> <span class='ocrx_word' id='word_1_70' title='bbox 2108 1373 2157 1440; x_wconf 85' lang='lat' dir='ltr'>Et</span> 
     </span>
     <span class='ocr_line' id='line_1_7' title="bbox 310 1520 2155 1612; baseline -0.001 -19"><span class='ocrx_word' id='word_1_71' title='bbox 310 1525 512 1595; x_wconf 87' lang='lat' dir='ltr'>revolvente</span> <span class='ocrx_word' id='word_1_72' title='bbox 537 1527 574 1592; x_wconf 92' lang='lat' dir='ltr'>in</span> <span class='ocrx_word' id='word_1_73' title='bbox 600 1527 713 1612; x_wconf 83' lang='lat' dir='ltr'>ipsam</span> <span class='ocrx_word' id='word_1_74' title='bbox 739 1529 876 1610; x_wconf 90' lang='lat' dir='ltr'>partem</span> <span class='ocrx_word' id='word_1_75' title='bbox 900 1523 1165 1610; x_wconf 85' lang='lat' dir='ltr'>septemtrionis</span> <span class='ocrx_word' id='word_1_76' title='bbox 1190 1521 1284 1608; x_wconf 90' lang='lat' dir='ltr'>passi</span> <span class='ocrx_word' id='word_1_77' title='bbox 1312 1522 1454 1608; x_wconf 87' lang='lat' dir='ltr'>viginti.</span> <span class='ocrx_word' id='word_1_78' title='bbox 1480 1523 1526 1588; x_wconf 81' lang='lat' dir='ltr'>Et</span> <span class='ocrx_word' id='word_1_79' title='bbox 1556 1520 1757 1589; x_wconf 89' lang='lat' dir='ltr'>revolvente</span> <span class='ocrx_word' id='word_1_80' title='bbox 1795 1523 1831 1588; x_wconf 94' lang='grc'>19</span> <span class='ocrx_word' id='word_1_81' title='bbox 1869 1525 1984 1609; x_wconf 90' lang='lat' dir='ltr'>ipsam</span> <span class='ocrx_word' id='word_1_82' title='bbox 2020 1529 2155 1610; x_wconf 88' lang='lat' dir='ltr'>partem</span> 
     </span>
     <span class='ocr_line' id='line_1_8' title="bbox 306 1675 2161 1767; baseline 0 -20"><span class='ocrx_word' id='word_1_83' title='bbox 306 1681 459 1749; x_wconf 89' lang='lat' dir='ltr'>orientis</span> <span class='ocrx_word' id='word_1_84' title='bbox 483 1679 579 1765; x_wconf 87' lang='lat' dir='ltr'>passi</span> <span class='ocrx_word' id='word_1_85' title='bbox 604 1677 871 1767; x_wconf 88' lang='lat' dir='ltr'>quinquaginta</span> <span class='ocrx_word' id='word_1_86' title='bbox 894 1684 971 1745; x_wconf 88' lang='grc'>9919</span> <span class='ocrx_word' id='word_1_87' title='bbox 995 1680 1049 1744; x_wconf 86' lang='grc'>991</span> <span class='ocrx_word' id='word_1_88' title='bbox 1073 1681 1109 1744; x_wconf 84' lang='grc'>91</span> <span class='ocrx_word' id='word_1_89' title='bbox 1132 1676 1292 1744; x_wconf 89' lang='lat' dir='ltr'>cubitum</span> <span class='ocrx_word' id='word_1_90' title='bbox 1320 1695 1442 1744; x_wconf 92' lang='lat' dir='ltr'>unum.</span> <span class='ocrx_word' id='word_1_91' title='bbox 1468 1679 1514 1744; x_wconf 86' lang='lat' dir='ltr'>Et</span> <span class='ocrx_word' id='word_1_92' title='bbox 1531 1675 1731 1744; x_wconf 88' lang='lat' dir='ltr'>revolvente</span> <span class='ocrx_word' id='word_1_93' title='bbox 1749 1677 1786 1745; x_wconf 90' lang='lat' dir='ltr'>in</span> <span class='ocrx_word' id='word_1_94' title='bbox 1804 1679 1914 1764; x_wconf 85' lang='lat' dir='ltr'>ipsam</span> <span class='ocrx_word' id='word_1_95' title='bbox 1932 1683 2068 1764; x_wconf 87' lang='lat' dir='ltr'>partem</span> <span class='ocrx_word' id='word_1_96' title='bbox 2087 1699 2161 1748; x_wconf 93' lang='lat' dir='ltr'>me·</span> 
     </span>
     <span class='ocr_line' id='line_1_9' title="bbox 308 1829 2160 1923; baseline 0.001 -23"><span class='ocrx_word' id='word_1_97' title='bbox 308 1833 401 1901; x_wconf 89' lang='lat' dir='ltr'>ridie</span> <span class='ocrx_word' id='word_1_98' title='bbox 426 1829 521 1918; x_wconf 87' lang='lat' dir='ltr'>passi</span> <span class='ocrx_word' id='word_1_99' title='bbox 547 1830 699 1918; x_wconf 86' lang='lat' dir='ltr'>triginta</span> <span class='ocrx_word' id='word_1_100' title='bbox 721 1849 785 1898; x_wconf 87' lang='lat' dir='ltr'>sex</span> <span class='ocrx_word' id='word_1_101' title='bbox 809 1839 846 1899; x_wconf 85' lang='lat' dir='ltr'>et</span> <span class='ocrx_word' id='word_1_102' title='bbox 868 1831 1030 1900; x_wconf 86' lang='lat' dir='ltr'>cubitum</span> <span class='ocrx_word' id='word_1_103' title='bbox 1056 1849 1179 1898; x_wconf 90' lang='lat' dir='ltr'>unum.</span> <span class='ocrx_word' id='word_1_104' title='bbox 1209 1833 1254 1898; x_wconf 88' lang='lat' dir='ltr'>Et</span> <span class='ocrx_word' id='word_1_105' title='bbox 1278 1831 1484 1898; x_wconf 90' lang='lat' dir='ltr'>revolvente</span> <span class='ocrx_word' id='word_1_106' title='bbox 1512 1831 1549 1896; x_wconf 92' lang='lat' dir='ltr'>in</span> <span class='ocrx_word' id='word_1_107' title='bbox 1574 1831 1687 1916; x_wconf 88' lang='lat' dir='ltr'>ipsam</span> <span class='ocrx_word' id='word_1_108' title='bbox 1712 1837 1849 1918; x_wconf 90' lang='lat' dir='ltr'>partem</span> <span class='ocrx_word' id='word_1_109' title='bbox 1885 1833 2033 1902; x_wconf 91' lang='lat' dir='ltr'>meridie</span> <span class='ocrx_word' id='word_1_110' title='bbox 2063 1837 2160 1923; x_wconf 87' lang='lat' dir='ltr'>passi</span> 
     </span>
     <span class='ocr_line' id='line_1_10' title="bbox 310 1981 2163 2072; baseline 0.004 -22"><span class='ocrx_word' id='word_1_111' title='bbox 310 1982 494 2070; x_wconf 88' lang='lat' dir='ltr'>octoginta</span> <span class='ocrx_word' id='word_1_112' title='bbox 516 1981 598 2049; x_wconf 94' lang='lat' dir='ltr'>duo.</span> <span class='ocrx_word' id='word_1_113' title='bbox 624 1984 670 2050; x_wconf 87' lang='lat' dir='ltr'>Et</span> <span class='ocrx_word' id='word_1_114' title='bbox 693 1982 786 2050; x_wconf 86' lang='lat' dir='ltr'>dixit</span> <span class='ocrx_word' id='word_1_115' title='bbox 809 2001 846 2051; x_wconf 90' lang='lat' dir='ltr'>se</span> <span class='ocrx_word' id='word_1_116' title='bbox 869 1984 1002 2052; x_wconf 89' lang='lat' dir='ltr'>habere</span> <span class='ocrx_word' id='word_1_117' title='bbox 1025 1983 1068 2050; x_wconf 91' lang='grc'>(19</span> <span class='ocrx_word' id='word_1_118' title='bbox 1091 1989 1168 2052; x_wconf 89' lang='grc'>9919</span> <span class='ocrx_word' id='word_1_119' title='bbox 1193 1985 1354 2071; x_wconf 90' lang='lat' dir='ltr'>partibus</span> <span class='ocrx_word' id='word_1_120' title='bbox 1378 1988 1450 2052; x_wconf 90' lang='lat' dir='ltr'>tres</span> <span class='ocrx_word' id='word_1_121' title='bbox 1476 1989 1594 2070; x_wconf 90' lang='lat' dir='ltr'>partes</span> <span class='ocrx_word' id='word_1_122' title='bbox 1619 1984 1661 2052; x_wconf 92' lang='lat' dir='ltr'>de</span> <span class='ocrx_word' id='word_1_123' title='bbox 1688 2004 1760 2053; x_wconf 89' lang='lat' dir='ltr'>uua</span> <span class='ocrx_word' id='word_1_124' title='bbox 1784 1987 1885 2072; x_wconf 88' lang='lat' dir='ltr'>peoia</span> <span class='ocrx_word' id='word_1_125' title='bbox 1909 1987 1951 2055; x_wconf 89' lang='lat' dir='ltr'>de</span> <span class='ocrx_word' id='word_1_126' title='bbox 1976 1999 2075 2058; x_wconf 89' lang='lat' dir='ltr'>terra</span> <span class='ocrx_word' id='word_1_127' title='bbox 2093 1990 2163 2058; x_wconf 89' lang='lat' dir='ltr'>ibi-</span> 
     </span>
     <span class='ocr_line' id='line_1_11' title="bbox 307 2135 2163 2236; baseline 0.004 -32"><span class='ocrx_word' id='word_1_128' title='bbox 307 2135 387 2204; x_wconf 91' lang='lat' dir='ltr'>dem</span> <span class='ocrx_word' id='word_1_129' title='bbox 412 2135 612 2222; x_wconf 88' lang='lat' dir='ltr'>propinqua</span> <span class='ocrx_word' id='word_1_130' title='bbox 639 2139 697 2204; x_wconf 94' lang='lat' dir='ltr'>ubi</span> <span class='ocrx_word' id='word_1_131' title='bbox 723 2135 863 2222; x_wconf 90' lang='lat' dir='ltr'>longola</span> <span class='ocrx_word' id='word_1_132' title='bbox 886 2135 1029 2221; x_wconf 85' lang='lat' dir='ltr'>dieitur,</span> <span class='ocrx_word' id='word_1_133' title='bbox 1054 2155 1131 2236; x_wconf 82' lang='lat' dir='ltr'>que¹</span> <span class='ocrx_word' id='word_1_134' title='bbox 1147 2142 1201 2204; x_wconf 89' lang='lat' dir='ltr'>est</span> <span class='ocrx_word' id='word_1_135' title='bbox 1227 2156 1288 2223; x_wconf 89' lang='lat' dir='ltr'>per</span> <span class='ocrx_word' id='word_1_136' title='bbox 1312 2139 1378 2206; x_wconf 88' lang='lat' dir='ltr'>has</span> <span class='ocrx_word' id='word_1_137' title='bbox 1402 2137 1489 2205; x_wconf 90' lang='lat' dir='ltr'>fines</span> <span class='ocrx_word' id='word_1_138' title='bbox 1511 2144 1547 2205; x_wconf 91' lang='lat' dir='ltr'>et</span> <span class='ocrx_word' id='word_1_139' title='bbox 1572 2157 1770 2207; x_wconf 79' lang='lat' dir='ltr'>mensuras,</span> <span class='ocrx_word' id='word_1_140' title='bbox 1797 2142 1947 2228; x_wconf 90' lang='lat' dir='ltr'>Aparte</span> <span class='ocrx_word' id='word_1_141' title='bbox 1963 2143 2163 2213; x_wconf 84' lang='lat' dir='ltr'>occidentis</span> 
     </span>
     <span class='ocr_line' id='line_1_12' title="bbox 313 2290 2163 2378; baseline 0.004 -18"><span class='ocrx_word' id='word_1_142' title='bbox 313 2291 406 2378; x_wconf 88' lang='lat' dir='ltr'>passi</span> <span class='ocrx_word' id='word_1_143' title='bbox 433 2291 677 2378; x_wconf 90' lang='lat' dir='ltr'>quadraginta</span> <span class='ocrx_word' id='word_1_144' title='bbox 702 2295 790 2358; x_wconf 91' lang='lat' dir='ltr'>tres.</span> <span class='ocrx_word' id='word_1_145' title='bbox 815 2293 964 2378; x_wconf 83' lang='lat' dir='ltr'>Aperte</span> <span class='ocrx_word' id='word_1_146' title='bbox 987 2292 1137 2356; x_wconf 89' lang='lat' dir='ltr'>orientis</span> <span class='ocrx_word' id='word_1_147' title='bbox 1161 2298 1246 2359; x_wconf 92' lang='lat' dir='ltr'>sunt</span> <span class='ocrx_word' id='word_1_148' title='bbox 1270 2290 1363 2378; x_wconf 88' lang='lat' dir='ltr'>passi</span> <span class='ocrx_word' id='word_1_149' title='bbox 1399 2293 1532 2362; x_wconf 89' lang='lat' dir='ltr'>decern.</span> <span class='ocrx_word' id='word_1_150' title='bbox 1572 2294 1615 2361; x_wconf 82' lang='lat' dir='ltr'>Et</span> <span class='ocrx_word' id='word_1_151' title='bbox 1650 2295 1851 2374; x_wconf 88' lang='lat' dir='ltr'>revolvente</span> <span class='ocrx_word' id='word_1_152' title='bbox 1887 2301 2085 2366; x_wconf 89' lang='lat' dir='ltr'>mensurati</span> <span class='ocrx_word' id='word_1_153' title='bbox 2122 2300 2163 2368; x_wconf 91' lang='lat' dir='ltr'>in</span> 
     </span>
     <span class='ocr_line' id='line_1_13' title="bbox 313 2445 2167 2540; baseline 0.004 -26"><span class='ocrx_word' id='word_1_154' title='bbox 313 2451 451 2532; x_wconf 85' lang='lat' dir='ltr'>partem</span> <span class='ocrx_word' id='word_1_155' title='bbox 476 2445 742 2531; x_wconf 85' lang='lat' dir='ltr'>septemtrionis</span> <span class='ocrx_word' id='word_1_156' title='bbox 765 2446 859 2530; x_wconf 89' lang='lat' dir='ltr'>passi</span> <span class='ocrx_word' id='word_1_157' title='bbox 883 2449 1038 2511; x_wconf 90' lang='lat' dir='ltr'>centum.</span> <span class='ocrx_word' id='word_1_158' title='bbox 1066 2447 1094 2511; x_wconf 91' lang='lat' dir='ltr'>A</span> <span class='ocrx_word' id='word_1_159' title='bbox 1120 2451 1220 2530; x_wconf 86' lang='lat' dir='ltr'>parte</span> <span class='ocrx_word' id='word_1_160' title='bbox 1247 2447 1396 2514; x_wconf 88' lang='lat' dir='ltr'>orientis</span> <span class='ocrx_word' id='word_1_161' title='bbox 1431 2449 1502 2514; x_wconf 85' lang='lat' dir='ltr'>line</span> <span class='ocrx_word' id='word_1_162' title='bbox 1539 2449 1596 2515; x_wconf 89' lang='lat' dir='ltr'>via</span> <span class='ocrx_word' id='word_1_163' title='bbox 1631 2453 1666 2516; x_wconf 91' lang='lat' dir='ltr'>et</span> <span class='ocrx_word' id='word_1_164' title='bbox 1697 2450 1790 2534; x_wconf 86' lang='lat' dir='ltr'>passi</span> <span class='ocrx_word' id='word_1_165' title='bbox 1823 2453 1960 2520; x_wconf 89' lang='lat' dir='ltr'>nobem.</span> <span class='ocrx_word' id='word_1_166' title='bbox 1997 2455 2028 2520; x_wconf 87' lang='lat' dir='ltr'>A</span> <span class='ocrx_word' id='word_1_167' title='bbox 2064 2460 2167 2540; x_wconf 88' lang='lat' dir='ltr'>parte</span> 
     </span>
     <span class='ocr_line' id='line_1_14' title="bbox 311 2596 2164 2687; baseline 0.003 -22"><span class='ocrx_word' id='word_1_168' title='bbox 311 2599 461 2667; x_wconf 91' lang='lat' dir='ltr'>meridie</span> <span class='ocrx_word' id='word_1_169' title='bbox 484 2601 570 2664; x_wconf 85' lang='lat' dir='ltr'>sunt</span> <span class='ocrx_word' id='word_1_170' title='bbox 593 2598 690 2684; x_wconf 87' lang='lat' dir='ltr'>passi</span> <span class='ocrx_word' id='word_1_171' title='bbox 714 2601 857 2665; x_wconf 89' lang='lat' dir='ltr'>centum</span> <span class='ocrx_word' id='word_1_172' title='bbox 883 2596 1125 2684; x_wconf 88' lang='lat' dir='ltr'>quadraginta</span> <span class='ocrx_word' id='word_1_173' title='bbox 1151 2605 1227 2664; x_wconf 90' lang='lat' dir='ltr'>octo</span> <span class='ocrx_word' id='word_1_174' title='bbox 1250 2605 1286 2665; x_wconf 90' lang='lat' dir='ltr'>et</span> <span class='ocrx_word' id='word_1_175' title='bbox 1310 2599 1447 2666; x_wconf 92' lang='lat' dir='ltr'>medius</span> <span class='ocrx_word' id='word_1_176' title='bbox 1470 2605 1506 2665; x_wconf 91' lang='lat' dir='ltr'>et</span> <span class='ocrx_word' id='word_1_177' title='bbox 1530 2600 1730 2668; x_wconf 87' lang='lat' dir='ltr'>revolvente</span> <span class='ocrx_word' id='word_1_178' title='bbox 1754 2603 1790 2664; x_wconf 92' lang='lat' dir='ltr'>in</span> <span class='ocrx_word' id='word_1_179' title='bbox 1825 2605 1965 2687; x_wconf 87' lang='lat' dir='ltr'>partem</span> <span class='ocrx_word' id='word_1_180' title='bbox 2000 2604 2164 2673; x_wconf 85' lang='lat' dir='ltr'>occiden-</span> 
     </span>
     <span class='ocr_line' id='line_1_15' title="bbox 312 2748 2172 2842; baseline 0.002 -20"><span class='ocrx_word' id='word_1_181' title='bbox 312 2756 361 2822; x_wconf 89' lang='lat' dir='ltr'>tis</span> <span class='ocrx_word' id='word_1_182' title='bbox 385 2753 479 2840; x_wconf 88' lang='lat' dir='ltr'>passi</span> <span class='ocrx_word' id='word_1_183' title='bbox 506 2753 636 2839; x_wconf 88' lang='lat' dir='ltr'>viginti</span> <span class='ocrx_word' id='word_1_184' title='bbox 664 2750 745 2820; x_wconf 91' lang='lat' dir='ltr'>duo.</span> <span class='ocrx_word' id='word_1_185' title='bbox 772 2751 817 2818; x_wconf 90' lang='lat' dir='ltr'>Et</span> <span class='ocrx_word' id='word_1_186' title='bbox 839 2748 934 2816; x_wconf 89' lang='lat' dir='ltr'>dixit</span> <span class='ocrx_word' id='word_1_187' title='bbox 957 2768 994 2816; x_wconf 91' lang='lat' dir='ltr'>se</span> <span class='ocrx_word' id='word_1_188' title='bbox 1018 2750 1151 2816; x_wconf 89' lang='lat' dir='ltr'>habere</span> <span class='ocrx_word' id='word_1_189' title='bbox 1174 2749 1216 2817; x_wconf 91' lang='lat' dir='ltr'>de</span> <span class='ocrx_word' id='word_1_190' title='bbox 1239 2751 1391 2817; x_wconf 86' lang='lat' dir='ltr'>sedecim</span> <span class='ocrx_word' id='word_1_191' title='bbox 1416 2751 1577 2837; x_wconf 89' lang='lat' dir='ltr'>partibus</span> <span class='ocrx_word' id='word_1_192' title='bbox 1601 2757 1674 2819; x_wconf 88' lang='lat' dir='ltr'>tres</span> <span class='ocrx_word' id='word_1_193' title='bbox 1698 2762 1818 2839; x_wconf 90' lang='lat' dir='ltr'>partes</span> <span class='ocrx_word' id='word_1_194' title='bbox 1841 2755 1884 2821; x_wconf 92' lang='grc'>(19</span> <span class='ocrx_word' id='word_1_195' title='bbox 1910 2775 1982 2824; x_wconf 83' lang='grc'>999</span> <span class='ocrx_word' id='word_1_196' title='bbox 2010 2757 2111 2842; x_wconf 86' lang='lat' dir='ltr'>peoia</span> <span class='ocrx_word' id='word_1_197' title='bbox 2128 2759 2172 2826; x_wconf 91' lang='lat' dir='ltr'>de</span> 
     </span>
     <span class='ocr_line' id='line_1_16' title="bbox 312 2903 2164 2997; baseline 0.002 -23"><span class='ocrx_word' id='word_1_198' title='bbox 312 2911 413 2976; x_wconf 89' lang='lat' dir='ltr'>terra</span> <span class='ocrx_word' id='word_1_199' title='bbox 438 2906 566 2973; x_wconf 88' lang='lat' dir='ltr'>ibidem</span> <span class='ocrx_word' id='word_1_200' title='bbox 593 2907 796 2991; x_wconf 91' lang='lat' dir='ltr'>propinqua</span> <span class='ocrx_word' id='word_1_201' title='bbox 819 2923 881 2990; x_wconf 91' lang='lat' dir='ltr'>per</span> <span class='ocrx_word' id='word_1_202' title='bbox 906 2903 995 2970; x_wconf 88' lang='lat' dir='ltr'>dues</span> <span class='ocrx_word' id='word_1_203' title='bbox 1018 2907 1054 2970; x_wconf 91' lang='lat' dir='ltr'>et</span> <span class='ocrx_word' id='word_1_204' title='bbox 1077 2923 1275 2972; x_wconf 89' lang='lat' dir='ltr'>mensuras.</span> <span class='ocrx_word' id='word_1_205' title='bbox 1302 2909 1330 2973; x_wconf 90' lang='lat' dir='ltr'>A</span> <span class='ocrx_word' id='word_1_206' title='bbox 1356 2913 1456 2992; x_wconf 89' lang='lat' dir='ltr'>parte</span> <span class='ocrx_word' id='word_1_207' title='bbox 1479 2907 1626 2974; x_wconf 91' lang='lat' dir='ltr'>orientis</span> <span class='ocrx_word' id='word_1_208' title='bbox 1657 2915 1740 2973; x_wconf 88' lang='lat' dir='ltr'>sunt</span> <span class='ocrx_word' id='word_1_209' title='bbox 1764 2909 1858 2992; x_wconf 85' lang='lat' dir='ltr'>pessi</span> <span class='ocrx_word' id='word_1_210' title='bbox 1894 2911 2164 2997; x_wconf 88' lang='lat' dir='ltr'>quinquaginta</span> 
     </span>
     <span class='ocr_line' id='line_1_17' title="bbox 314 3057 2166 3147; baseline 0.003 -19"><span class='ocrx_word' id='word_1_211' title='bbox 314 3066 400 3128; x_wconf 87' lang='lat' dir='ltr'>tres.</span> <span class='ocrx_word' id='word_1_212' title='bbox 428 3063 457 3128; x_wconf 91' lang='lat' dir='ltr'>A</span> <span class='ocrx_word' id='word_1_213' title='bbox 482 3065 582 3147; x_wconf 85' lang='lat' dir='ltr'>parte</span> <span class='ocrx_word' id='word_1_214' title='bbox 606 3060 870 3144; x_wconf 87' lang='lat' dir='ltr'>septemtrionis</span> <span class='ocrx_word' id='word_1_215' title='bbox 892 3063 946 3126; x_wconf 90' lang='lat' dir='ltr'>est</span> <span class='ocrx_word' id='word_1_216' title='bbox 969 3057 1040 3124; x_wconf 87' lang='lat' dir='ltr'>fine</span> <span class='ocrx_word' id='word_1_217' title='bbox 1066 3057 1183 3125; x_wconf 89' lang='lat' dir='ltr'>viaet</span> <span class='ocrx_word' id='word_1_218' title='bbox 1207 3061 1301 3144; x_wconf 91' lang='lat' dir='ltr'>passi</span> <span class='ocrx_word' id='word_1_219' title='bbox 1327 3060 1447 3127; x_wconf 88' lang='lat' dir='ltr'>decem</span> <span class='ocrx_word' id='word_1_220' title='bbox 1471 3068 1506 3127; x_wconf 91' lang='lat' dir='ltr'>et</span> <span class='ocrx_word' id='word_1_221' title='bbox 1531 3061 1668 3130; x_wconf 89' lang='lat' dir='ltr'>nobem.</span> <span class='ocrx_word' id='word_1_222' title='bbox 1695 3064 1844 3147; x_wconf 79' lang='lat' dir='ltr'>Aperte</span> <span class='ocrx_word' id='word_1_223' title='bbox 1860 3063 2055 3133; x_wconf 84' lang='lat' dir='ltr'>occidentis</span> <span class='ocrx_word' id='word_1_224' title='bbox 2080 3073 2166 3133; x_wconf 88' lang='lat' dir='ltr'>sunt</span> 
     </span>
     <span class='ocr_line' id='line_1_18' title="bbox 315 3212 2175 3303; baseline 0.003 -20"><span class='ocrx_word' id='word_1_225' title='bbox 315 3217 411 3303; x_wconf 90' lang='lat' dir='ltr'>passi</span> <span class='ocrx_word' id='word_1_226' title='bbox 436 3213 682 3301; x_wconf 87' lang='lat' dir='ltr'>quadraginta</span> <span class='ocrx_word' id='word_1_227' title='bbox 706 3216 843 3282; x_wconf 90' lang='lat' dir='ltr'>nobem.</span> <span class='ocrx_word' id='word_1_228' title='bbox 870 3215 900 3280; x_wconf 91' lang='lat' dir='ltr'>A</span> <span class='ocrx_word' id='word_1_229' title='bbox 924 3218 1025 3298; x_wconf 90' lang='lat' dir='ltr'>parte</span> <span class='ocrx_word' id='word_1_230' title='bbox 1051 3212 1198 3279; x_wconf 91' lang='lat' dir='ltr'>meridie</span> <span class='ocrx_word' id='word_1_231' title='bbox 1223 3212 1317 3297; x_wconf 87' lang='lat' dir='ltr'>passi</span> <span class='ocrx_word' id='word_1_232' title='bbox 1342 3212 1462 3279; x_wconf 84' lang='lat' dir='ltr'>decem</span> <span class='ocrx_word' id='word_1_233' title='bbox 1487 3221 1522 3280; x_wconf 90' lang='lat' dir='ltr'>et</span> <span class='ocrx_word' id='word_1_234' title='bbox 1546 3224 1622 3280; x_wconf 89' lang='lat' dir='ltr'>octo</span> <span class='ocrx_word' id='word_1_235' title='bbox 1646 3225 1681 3281; x_wconf 92' lang='lat' dir='ltr'>et</span> <span class='ocrx_word' id='word_1_236' title='bbox 1704 3217 1866 3283; x_wconf 92' lang='lat' dir='ltr'>cubitum</span> <span class='ocrx_word' id='word_1_237' title='bbox 1893 3237 2015 3285; x_wconf 92' lang='lat' dir='ltr'>unum.</span> <span class='ocrx_word' id='word_1_238' title='bbox 2043 3221 2088 3288; x_wconf 89' lang='lat' dir='ltr'>Et</span> <span class='ocrx_word' id='word_1_239' title='bbox 2119 3221 2175 3288; x_wconf 96' lang='lat' dir='ltr'>di-</span> 
     </span>
     <span class='ocr_line' id='line_1_19' title="bbox 316 3367 2170 3459; baseline 0.003 -21"><span class='ocrx_word' id='word_1_240' title='bbox 316 3371 376 3440; x_wconf 86' lang='lat' dir='ltr'>xit</span> <span class='ocrx_word' id='word_1_241' title='bbox 400 3389 437 3438; x_wconf 91' lang='lat' dir='ltr'>se</span> <span class='ocrx_word' id='word_1_242' title='bbox 461 3371 594 3438; x_wconf 85' lang='lat' dir='ltr'>habere</span> <span class='ocrx_word' id='word_1_243' title='bbox 619 3369 662 3436; x_wconf 88' lang='lat' dir='ltr'>de</span> <span class='ocrx_word' id='word_1_244' title='bbox 687 3379 765 3436; x_wconf 88' lang='lat' dir='ltr'>octo</span> <span class='ocrx_word' id='word_1_245' title='bbox 788 3369 953 3454; x_wconf 88' lang='lat' dir='ltr'>partibus</span> <span class='ocrx_word' id='word_1_246' title='bbox 975 3372 1050 3434; x_wconf 91' lang='lat' dir='ltr'>tres</span> <span class='ocrx_word' id='word_1_247' title='bbox 1074 3371 1193 3452; x_wconf 88' lang='lat' dir='ltr'>partes</span> <span class='ocrx_word' id='word_1_248' title='bbox 1216 3367 1259 3434; x_wconf 91' lang='lat' dir='ltr'>de</span> <span class='ocrx_word' id='word_1_249' title='bbox 1285 3385 1356 3435; x_wconf 88' lang='lat' dir='ltr'>una</span> <span class='ocrx_word' id='word_1_250' title='bbox 1381 3368 1482 3452; x_wconf 83' lang='lat' dir='ltr'>pecie</span> <span class='ocrx_word' id='word_1_251' title='bbox 1512 3369 1554 3436; x_wconf 92' lang='lat' dir='ltr'>de</span> <span class='ocrx_word' id='word_1_252' title='bbox 1580 3377 1675 3437; x_wconf 89' lang='lat' dir='ltr'>terra</span> <span class='ocrx_word' id='word_1_253' title='bbox 1710 3390 1790 3437; x_wconf 91' lang='lat' dir='ltr'>oum</span> <span class='ocrx_word' id='word_1_254' title='bbox 1826 3373 2001 3459; x_wconf 89' lang='lat' dir='ltr'>arbusto,</span> <span class='ocrx_word' id='word_1_255' title='bbox 2028 3376 2087 3442; x_wconf 89' lang='lat' dir='ltr'>ubi</span> <span class='ocrx_word' id='word_1_256' title='bbox 2125 3376 2170 3444; x_wconf 90' lang='lat' dir='ltr'>ad</span> 
     </span>
     <span class='ocr_line' id='line_1_20' title="bbox 318 3518 2168 3613; baseline 0.005 -25"><span class='ocrx_word' id='word_1_257' title='bbox 318 3521 514 3589; x_wconf 88' lang='lat' dir='ltr'>murtulam</span> <span class='ocrx_word' id='word_1_258' title='bbox 541 3519 690 3606; x_wconf 85' lang='lat' dir='ltr'>dieitur,</span> <span class='ocrx_word' id='word_1_259' title='bbox 715 3537 784 3606; x_wconf 92' lang='lat' dir='ltr'>que</span> <span class='ocrx_word' id='word_1_260' title='bbox 808 3525 861 3586; x_wconf 90' lang='lat' dir='ltr'>est</span> <span class='ocrx_word' id='word_1_261' title='bbox 885 3537 947 3605; x_wconf 93' lang='lat' dir='ltr'>per</span> <span class='ocrx_word' id='word_1_262' title='bbox 972 3518 1231 3606; x_wconf 83' lang='lat' dir='ltr'>longitudinem</span> <span class='ocrx_word' id='word_1_263' title='bbox 1256 3522 1352 3606; x_wconf 90' lang='lat' dir='ltr'>passi</span> <span class='ocrx_word' id='word_1_264' title='bbox 1376 3522 1622 3609; x_wconf 86' lang='lat' dir='ltr'>quadraginta</span> <span class='ocrx_word' id='word_1_265' title='bbox 1647 3531 1745 3610; x_wconf 88' lang='lat' dir='ltr'>tres;</span> <span class='ocrx_word' id='word_1_266' title='bbox 1772 3531 1807 3594; x_wconf 91' lang='lat' dir='ltr'>et</span> <span class='ocrx_word' id='word_1_267' title='bbox 1838 3547 1900 3613; x_wconf 90' lang='lat' dir='ltr'>per</span> <span class='ocrx_word' id='word_1_268' title='bbox 1936 3530 2168 3598; x_wconf 88' lang='lat' dir='ltr'>latitudinem</span> 
     </span>
     <span class='ocr_line' id='line_1_21' title="bbox 316 3671 2171 3766; baseline 0.004 -23"><span class='ocrx_word' id='word_1_269' title='bbox 316 3675 411 3762; x_wconf 85' lang='lat' dir='ltr'>passi</span> <span class='ocrx_word' id='word_1_270' title='bbox 436 3675 556 3742; x_wconf 88' lang='lat' dir='ltr'>decem</span> <span class='ocrx_word' id='word_1_271' title='bbox 581 3678 617 3741; x_wconf 87' lang='lat' dir='ltr'>et</span> <span class='ocrx_word' id='word_1_272' title='bbox 640 3678 786 3759; x_wconf 89' lang='lat' dir='ltr'>septem.</span> <span class='ocrx_word' id='word_1_273' title='bbox 814 3673 860 3738; x_wconf 84' lang='lat' dir='ltr'>Et</span> <span class='ocrx_word' id='word_1_274' title='bbox 883 3671 979 3740; x_wconf 83' lang='lat' dir='ltr'>dixit</span> <span class='ocrx_word' id='word_1_275' title='bbox 1001 3689 1038 3738; x_wconf 93' lang='lat' dir='ltr'>se</span> <span class='ocrx_word' id='word_1_276' title='bbox 1063 3673 1195 3741; x_wconf 89' lang='lat' dir='ltr'>habere</span> <span class='ocrx_word' id='word_1_277' title='bbox 1219 3673 1362 3740; x_wconf 89' lang='grc'>(199919</span> <span class='ocrx_word' id='word_1_278' title='bbox 1386 3677 1546 3760; x_wconf 90' lang='lat' dir='ltr'>partibus</span> <span class='ocrx_word' id='word_1_279' title='bbox 1570 3681 1642 3744; x_wconf 91' lang='lat' dir='ltr'>tres</span> <span class='ocrx_word' id='word_1_280' title='bbox 1667 3683 1789 3762; x_wconf 87' lang='lat' dir='ltr'>partes</span> <span class='ocrx_word' id='word_1_281' title='bbox 1812 3679 1855 3745; x_wconf 91' lang='lat' dir='ltr'>de</span> <span class='ocrx_word' id='word_1_282' title='bbox 1888 3699 1959 3749; x_wconf 89' lang='lat' dir='ltr'>una</span> <span class='ocrx_word' id='word_1_283' title='bbox 1998 3684 2099 3766; x_wconf 82' lang='lat' dir='ltr'>peria</span> <span class='ocrx_word' id='word_1_284' title='bbox 2127 3683 2171 3751; x_wconf 88' lang='lat' dir='ltr'>de</span> 
     </span>
     <span class='ocr_line' id='line_1_22' title="bbox 320 3826 2173 3922; baseline 0.004 -25"><span class='ocrx_word' id='word_1_285' title='bbox 320 3835 434 3916; x_wconf 87' lang='lat' dir='ltr'>terra,</span> <span class='ocrx_word' id='word_1_286' title='bbox 462 3831 521 3897; x_wconf 92' lang='lat' dir='ltr'>ubi</span> <span class='ocrx_word' id='word_1_287' title='bbox 546 3829 690 3917; x_wconf 87' lang='lat' dir='ltr'>gauiusi</span> <span class='ocrx_word' id='word_1_288' title='bbox 716 3828 862 3914; x_wconf 88' lang='lat' dir='ltr'>dicitur,</span> <span class='ocrx_word' id='word_1_289' title='bbox 884 3845 952 3913; x_wconf 90' lang='lat' dir='ltr'>que</span> <span class='ocrx_word' id='word_1_290' title='bbox 976 3831 1029 3894; x_wconf 90' lang='lat' dir='ltr'>est</span> <span class='ocrx_word' id='word_1_291' title='bbox 1051 3845 1114 3914; x_wconf 88' lang='lat' dir='ltr'>per</span> <span class='ocrx_word' id='word_1_292' title='bbox 1140 3826 1366 3895; x_wconf 88' lang='lat' dir='ltr'>latitudinem</span> <span class='ocrx_word' id='word_1_293' title='bbox 1392 3832 1485 3915; x_wconf 85' lang='lat' dir='ltr'>passi</span> <span class='ocrx_word' id='word_1_294' title='bbox 1510 3831 1629 3898; x_wconf 81' lang='lat' dir='ltr'>decern</span> <span class='ocrx_word' id='word_1_295' title='bbox 1652 3837 1688 3897; x_wconf 91' lang='lat' dir='ltr'>et</span> <span class='ocrx_word' id='word_1_296' title='bbox 1712 3836 1845 3917; x_wconf 87' lang='lat' dir='ltr'>septem</span> <span class='ocrx_word' id='word_1_297' title='bbox 1871 3839 1906 3901; x_wconf 91' lang='lat' dir='ltr'>et</span> <span class='ocrx_word' id='word_1_298' title='bbox 1929 3854 1993 3920; x_wconf 90' lang='lat' dir='ltr'>per</span> <span class='ocrx_word' id='word_1_299' title='bbox 2011 3833 2173 3922; x_wconf 87' lang='lat' dir='ltr'>longitu-</span> 
     </span>
    </p>
   </div>
   <div class='ocr_carea' id='block_1_3' title="bbox 318 3950 2174 4074">
    <p class='ocr_par' dir='ltr' id='par_1_3' title="bbox 318 3950 2174 4074">
     <span class='ocr_line' id='line_1_23' title="bbox 318 3950 2174 4074; baseline 0.003 -23"><span class='ocrx_word' id='word_1_300' title='bbox 318 3983 441 4051; x_wconf 89' lang='lat' dir='ltr'>dinem</span> <span class='ocrx_word' id='word_1_301' title='bbox 466 3984 738 4069; x_wconf 85' lang='lat' dir='ltr'>quinquaginta</span> <span class='ocrx_word' id='word_1_302' title='bbox 762 3986 839 4048; x_wconf 81' lang='lat' dir='ltr'>octo</span> <span class='ocrx_word' id='word_1_303' title='bbox 863 3979 972 4066; x_wconf 90' lang='lat' dir='ltr'>passi.</span> <span class='ocrx_word' id='word_1_304' title='bbox 998 3981 1043 4047; x_wconf 87' lang='lat' dir='ltr'>Et</span> <span class='ocrx_word' id='word_1_305' title='bbox 1066 3979 1278 4048; x_wconf 84' lang='lat' dir='ltr'>clarificavit</span> <span class='ocrx_word' id='word_1_306' title='bbox 1302 3999 1338 4047; x_wconf 85' lang='lat' dir='ltr'>se</span> <span class='ocrx_word' id='word_1_307' title='bbox 1362 3982 1494 4048; x_wconf 88' lang='lat' dir='ltr'>habere</span> <span class='ocrx_word' id='word_1_308' title='bbox 1517 3983 1560 4049; x_wconf 89' lang='lat' dir='ltr'>de</span> <span class='ocrx_word' id='word_1_309' title='bbox 1584 3989 1660 4049; x_wconf 91' lang='lat' dir='ltr'>ooto</span> <span class='ocrx_word' id='word_1_310' title='bbox 1685 3983 1849 4066; x_wconf 88' lang='lat' dir='ltr'>partibus</span> <span class='ocrx_word' id='word_1_311' title='bbox 1874 3991 1948 4053; x_wconf 90' lang='lat' dir='ltr'>tres</span> <span class='ocrx_word' id='word_1_312' title='bbox 1984 3950 2105 4074; x_wconf 72' lang='lat' dir='ltr'>partes</span> <span class='ocrx_word' id='word_1_313' title='bbox 2129 3989 2174 4058; x_wconf 90' lang='lat' dir='ltr'>de</span> 
     </span>
    </p>
   </div>
   <div class='ocr_carea' id='block_1_4' title="bbox 322 4135 2173 4227">
    <p class='ocr_par' dir='ltr' id='par_1_4' title="bbox 322 4135 2173 4227">
     <span class='ocr_line' id='line_1_24' title="bbox 322 4135 2173 4227; baseline 0.001 -19"><span class='ocrx_word' id='word_1_314' title='bbox 322 4157 396 4208; x_wconf 87' lang='lat' dir='ltr'>una</span> <span class='ocrx_word' id='word_1_315' title='bbox 420 4142 523 4227; x_wconf 83' lang='lat' dir='ltr'>pecie</span> <span class='ocrx_word' id='word_1_316' title='bbox 547 4139 590 4205; x_wconf 93' lang='lat' dir='ltr'>de</span> <span class='ocrx_word' id='word_1_317' title='bbox 615 4143 714 4206; x_wconf 81' lang='lat' dir='ltr'>terre</span> <span class='ocrx_word' id='word_1_318' title='bbox 738 4139 799 4204; x_wconf 93' lang='lat' dir='ltr'>ubi</span> <span class='ocrx_word' id='word_1_319' title='bbox 824 4136 870 4204; x_wconf 90' lang='lat' dir='ltr'>ad</span> <span class='ocrx_word' id='word_1_320' title='bbox 894 4155 1018 4223; x_wconf 89' lang='lat' dir='ltr'>paoem</span> <span class='ocrx_word' id='word_1_321' title='bbox 1043 4135 1189 4221; x_wconf 86' lang='lat' dir='ltr'>dieitur,</span> <span class='ocrx_word' id='word_1_322' title='bbox 1215 4154 1282 4221; x_wconf 88' lang='lat' dir='ltr'>que</span> <span class='ocrx_word' id='word_1_323' title='bbox 1305 4144 1360 4202; x_wconf 90' lang='lat' dir='ltr'>est</span> <span class='ocrx_word' id='word_1_324' title='bbox 1384 4155 1445 4221; x_wconf 90' lang='lat' dir='ltr'>per</span> <span class='ocrx_word' id='word_1_325' title='bbox 1470 4135 1730 4223; x_wconf 84' lang='lat' dir='ltr'>longitudinem</span> <span class='ocrx_word' id='word_1_326' title='bbox 1754 4140 1850 4224; x_wconf 85' lang='lat' dir='ltr'>pessi</span> <span class='ocrx_word' id='word_1_327' title='bbox 1876 4140 2070 4227; x_wconf 89' lang='lat' dir='ltr'>sexaginta</span> <span class='ocrx_word' id='word_1_328' title='bbox 2094 4150 2173 4211; x_wconf 87' lang='lat' dir='ltr'>outo</span> 
     </span>
    </p>
   </div>
   <div class='ocr_carea' id='block_1_5' title="bbox 318 4288 2180 5616">
    <p class='ocr_par' dir='ltr' id='par_1_5' title="bbox 318 4288 2180 5616">
     <span class='ocr_line' id='line_1_25' title="bbox 318 4288 2172 4385; baseline 0.003 -25"><span class='ocrx_word' id='word_1_329' title='bbox 318 4296 357 4360; x_wconf 87' lang='lat' dir='ltr'>et</span> <span class='ocrx_word' id='word_1_330' title='bbox 380 4309 443 4377; x_wconf 90' lang='lat' dir='ltr'>per</span> <span class='ocrx_word' id='word_1_331' title='bbox 468 4288 696 4359; x_wconf 92' lang='lat' dir='ltr'>latitudinem</span> <span class='ocrx_word' id='word_1_332' title='bbox 722 4288 818 4375; x_wconf 88' lang='lat' dir='ltr'>passi</span> <span class='ocrx_word' id='word_1_333' title='bbox 843 4289 991 4376; x_wconf 86' lang='lat' dir='ltr'>viginti.</span> <span class='ocrx_word' id='word_1_334' title='bbox 1018 4291 1061 4356; x_wconf 89' lang='lat' dir='ltr'>Et</span> <span class='ocrx_word' id='word_1_335' title='bbox 1085 4289 1177 4356; x_wconf 84' lang='lat' dir='ltr'>dixit</span> <span class='ocrx_word' id='word_1_336' title='bbox 1201 4307 1239 4356; x_wconf 89' lang='lat' dir='ltr'>se</span> <span class='ocrx_word' id='word_1_337' title='bbox 1262 4290 1394 4357; x_wconf 88' lang='lat' dir='ltr'>habere</span> <span class='ocrx_word' id='word_1_338' title='bbox 1417 4289 1460 4357; x_wconf 89' lang='lat' dir='ltr'>de</span> <span class='ocrx_word' id='word_1_339' title='bbox 1483 4292 1639 4376; x_wconf 82' lang='lat' dir='ltr'>triginta</span> <span class='ocrx_word' id='word_1_340' title='bbox 1662 4292 1801 4360; x_wconf 87' lang='lat' dir='ltr'>duabus</span> <span class='ocrx_word' id='word_1_341' title='bbox 1817 4296 1980 4380; x_wconf 89' lang='lat' dir='ltr'>partibus</span> <span class='ocrx_word' id='word_1_342' title='bbox 1995 4303 2071 4382; x_wconf 77' lang='lat' dir='ltr'>tres</span> <span class='ocrx_word' id='word_1_343' title='bbox 2089 4318 2172 4385; x_wconf 91' lang='lat' dir='ltr'>par-</span> 
     </span>
     <span class='ocr_line' id='line_1_26' title="bbox 322 4442 2177 4536; baseline 0.004 -23"><span class='ocrx_word' id='word_1_344' title='bbox 322 4449 376 4513; x_wconf 87' lang='lat' dir='ltr'>tes</span> <span class='ocrx_word' id='word_1_345' title='bbox 399 4445 443 4512; x_wconf 90' lang='lat' dir='ltr'>de</span> <span class='ocrx_word' id='word_1_346' title='bbox 470 4446 576 4512; x_wconf 88' lang='lat' dir='ltr'>rebus</span> <span class='ocrx_word' id='word_1_347' title='bbox 600 4463 669 4528; x_wconf 91' lang='lat' dir='ltr'>que</span> <span class='ocrx_word' id='word_1_348' title='bbox 695 4450 782 4510; x_wconf 90' lang='lat' dir='ltr'>sunt</span> <span class='ocrx_word' id='word_1_349' title='bbox 807 4445 844 4508; x_wconf 93' lang='lat' dir='ltr'>in</span> <span class='ocrx_word' id='word_1_350' title='bbox 869 4443 1111 4529; x_wconf 86' lang='lat' dir='ltr'>suprascripto</span> <span class='ocrx_word' id='word_1_351' title='bbox 1134 4442 1231 4519; x_wconf 89' lang='grc'>1999,</span> <span class='ocrx_word' id='word_1_352' title='bbox 1258 4443 1318 4510; x_wconf 92' lang='lat' dir='ltr'>ubi</span> <span class='ocrx_word' id='word_1_353' title='bbox 1343 4448 1490 4512; x_wconf 89' lang='lat' dir='ltr'>oatuata</span> <span class='ocrx_word' id='word_1_354' title='bbox 1514 4444 1670 4533; x_wconf 85' lang='lat' dir='ltr'>dieitur,</span> <span class='ocrx_word' id='word_1_355' title='bbox 1695 4467 1763 4532; x_wconf 89' lang='lat' dir='ltr'>que</span> <span class='ocrx_word' id='word_1_356' title='bbox 1798 4453 1882 4516; x_wconf 90' lang='lat' dir='ltr'>sunt</span> <span class='ocrx_word' id='word_1_357' title='bbox 1916 4467 1980 4536; x_wconf 90' lang='lat' dir='ltr'>per</span> <span class='ocrx_word' id='word_1_358' title='bbox 2015 4453 2119 4519; x_wconf 89' lang='lat' dir='ltr'>fines.</span> <span class='ocrx_word' id='word_1_359' title='bbox 2144 4453 2177 4520; x_wconf 89' lang='lat' dir='ltr'>A</span> 
     </span>
     <span class='ocr_line' id='line_1_27' title="bbox 325 4598 2175 4691; baseline 0.003 -21"><span class='ocrx_word' id='word_1_360' title='bbox 325 4607 429 4691; x_wconf 89' lang='lat' dir='ltr'>parte</span> <span class='ocrx_word' id='word_1_361' title='bbox 454 4601 733 4686; x_wconf 86' lang='lat' dir='ltr'>septemtrionis,</span> <span class='ocrx_word' id='word_1_362' title='bbox 759 4599 853 4664; x_wconf 88' lang='lat' dir='ltr'>sicut</span> <span class='ocrx_word' id='word_1_363' title='bbox 877 4598 993 4666; x_wconf 88' lang='lat' dir='ltr'>media</span> <span class='ocrx_word' id='word_1_364' title='bbox 1017 4616 1116 4684; x_wconf 88' lang='lat' dir='ltr'>sepes</span> <span class='ocrx_word' id='word_1_365' title='bbox 1140 4599 1322 4667; x_wconf 86' lang='lat' dir='ltr'>discernit.</span> <span class='ocrx_word' id='word_1_366' title='bbox 1349 4601 1379 4667; x_wconf 93' lang='lat' dir='ltr'>A</span> <span class='ocrx_word' id='word_1_367' title='bbox 1403 4607 1506 4687; x_wconf 90' lang='lat' dir='ltr'>parte</span> <span class='ocrx_word' id='word_1_368' title='bbox 1530 4605 1680 4671; x_wconf 90' lang='lat' dir='ltr'>meridie</span> <span class='ocrx_word' id='word_1_369' title='bbox 1704 4605 1790 4691; x_wconf 87' lang='lat' dir='ltr'>line,</span> <span class='ocrx_word' id='word_1_370' title='bbox 1816 4606 1909 4674; x_wconf 96' lang='grc'>91991</span> <span class='ocrx_word' id='word_1_371' title='bbox 1947 4606 2005 4676; x_wconf 88' lang='lat' dir='ltr'>via</span> <span class='ocrx_word' id='word_1_372' title='bbox 2041 4608 2175 4676; x_wconf 87' lang='grc'>(119999-</span> 
     </span>
     <span class='ocr_line' id='line_1_28' title="bbox 327 4747 2175 4850; baseline 0.005 -30"><span class='ocrx_word' id='word_1_373' title='bbox 327 4753 394 4820; x_wconf 89' lang='grc'>911.</span> <span class='ocrx_word' id='word_1_374' title='bbox 420 4751 465 4818; x_wconf 90' lang='lat' dir='ltr'>Et</span> <span class='ocrx_word' id='word_1_375' title='bbox 488 4751 583 4817; x_wconf 82' lang='lat' dir='ltr'>dixit</span> <span class='ocrx_word' id='word_1_376' title='bbox 604 4769 641 4816; x_wconf 93' lang='lat' dir='ltr'>se</span> <span class='ocrx_word' id='word_1_377' title='bbox 666 4751 798 4816; x_wconf 90' lang='lat' dir='ltr'>habere</span> <span class='ocrx_word' id='word_1_378' title='bbox 822 4747 865 4816; x_wconf 92' lang='lat' dir='ltr'>de</span> <span class='ocrx_word' id='word_1_379' title='bbox 891 4748 1045 4833; x_wconf 88' lang='lat' dir='ltr'>triginta</span> <span class='ocrx_word' id='word_1_380' title='bbox 1069 4749 1208 4818; x_wconf 91' lang='lat' dir='ltr'>duabus</span> <span class='ocrx_word' id='word_1_381' title='bbox 1233 4753 1398 4837; x_wconf 84' lang='lat' dir='ltr'>partibus</span> <span class='ocrx_word' id='word_1_382' title='bbox 1422 4759 1496 4821; x_wconf 89' lang='lat' dir='ltr'>tres</span> <span class='ocrx_word' id='word_1_383' title='bbox 1521 4759 1641 4842; x_wconf 85' lang='lat' dir='ltr'>partes</span> <span class='ocrx_word' id='word_1_384' title='bbox 1664 4757 1706 4825; x_wconf 90' lang='lat' dir='ltr'>de</span> <span class='ocrx_word' id='word_1_385' title='bbox 1732 4778 1804 4826; x_wconf 90' lang='lat' dir='ltr'>una</span> <span class='ocrx_word' id='word_1_386' title='bbox 1829 4761 1930 4844; x_wconf 88' lang='lat' dir='ltr'>peoia</span> <span class='ocrx_word' id='word_1_387' title='bbox 1966 4761 2009 4827; x_wconf 90' lang='lat' dir='ltr'>de</span> <span class='ocrx_word' id='word_1_388' title='bbox 2046 4767 2175 4850; x_wconf 89' lang='lat' dir='ltr'>terra,</span> 
     </span>
     <span class='ocr_line' id='line_1_29' title="bbox 319 4905 2177 4997; baseline 0.002 -21"><span class='ocrx_word' id='word_1_389' title='bbox 319 4927 393 4996; x_wconf 87' lang='lat' dir='ltr'>que</span> <span class='ocrx_word' id='word_1_390' title='bbox 418 4929 440 4976; x_wconf 90' lang='lat' dir='ltr'>a</span> <span class='ocrx_word' id='word_1_391' title='bbox 464 4915 566 4995; x_wconf 89' lang='lat' dir='ltr'>parte</span> <span class='ocrx_word' id='word_1_392' title='bbox 591 4905 859 4991; x_wconf 86' lang='lat' dir='ltr'>septemtrionis</span> <span class='ocrx_word' id='word_1_393' title='bbox 883 4905 925 4970; x_wconf 90' lang='lat' dir='ltr'>ad</span> <span class='ocrx_word' id='word_1_394' title='bbox 951 4905 1233 4991; x_wconf 87' lang='lat' dir='ltr'>suprascriptam</span> <span class='ocrx_word' id='word_1_395' title='bbox 1257 4909 1353 4975; x_wconf 89' lang='lat' dir='ltr'>viam</span> <span class='ocrx_word' id='word_1_396' title='bbox 1379 4911 1570 4977; x_wconf 85' lang='lat' dir='ltr'>coniuncta</span> <span class='ocrx_word' id='word_1_397' title='bbox 1593 4917 1656 4996; x_wconf 89' lang='lat' dir='ltr'>est,</span> <span class='ocrx_word' id='word_1_398' title='bbox 1682 4917 1760 4980; x_wconf 77' lang='lat' dir='ltr'>eta</span> <span class='ocrx_word' id='word_1_399' title='bbox 1796 4915 1899 4997; x_wconf 87' lang='lat' dir='ltr'>parte</span> <span class='ocrx_word' id='word_1_400' title='bbox 1936 4913 2086 4981; x_wconf 90' lang='lat' dir='ltr'>meridie</span> <span class='ocrx_word' id='word_1_401' title='bbox 2121 4917 2177 4981; x_wconf 92' lang='lat' dir='ltr'>est</span> 
     </span>
     <span class='ocr_line' id='line_1_30' title="bbox 324 5057 2175 5152; baseline 0.003 -22"><span class='ocrx_word' id='word_1_402' title='bbox 324 5065 396 5132; x_wconf 84' lang='lat' dir='ltr'>tine</span> <span class='ocrx_word' id='word_1_403' title='bbox 422 5062 540 5130; x_wconf 90' lang='lat' dir='ltr'>media</span> <span class='ocrx_word' id='word_1_404' title='bbox 565 5079 677 5147; x_wconf 88' lang='lat' dir='ltr'>sepes.</span> <span class='ocrx_word' id='word_1_405' title='bbox 703 5061 746 5126; x_wconf 86' lang='lat' dir='ltr'>Et</span> <span class='ocrx_word' id='word_1_406' title='bbox 770 5057 865 5126; x_wconf 91' lang='lat' dir='ltr'>dixit</span> <span class='ocrx_word' id='word_1_407' title='bbox 889 5076 926 5124; x_wconf 89' lang='lat' dir='ltr'>se</span> <span class='ocrx_word' id='word_1_408' title='bbox 951 5060 1084 5126; x_wconf 89' lang='lat' dir='ltr'>habere</span> <span class='ocrx_word' id='word_1_409' title='bbox 1108 5059 1150 5126; x_wconf 92' lang='lat' dir='ltr'>de</span> <span class='ocrx_word' id='word_1_410' title='bbox 1174 5067 1251 5127; x_wconf 91' lang='lat' dir='ltr'>octo</span> <span class='ocrx_word' id='word_1_411' title='bbox 1274 5061 1437 5146; x_wconf 90' lang='lat' dir='ltr'>partibus</span> <span class='ocrx_word' id='word_1_412' title='bbox 1462 5065 1534 5129; x_wconf 90' lang='lat' dir='ltr'>tres</span> <span class='ocrx_word' id='word_1_413' title='bbox 1558 5067 1678 5148; x_wconf 89' lang='lat' dir='ltr'>partes</span> <span class='ocrx_word' id='word_1_414' title='bbox 1701 5063 1744 5132; x_wconf 90' lang='lat' dir='ltr'>de</span> <span class='ocrx_word' id='word_1_415' title='bbox 1770 5083 1842 5133; x_wconf 90' lang='lat' dir='ltr'>una</span> <span class='ocrx_word' id='word_1_416' title='bbox 1875 5067 1974 5152; x_wconf 88' lang='lat' dir='ltr'>pecia</span> <span class='ocrx_word' id='word_1_417' title='bbox 1998 5067 2040 5134; x_wconf 90' lang='lat' dir='ltr'>de</span> <span class='ocrx_word' id='word_1_418' title='bbox 2072 5073 2175 5137; x_wconf 89' lang='lat' dir='ltr'>terra</span> 
     </span>
     <span class='ocr_line' id='line_1_31' title="bbox 324 5213 2180 5305; baseline 0.001 -19"><span class='ocrx_word' id='word_1_419' title='bbox 324 5219 386 5287; x_wconf 91' lang='lat' dir='ltr'>ubi</span> <span class='ocrx_word' id='word_1_420' title='bbox 413 5218 546 5286; x_wconf 90' lang='lat' dir='ltr'>dicitur</span> <span class='ocrx_word' id='word_1_421' title='bbox 572 5213 741 5302; x_wconf 87' lang='lat' dir='ltr'>lupinale,</span> <span class='ocrx_word' id='word_1_422' title='bbox 767 5233 836 5300; x_wconf 91' lang='lat' dir='ltr'>que</span> <span class='ocrx_word' id='word_1_423' title='bbox 859 5217 913 5280; x_wconf 89' lang='lat' dir='ltr'>est</span> <span class='ocrx_word' id='word_1_424' title='bbox 937 5232 999 5300; x_wconf 94' lang='lat' dir='ltr'>per</span> <span class='ocrx_word' id='word_1_425' title='bbox 1023 5216 1088 5281; x_wconf 87' lang='lat' dir='ltr'>has</span> <span class='ocrx_word' id='word_1_426' title='bbox 1111 5215 1199 5280; x_wconf 89' lang='lat' dir='ltr'>fines</span> <span class='ocrx_word' id='word_1_427' title='bbox 1223 5221 1258 5280; x_wconf 91' lang='lat' dir='ltr'>et</span> <span class='ocrx_word' id='word_1_428' title='bbox 1281 5233 1479 5282; x_wconf 79' lang='lat' dir='ltr'>mensurae.</span> <span class='ocrx_word' id='word_1_429' title='bbox 1507 5219 1537 5282; x_wconf 92' lang='lat' dir='ltr'>A</span> <span class='ocrx_word' id='word_1_430' title='bbox 1562 5223 1663 5301; x_wconf 88' lang='lat' dir='ltr'>parte</span> <span class='ocrx_word' id='word_1_431' title='bbox 1688 5221 1953 5303; x_wconf 86' lang='lat' dir='ltr'>septemtrionis</span> <span class='ocrx_word' id='word_1_432' title='bbox 1977 5225 2063 5287; x_wconf 91' lang='lat' dir='ltr'>sunt</span> <span class='ocrx_word' id='word_1_433' title='bbox 2079 5221 2180 5305; x_wconf 90' lang='lat' dir='ltr'>passi</span> 
     </span>
     <span class='ocr_line' id='line_1_32' title="bbox 323 5365 2173 5465; baseline -0.001 -23"><span class='ocrx_word' id='word_1_434' title='bbox 323 5375 457 5461; x_wconf 89' lang='lat' dir='ltr'>viginti</span> <span class='ocrx_word' id='word_1_435' title='bbox 482 5375 572 5440; x_wconf 88' lang='grc'>9919.</span> <span class='ocrx_word' id='word_1_436' title='bbox 599 5371 630 5437; x_wconf 90' lang='grc' dir='ltr'><strong>Α</strong></span> <span class='ocrx_word' id='word_1_437' title='bbox 653 5368 928 5465; x_wconf 79' lang='grc'>9991999199119</span> <span class='ocrx_word' id='word_1_438' title='bbox 951 5367 1045 5454; x_wconf 87' lang='lat' dir='ltr'>passi</span> <span class='ocrx_word' id='word_1_439' title='bbox 1071 5366 1209 5454; x_wconf 85' lang='lat' dir='ltr'>viginti.</span> <span class='ocrx_word' id='word_1_440' title='bbox 1239 5369 1282 5433; x_wconf 83' lang='grc'>111</span> <span class='ocrx_word' id='word_1_441' title='bbox 1308 5365 1507 5436; x_wconf 89' lang='lat' dir='ltr'>revolvente</span> <span class='ocrx_word' id='word_1_442' title='bbox 1534 5372 1730 5436; x_wconf 90' lang='lat' dir='ltr'>mensurati</span> <span class='ocrx_word' id='word_1_443' title='bbox 1757 5372 1794 5438; x_wconf 94' lang='lat' dir='ltr'>in</span> <span class='ocrx_word' id='word_1_444' title='bbox 1819 5377 1957 5457; x_wconf 89' lang='lat' dir='ltr'>partem</span> <span class='ocrx_word' id='word_1_445' title='bbox 1974 5371 2173 5441; x_wconf 83' lang='lat' dir='ltr'>occidentis</span> 
     </span>
     <span class='ocr_line' id='line_1_33' title="bbox 326 5521 2179 5616; baseline -0.002 -19"><span class='ocrx_word' id='word_1_446' title='bbox 326 5531 421 5616; x_wconf 88' lang='lat' dir='ltr'>passi</span> <span class='ocrx_word' id='word_1_447' title='bbox 445 5528 578 5595; x_wconf 90' lang='lat' dir='ltr'>decem.</span> <span class='ocrx_word' id='word_1_448' title='bbox 605 5527 649 5592; x_wconf 89' lang='lat' dir='ltr'>Et</span> <span class='ocrx_word' id='word_1_449' title='bbox 673 5521 878 5591; x_wconf 89' lang='lat' dir='ltr'>revolvente</span> <span class='ocrx_word' id='word_1_450' title='bbox 901 5522 939 5589; x_wconf 95' lang='lat' dir='ltr'>in</span> <span class='ocrx_word' id='word_1_451' title='bbox 963 5527 1100 5609; x_wconf 88' lang='lat' dir='ltr'>partem</span> <span class='ocrx_word' id='word_1_452' title='bbox 1126 5523 1275 5590; x_wconf 89' lang='lat' dir='ltr'>meridie</span> <span class='ocrx_word' id='word_1_453' title='bbox 1300 5522 1395 5609; x_wconf 85' lang='lat' dir='ltr'>passi</span> <span class='ocrx_word' id='word_1_454' title='bbox 1421 5523 1599 5592; x_wconf 89' lang='lat' dir='ltr'>undecim.</span> <span class='ocrx_word' id='word_1_455' title='bbox 1617 5525 1663 5592; x_wconf 87' lang='lat' dir='ltr'>Et</span> <span class='ocrx_word' id='word_1_456' title='bbox 1680 5526 1884 5594; x_wconf 90' lang='lat' dir='ltr'>revolvente</span> <span class='ocrx_word' id='word_1_457' title='bbox 1902 5526 1937 5593; x_wconf 94' lang='lat' dir='ltr'>in</span> <span class='ocrx_word' id='word_1_458' title='bbox 1957 5532 2097 5613; x_wconf 79' lang='lat' dir='ltr'>partem</span> <span class='ocrx_word' id='word_1_459' title='bbox 2116 5545 2179 5594; x_wconf 90' lang='grc'>99-</span> 
     </span>
    </p>
   </div>
   <div class='ocr_carea' id='block_1_6' title="bbox 323 5676 2182 5768">
    <p class='ocr_par' dir='ltr' id='par_1_6' title="bbox 323 5676 2182 5768">
     <span class='ocr_line' id='line_1_34' title="bbox 323 5676 2182 5768; baseline 0.001 -17"><span class='ocrx_word' id='word_1_460' title='bbox 323 5682 479 5751; x_wconf 85' lang='lat' dir='ltr'>oidentis</span> <span class='ocrx_word' id='word_1_461' title='bbox 503 5678 597 5766; x_wconf 86' lang='lat' dir='ltr'>passi</span> <span class='ocrx_word' id='word_1_462' title='bbox 626 5677 924 5765; x_wconf 85' lang='lat' dir='ltr'>quattuordecim.</span> <span class='ocrx_word' id='word_1_463' title='bbox 949 5679 993 5745; x_wconf 89' lang='lat' dir='ltr'>Et</span> <span class='ocrx_word' id='word_1_464' title='bbox 1017 5676 1216 5745; x_wconf 89' lang='lat' dir='ltr'>revolvente</span> <span class='ocrx_word' id='word_1_465' title='bbox 1240 5680 1277 5743; x_wconf 93' lang='lat' dir='ltr'>in</span> <span class='ocrx_word' id='word_1_466' title='bbox 1303 5681 1440 5764; x_wconf 91' lang='lat' dir='ltr'>partem</span> <span class='ocrx_word' id='word_1_467' title='bbox 1464 5679 1656 5748; x_wconf 79' lang='lat' dir='ltr'>occidentis</span> <span class='ocrx_word' id='word_1_468' title='bbox 1681 5677 1776 5768; x_wconf 87' lang='lat' dir='ltr'>p‘assi</span> <span class='ocrx_word' id='word_1_469' title='bbox 1802 5684 2104 5768; x_wconf 89' lang='lat' dir='ltr'>quattuordecim.</span> <span class='ocrx_word' id='word_1_470' title='bbox 2136 5686 2182 5754; x_wconf 85' lang='lat' dir='ltr'>Et</span> 
     </span>
    </p>
   </div>
   <div class='ocr_carea' id='block_1_7' title="bbox 257 5809 2184 5931">
    <p class='ocr_par' dir='ltr' id='par_1_7' title="bbox 257 5809 2184 5931">
     <span class='ocr_line' id='line_1_35' title="bbox 257 5809 2184 5931; baseline -0.007 -18"><span class='ocrx_word' id='word_1_471' title='bbox 257 5809 272 5823; x_wconf 49' lang='lat'>⁸</span> <span class='ocrx_word' id='word_1_472' title='bbox 334 5845 537 5914; x_wconf 77' lang='grc'>9999199919</span> <span class='ocrx_word' id='word_1_473' title='bbox 562 5848 599 5910; x_wconf 89' lang='grc'>19</span> <span class='ocrx_word' id='word_1_474' title='bbox 624 5843 761 5931; x_wconf 84' lang='lat' dir='ltr'>partem</span> <span class='ocrx_word' id='word_1_475' title='bbox 788 5839 1054 5928; x_wconf 89' lang='lat' dir='ltr'>septemtrionis</span> <span class='ocrx_word' id='word_1_476' title='bbox 1079 5839 1173 5926; x_wconf 86' lang='lat' dir='ltr'>passi</span> <span class='ocrx_word' id='word_1_477' title='bbox 1198 5840 1353 5925; x_wconf 84' lang='lat' dir='ltr'>triginta</span> <span class='ocrx_word' id='word_1_478' title='bbox 1377 5837 1457 5905; x_wconf 94' lang='lat' dir='ltr'>duo.</span> <span class='ocrx_word' id='word_1_479' title='bbox 1484 5839 1528 5904; x_wconf 83' lang='lat' dir='ltr'>Et</span> <span class='ocrx_word' id='word_1_480' title='bbox 1552 5835 1646 5904; x_wconf 90' lang='lat' dir='ltr'>dixit</span> <span class='ocrx_word' id='word_1_481' title='bbox 1662 5857 1699 5904; x_wconf 91' lang='lat' dir='ltr'>se</span> <span class='ocrx_word' id='word_1_482' title='bbox 1717 5839 1848 5906; x_wconf 85' lang='lat' dir='ltr'>habere</span> <span class='ocrx_word' id='word_1_483' title='bbox 1865 5835 1907 5903; x_wconf 91' lang='lat' dir='ltr'>de</span> <span class='ocrx_word' id='word_1_484' title='bbox 1925 5835 2078 5902; x_wconf 78' lang='lat' dir='ltr'>sederi-m</span> <span class='ocrx_word' id='word_1_485' title='bbox 2097 5855 2184 5920; x_wconf 89' lang='lat' dir='ltr'>par-</span> 
     </span>
    </p>
   </div>
   <div class='ocr_carea' id='block_1_8' title="bbox 0 0 2719 7090">
    <p class='ocr_par' dir='ltr' id='par_1_8' title="bbox 0 0 2719 7090">
     <span class='ocr_line' id='line_1_36' title="bbox 0 0 2719 7090; baseline 0 0"><span class='ocrx_word' id='word_1_486' title='bbox 0 0 2719 7090; x_wconf 95' lang='lat' dir='ltr'> </span> 
     </span>
    </p>
   </div>
  </div>
 </body>
</html>
