5408 7108
1295 477 1478 551 CODEX
1510 474 1771 550 CAVENSIS

1442 881 1596 1018 6616.

1193 1139 1264 1230 '.
1375 1180 1432 1254 A.
1460 1175 1674 1253 n.1042.
1811 1191 1814 1196 ·

647 1439 682 1559 Ῑ
708 1473 748 1538 16
770 1468 913 1537 nomina
937 1467 1069 1537 domini
1101 1449 1268 1538 vicesimo
1299 1467 1428 1552 quarto
1458 1480 1552 1534 6666
1581 1463 1803 1550 principatus
1826 1457 1961 1530 salerni
1983 1459 2103 1578 domni
2131 1458 2245 1528 nostri
2268 1455 2451 1545 guaimari

599 1620 752 1708 glorioso
774 1619 948 1708 principe,
963 1623 1001 1688 61
1015 1622 1146 1706 quarto
1170 1615 1516 1706 anno·principatus
1538 1618 1616 1708 6166
1637 1634 1749 1703 capue
1773 1619 1809 1684 61
1831 1615 1983 1684 ducatus
2003 1613 2081 1682 aius
2104 1612 2227 1682 amalfi
2250 1617 2287 1680 et
2308 1611 2456 1686 surren,
2533 1589 2542 1608 ⁸

595 1777 637 1842 tu
651 1776 722 1866 ,at
744 1773 857 1861 primo
879 1790 974 1843 anno
997 1771 1319 1859 suprascriptorum
1341 1763 1606 1857 principatuum
1629 1773 1665 1838 61
1686 1769 1882 1838 ducatuum
1911 1769 2031 1837 domni
2055 1767 2171 1855 gisolfi
2194 1763 2322 1834 eximii
2346 1763 2449 1850 prin·

597 1923 670 2012 cipi
694 1929 730 1995 61
752 1925 833 1993 1661
849 1923 915 1992 filii
932 1923 1024 2010 cius,
1050 1940 1170 1992 mense
1193 1922 1315 2009 iulius,
1338 1921 1475 1990 decima
1507 1920 1713 1990 indictione.
1731 1921 2019 1990 Memoratorium
2042 1920 2177 1989 factum
2198 1936 2294 1989 ame
2318 1915 2452 1986 mulier

599 2077 749 2174 nomine
767 2075 891 2146 aloara
907 2074 1090 2143 comitissa
1105 2072 1181 2142 filia
1198 2072 1377 2161 quondam
1401 2071 1572 2142 romoaldi
1596 2071 1756 2160 comitis,
1765 2071 1892 2150 relicta
1908 2069 2084 2158 quondam
2107 2069 2197 2156 petri
2221 2068 2360 2137 comitis
2385 2067 2455 2168 dlii

604 2228 784 2316 quondam
800 2227 908 2315 petri,
926 2245 989 2313 por
1006 2224 1190 2294 voluntate
1204 2224 1255 2292 de
1273 2223 1456 2308 mundoalt
1468 2224 1538 2292 mai
1555 2241 1618 2310 per
1635 2241 1727 2292 vona
1744 2223 1994 2293 convenientia
2010 2223 2055 2292 ad
2079 2222 2272 2291 tenendum
2294 2226 2330 2290 et
2355 2221 2452 2290 lavo·

601 2381 754 2452 randum
784 2379 918 2450 tradidi
942 2369 1008 2467 ago
1032 2397 1106 2448 una
1140 2397 1222 2446 cum
1253 2376 1504 2446 advocatorem
1521 2393 1637 2444 meum
1660 2375 1877 2463 grimoaldi,
1892 2379 1928 2444 61
1943 2374 2103 2462 iohanni,
2118 2379 2154 2444 et
2169 2375 2275 2478 mari,
2291 2374 2456 2462 germani

598 2533 663 2602 dlii
688 2503 867 2620 quondam
893 2531 1060 2618 iaquinti,
1089 2531 1253 2618 quisunt
1280 2528 1452 2599 661161661
1468 2529 1511 2597 16
1528 2529 1642 2597 locum
1669 2528 1819 2598 malluni
1837 2529 1967 2597 finibus
1991 2529 2034 2604 16
2049 2528 2211 2616 6666616,
2234 2531 2346 2598 hante
2368 2531 2456 2597 snb-

601 2686 726 2772 scripti
751 2689 859 2753 testes
882 2681 1050 2752 inclitam
1074 2681 1303 2751 medietatem
1325 2680 1545 2769 inpartibus
1567 2681 1761 2750 occidentis
1783 2679 1826 2748 16
1851 2697 1925 2749 666
1947 2639 2053 2768 pocla
2073 2679 2117 2749 da
2140 2684 2246 2750 robus
2269 2701 2350 2753 mea
2372 2702 2454 2751 cum

604 2838 761 2906 arbustis
785 2835 908 2904 vitatis
933 2838 968 2902 et
999 2835 1135 2920 666116,
1161 2833 1253 2920 quod
1278 2851 1344 2920 ego
1374 2835 1461 2902 abeo
1492 2835 1530 2900 in
1556 2833 1634 2920 ipso
1659 2834 1770 2901 locum
1796 2833 1947 2903 malluni
1974 2835 2099 2902 subtus
2124 2838 2243 2902 monto
2266 2837 2380 2904 sancti
2405 2835 2456 2905 ci·

605 2987 686 3074 rici,
704 3005 772 3074 que
795 2991 848 3056 661
870 2988 975 3054 rebus
999 2988 1077 3072 ipsa
1106 3005 1168 3072 per
1200 3005 1242 3055 as
1271 2987 1360 3054 11666
1374 3005 1387 3053 :·
1407 3007 1429 3056 a
1453 2992 1555 3074 parta
1580 2987 1728 3054 meridie
1751 2987 1822 3054 1166
1847 2986 1906 3056 616
1930 2987 2095 3072 publica:
2129 3006 2152 3055 a
2175 2993 2276 3074 parte
2306 2949 2455 3058 orientis

609 3141 680 3208 flne
702 3159 851 3226 meaque
875 3139 1008 3226 616666,
1033 3139 1126 3254 sicut
1150 3139 1232 3208 inde
1257 3139 1373 3209 madia
1396 3157 1476 3228 sepe
1492 3140 1685 3209 discernit:
1717 3129 1882 3226 desuper
1906 3157 1929 3206 a
1952 3143 2053 3225 parte
2070 3141 2334 3226 septemtrionis
2352 3143 2451 3212 simi-

605 3291 687 3361 liter
709 3293 781 3359 fine
804 3309 896 3359 maa:
928 3312 950 3361 a
980 3297 1083 3378 parte
1105 3291 1296 3360 occidentis
1319 3291 1483 3382 similiter
1507 3293 1578 3360 line
1601 3312 1705 3380 mea,
1729 3295 1823 3362 sicut
1847 3295 1928 3364 1616
1951 3275 2069 3366 madia
2091 3313 2174 3383 sepe
2198 3295 2391 3385 discernit,
2416 3302 2453 3367 ct

604 3445 845 3532 coniungenta
869 3463 906 3512 se
931 3444 975 3512 ad
999 3444 1077 3530 ipsa
1102 3445 1161 3513 via
1184 3445 1307 3531 priora
1330 3447 1413 3550 1166.
1439 3464 1478 3513 66
1503 3464 1585 3515 6666
1608 3449 1851 3538 suprascripta
1874 3449 2042 3536 6661616
2065 3454 2163 3518 16666
2186 3469 2267 3517 cum
2291 3452 2455 3553 arbustis

577 3630 579 3636 .
604 3598 732 3667 vitatis
755 3601 793 3665 et
816 3597 928 3684 pomis
952 3614 1014 3682 per
1039 3596 1229 3665 iamdictos
1252 3597 1348 3685 finis,
1373 3599 1466 3666 sicut
1488 3599 1674 3688 diximus,
1698 3600 1824 3670 inclita
1846 3601 1924 3688 ipsa
1947 3599 2134 3670 medietate
2158 3603 2290 3673 661616
2313 3604 2353 3672 16
2379 3606 2459 3690 ipsa

606 3769 691 3836 pars
724 3748 919 3816 occidentis
951 3747 1108 3832 ipsorum
1132 3749 1299 3835 germani
1322 3749 1472 3818 tradidit
1493 3749 1539 3818 ad
1564 3747 1815 3836 lavorandum3
1834 3749 1927 3818 unde
1943 3768 2007 3837 pro
2029 3749 2150 3820 taliter
2173 3769 2236 3839 per
2261 3769 2354 3821 vona
2377 3769 2460 3819 con·

605 3901 791 3969 venientia
813 3917 877 3987 per
893 3899 1088 3969 volumtate
1110 3901 1153 3968 de
1171 3900 1355 3972 mundoalt
1378 3900 1447 3968 mei
1468 3901 1602 3988 guadia
1624 3901 1712 3968 mihi
1729 3899 1904 3968 dederunt
1921 3859 1998 3986 ipsi,
2013 3869 2245 3988 grimoaldus,
2272 3907 2308 3970 61
2332 3905 2461 3972 iohan-

605 4072 682 4142 nes,
705 4057 741 4122 et
764 4055 868 4139 mari,
893 4055 1058 4139 germani
1095 4054 1281 4144 dederunt,
1306 4061 1341 4124 61
1364 4053 1556 4123 mediatore
1572 4053 1660 4122 mihi
1676 4059 1870 4141 posuerunt
1893 4074 1930 4124 sa
1954 4056 2053 4144 ipsis;
2078 4061 2113 4126 61
2133 4075 2195 4144 per
2218 4057 2296 4144 ipsa
2318 4059 2459 4146 guadia

605 4207 855 4297 obligaverunt
870 4225 907 4276 66
924 4209 960 4278 61
974 4210 1053 4275 6616
1070 4210 1233 4278 66611166
1252 4210 1322 4278 1611
1345 4171 1482 4295 ordine,
1502 4214 1539 4277 ut
1555 4209 1677 4278 amodo
1701 4214 1736 4277 ct
1758 4228 1896 4297 semper
1920 4208 1966 4278 ad
1981 4227 2047 4280 sua
2069 4214 2105 4277 at
2120 4211 2162 4280 16
2177 4213 2250 4280 6616
2272 4213 2453 4307 aradibus,
2492 4157 2497 4170 ·

605 4369 709 4433 natos
732 4371 932 4455 nascentes,
956 4367 1030 4436 sint
1053 4369 1224 4453 potestate
1248 4363 1329 4431 illut
1353 4367 1473 4431 166666
1490 4313 2341 4450 6116616666,611666661666166666111116116
2358 4371 2459 4442 16616

605 4519 745 4586 6611666
769 4479 902 4587 ibidem
925 4519 1074 4605 1661661,
1098 4517 1191 4585 61661
1216 4503 1402 4601 meruerit,
1418 4519 1454 4580 at
1470 4532 1528 4581 666
1551 4513 1743 4601 cultarent,
1766 4520 1816 4601 et,
1842 4516 2110 4604 ubimeruarit,
2135 4517 2232 4588 inira
2248 4519 2325 4606 ipso
2342 4523 2455 4592 6616·
2562 4591 2565 4596 ,

605 4675 663 4739 616
687 4673 833 4741 arbores
863 4675 899 4740 61
928 4673 1021 4739 61166
1044 4669 1210 4758 plantare
1240 4673 1277 4738 et
1300 4670 1411 4754 pomis
1439 4673 1476 4734 61
1499 4667 1761 4753 propaginare,
1788 4665 1862 4735 illis
1886 4673 2007 4736 autem
2030 4681 2066 4736 61
2089 4673 2164 4738 6616
2186 4671 2351 4742 aradibus
2369 4676 2456 4745 illut

606 4823 739 4890 ibidem
762 4823 973 4910 plantarent
995 4826 1031 4889 61
1055 4773 1348 4907 propaginarent,
1373 4823 1409 4886 61
1432 4818 1483 4885 616
1505 4823 1619 4888 totum
1643 4835 1700 4884 eos
1726 4816 1930 4886 lavorarent
1959 4823 1996 4904 61
2020 4821 2200 4892 661166661
2223 4825 2265 4893 16
2290 4844 2399 4913 super
2426 4833 2461 4896 at

606 4975 650 5044 16
673 4976 805 5062 subter,
831 4977 924 5043 sicut
948 4975 1045 5043 locus
1069 4975 1143 5062 ipse
1167 4967 1351 5076 meruerit,
1376 4959 1472 5041 utin
1496 4971 1622 5039 malins
1645 4971 1832 5058 proficiant
1855 4977 1891 5041 61
1913 4991 1981 5040 666
2003 4975 2221 5066 dispereant,
2247 4983 2288 5048 61
2304 4999 2368 5068 per
2385 4999 2459 5052 onr-

606 5129 665 5196 616
689 5146 824 5197 annum
852 5143 978 5195 vonum
1002 5132 1129 5214 pareat
1153 5127 1351 5196 lavoratum
1374 5131 1410 5194 ct
1433 5125 1607 5195 cultatum
1630 5131 1666 5194 et
1682 5123 1832 5214 salbum,
1849 5133 1885 5195 61
1900 5127 1961 5196 ubi
1979 5132 2160 5218 meruerit,
2178 5134 2276 5202 omni
2303 5139 2460 5224 tempore

611 5283 752 5352 clusum
776 5300 906 5350 vonum
931 5281 1011 5351 illut
1037 5300 1166 5366 avere3
1192 5287 1227 5348 61
1248 5298 1312 5367 par
1337 5287 1494 5366 tempora
1517 5281 1560 5350 de
1583 5282 1760 5352 vindemie
1784 5283 1923 5380 faciant
1947 5285 2020 5354 illis
2049 5293 2085 5356 ct
2107 5289 2180 5356 suis
2203 5289 2367 5358 aradibus
2391 5273 2474 5360 nos¹

607 5435 664 5504 661
686 5435 825 5503 6661616
849 5433 1013 5501 aradibus
1037 5434 1142 5520 scire,
1169 5435 1209 5499 ut
1232 5433 1431 5519 dirigamus
1456 5435 1587 5505 ibidem
1611 5439 1757 5507 missum
1781 5446 1955 5528 nostrum,
1979 5447 2015 5512 et
2039 5442 2108 5512 illis
2132 5451 2169 5513 et
2191 5447 2266 5530 suis
2288 5449 2453 5518 aradibus

615 5541 700 5655 tota¹
714 5588 794 5674 ipsa
818 5586 1008 5656 medietate
1031 5586 1074 5656 de
1099 5590 1175 5674 ipso
1198 5590 1349 5658 arbustu
1371 5590 1454 5658 abto
1478 5592 1635 5677 tempora
1658 5591 1925 5661 rationaviliter
1948 5594 2030 5663 illut
2049 5571 2332 5688 vindemiarent,
2348 5609 2415 5672 611
2437 5639 2449 5653 -

607 5745 686 5810 tum
711 5737 786 5825 ipso
810 5739 935 5808 vinum
961 5741 1080 5828 ibique
1105 5745 1150 5814 ad
1173 5744 1392 5831 pulmentum
1415 5761 1479 5831 per
1503 5739 1657 5812 medium
1675 5743 1758 5814 illut
1776 5745 1952 5814 16166666
1975 5747 2190 5818 dividamus:
2217 5751 2294 5840 ipso
2313 5759 2462 5824 missum
