5456 7096
1010 503 1468 582 DIPLOMATIOUS
2048 511 2114 584 ils

317 747 415 819 ceps,
440 749 561 800 mense
583 727 787 817 Ianuarius,
811 747 906 800 nona
928 730 1135 801 indictione.
1160 729 1308 819 Ideoque
1324 747 1390 818 ego
1404 731 1579 802 lohannes
1596 735 1632 802 et
1648 730 1796 819 gisolfus
1810 732 1906 801 lilius
1922 734 2099 820 quondam
2112 754 2171 806 ac·
2198 731 2202 740 '

327 883 441 969 cepti,
465 885 503 950 et
526 881 692 949 imericus
716 879 812 949 fliius
833 881 1007 968 marceni,
1031 883 1067 948 et
1090 881 1228 950 danseri
1251 880 1347 949 iilius
1359 880 1534 967 quondam
1552 883 1660 950 ciceri
1678 882 1914 952 commanenti
1928 881 1971 951 de
1987 883 2102 951 locum
2120 884 2174 952 lu·

321 1051 428 1120 rano,
445 1034 507 1102 ubi
522 1031 682 1102 truncito
705 1033 849 1118 dicitur,
875 1031 1006 1100 linibus
1029 1033 1229 1119 campanie,
1253 1033 1351 1099 Sicut
1366 1035 1469 1102 nobis
1484 1051 1680 1122 congruum
1698 1039 1791 1104 esset
1808 1035 1960 1123 bidetur,
1987 1039 2076 1104 bone
2100 1041 2171 1106 ete·

326 1189 402 1257 nim
428 1191 549 1256 nostre
572 1184 766 1273 boluptatis
788 1205 852 1272 per
874 1188 968 1254 hanc
990 1201 1128 1272 quoque
1152 1183 1316 1252 bidelicet
1339 1186 1476 1255 cartula
1499 1191 1584 1256 ante
1611 1190 1801 1276 subscripti
1839 1191 1945 1256 testes
1980 1187 2175 1258 benumde-

328 1339 448 1407 dimus
471 1337 570 1404 vobis
595 1337 690 1406 alais
713 1341 749 1405 et
772 1335 917 1406 adelferi
942 1335 1143 1421 comitibus,
1168 1335 1350 1422 germanis
1373 1337 1460 1404 filiis
1482 1338 1658 1423 quondam
1682 1341 1851 1408 lmetanci
1877 1339 2011 1426 comiti,
2026 1343 2105 1410 Una
2115 1360 2175 1428 pe·

332 1490 390 1558 cia
414 1489 458 1557 de
482 1492 581 1558 terra
606 1507 686 1556 cum
711 1488 961 1572 castanietum,
987 1488 1047 1570 qui
1072 1489 1163 1552 esset
1187 1486 1327 1554 bidetur
1344 1487 1382 1553 in
1407 1486 1518 1556 iocum
1543 1489 1681 1576 surano,
1706 1489 1765 1557 ubi
1791 1489 2014 1577 palmentara
2043 1491 2174 1560 dicitur

328 1639 469 1709 linibus
494 1639 697 1726 campanie,
721 1640 917 1707 Coniuncta
941 1656 1020 1705 cum
1046 1637 1118 1706 alia
1141 1638 1246 1705 rebus
1270 1644 1387 1708 vestra
1410 1659 1477 1726 que
1501 1643 1608 1710 habet
1629 1641 1712 1740 linis
1723 1647 1759 1711 et
1773 1644 1951 1711 mensurio
1966 1663 2009 1713 ea
2024 1605 2176 1712 circum·

326 1792 422 1862 dant
445 1791 488 1859 de
513 1809 598 1878 pars
626 1791 775 1857 orientis
797 1789 891 1876 passi
918 1787 1073 1874 triginta
1097 1787 1266 1873 quinque:
1292 1787 1338 1856 da
1361 1807 1446 1874 pars
1468 1791 1616 1859 meridie
1638 1792 1709 1860 fine
1732 1798 1851 1861 vestra
1880 1794 1940 1878 qui
1978 1794 2173 1879 supradicti

332 1943 426 2012 alais
450 1947 485 2010 et
508 1941 657 2011 adelferi
682 1917 883 2026 comitibus,
908 1943 945 2006 et
967 1937 1050 2004 inde
1075 1943 1159 2004 sunt
1182 1942 1277 2025 passi
1303 1942 1672 2031 sexagintaseptem:
1699 1943 1745 2012 da
1768 1962 1851 2030 pars
1874 1943 2068 2013 occidentis
2090 1949 2175 2013 sunt

329 2097 460 2168 exinde
485 2095 580 2184 passi
605 2095 758 2183 triginta
780 2093 950 2182 quinque:
977 2093 1022 2161 da
1045 2111 1128 2179 pars
1151 2093 1416 2180 septemtrionis
1438 2099 1523 2163 sunt
1537 2097 1634 2182 passi
1650 2097 1881 2184 septuaginta
1897 2102 1933 2166 et
1949 2099 2122 2184 quomodo
2137 2119 2175 2168 se

328 2250 524 2334 coniungat
547 2247 585 2315 in
608 2247 728 2333 priore
751 2247 834 2312 tine.
858 2246 931 2312 Hec
954 2263 1035 2312 vero
1058 2242 1218 2330 predicta
1239 2243 1344 2330 pecie
1366 2243 1409 2312 de
1433 2250 1530 2316 terra
1553 2265 1633 2314 cum
1660 2247 1912 2324 castanietum‚
1938 2248 2095 2336 qualiter
2110 2268 2174 2337 per

326 2403 393 2470 has
416 2401 500 2468 finis
522 2397 794 2476 declarabimus,
813 2399 850 2465 et
866 2395 959 2464 iusto
982 2411 1084 2481 passo
1106 2394 1289 2463 hominum
1320 2388 1619 2484 mensurabimus,
1642 2400 1718 2466 tota
1741 2401 1778 2464 et
1801 2398 1965 2467 inclitam
1988 2399 2032 2469 ad
2057 2401 2175 2469 fundi-

205 2603 210 2616 ,
324 2557 386 2620 tus
411 2551 509 2620 illam
535 2551 639 2618 nobis
663 2551 756 2619 alais
780 2551 816 2618 et
841 2547 988 2618 adelferi
1012 2545 1200 2616 comitibus
1222 2547 1525 2635 benumdedimus,
1552 2567 1632 2616 cum
1654 2549 1732 2616 biee
1756 2548 1798 2616 de
1823 2552 1884 2617 bia
1901 2553 1936 2618 et
1953 2551 2078 2620 andita
2094 2569 2174 2639 sua,

327 2706 364 2773 et
386 2722 563 2790 aquarum
586 2705 673 2790 usis,
697 2707 733 2771 et
758 2719 837 2770 oum
861 2699 1014 2768 Inferius
1038 2701 1074 2768 et
1097 2701 1273 2785 superius,
1298 2701 1435 2767 etcum
1460 2697 1579 2768 omnia
1602 2698 1698 2766 infra
1721 2717 1758 2766 se
1782 2702 1996 2770 habentibus
2031 2703 2175 2790 suisque

330 2853 569 2941 pertinentiis,
595 2853 719 2923 amodo
741 2857 777 2920 et
800 2869 937 2938 semper
960 2867 1020 2917 vos
1043 2849 1243 2935 vestrisque
1265 2848 1352 2916 filiis
1374 2853 1411 2916 et
1434 2849 1624 2918 heredibus
1649 2850 1726 2918 ilios
1756 2869 1815 2918 eos
1849 2853 2078 2941 habendum,
2114 2855 2175 2923 do·

323 3006 547 3092 minandum,
571 2989 835 3092 possidendum,
859 3001 1114 3086 retinendum,
1138 2997 1367 3069 frudiandum
1389 3003 1426 3068 et
1448 2998 1570 3066 omnia
1593 2999 1724 3068 exinde
1747 3000 1975 3089 laciendum,
2011 3004 2054 3072 de
2077 3007 2171 3074 sicut

327 3157 639 3244 bobisvestrisque
655 3155 741 3224 filiis
763 3160 800 3223 et
824 3154 1014 3224 heredibus
1029 3151 1230 3239 placuerit3
1253 3155 1289 3218 et
1310 3168 1374 3237 pro
1403 3151 1682 3221 confirmandam
1700 3157 1737 3220 et
1759 3152 2048 3223 stabiliscendam
2073 3159 2171 3225 hanc

318 3308 567 3395 suprascripta
590 3311 714 3377 nostra
736 3305 932 3373 binditione
955 3305 1051 3371 robis
1072 3303 1269 3388 vestrisque
1292 3301 1377 3368 liliis
1393 3305 1430 3370 et
1446 3301 1635 3369 heredibus
1651 3301 1880 3390 firmandum,
1898 3323 1994 3374 nunc
2019 3307 2171 3378 manile-

320 3458 365 3527 sti
391 3475 527 3546 sumus,
552 3457 637 3544 quia
662 3456 699 3523 in
723 3461 921 3543 presentem
946 3455 1144 3541 recepimus
1166 3471 1229 3521 nos
1253 3453 1313 3540 qui
1337 3449 1532 3539 supradicti
1556 3473 1580 3523 a
1612 3455 1673 3521 bos
1696 3459 1979 3542 supranominati
2015 3461 2107 3529 alais
2130 3465 2167 3530 et

319 3607 465 3679 adelferi
490 3607 611 3676 comiti
635 3607 783 3693 emptori
807 3565 919 3673 nostri
943 3597 1116 3673 statutum
1141 3605 1307 3691 pretium,
1332 3605 1425 3670 sicut
1450 3605 1543 3672 inter
1575 3605 1676 3671 nobis
1709 3608 1885 3674 combenit
1899 3656 1908 3692 ,
1936 3609 1947 3673 i
1985 3615 2070 3678 sunt
2106 3630 2171 3697 per

316 3776 505 3828 numerum
528 3760 636 3828 hauri
663 3759 750 3834 tari¹
769 3759 886 3826 decem
911 3761 946 3826 et
968 3761 1062 3843 opto;
1088 3756 1229 3824 linitum
1253 3753 1404 3822 dicimus
1428 3756 1560 3823 habere
1585 3757 1739 3842 pretium
1765 3757 1879 3842 ipsum
1917 3769 2006 3846 aput
2038 3780 2102 3830 nos
2128 3761 2167 3832 in

321 3928 458 3980 omnem
483 3909 791 3996 deliberationem,
814 3928 858 3978 ea
881 3909 1023 3995 quidem
1048 3908 1200 3993 ratione,
1218 3909 1331 3993 etper
1357 3905 1644 3976 convenientiam
1671 3925 1759 3976 vone
1787 3915 1906 3977 nostre
1937 3913 2164 4000 bolumptatis

320 4062 456 4150 guadia
479 4061 577 4128 vobis
600 4059 772 4148 dedimus,
796 4064 833 4128 et
855 4059 1067 4129 mediatores
1090 4060 1269 4144 posuimus
1292 4076 1465 4128 cennamo
1488 4060 1561 4128 filio
1584 4061 1732 4130 iohanni
1764 4067 1800 4130 et
1833 4063 1970 4150 guandi
2004 4065 2077 4133 tilio
2108 4088 2173 4155 ga-

326 4215 448 4300 rami3
473 4217 510 4281 et
542 4232 605 4300 per
629 4212 751 4282 eadem
776 4212 912 4300 guadia
935 4209 1169 4298 obligabimus
1191 4227 1255 4278 nos
1278 4211 1478 4297 nostrisque
1501 4211 1586 4279 filiis
1609 4215 1645 4281 et
1668 4213 1869 4302 heredibus,
1886 4217 1984 4285 vobis
2000 4219 2170 4304 predictis

326 4366 525 4452 vestrisque
541 4365 628 4433 filiis
644 4369 682 4432 et
698 4364 901 4452 heredibus,
917 4365 962 4432 Ut
976 4365 1065 4432 haec
1088 4361 1246 4449 predicta
1259 4365 1382 4429 nostra
1404 4360 1615 4449 binditione,
1639 4363 1733 4432 sicut
1756 4365 1967 4455 prelegitur,
1990 4371 2037 4437 ab
2059 4371 2173 4440 omni·

323 4517 391 4584 bus
415 4514 621 4585 hominibus
643 4515 878 4601 omnibusque
901 4514 1066 4602 partibus
1089 4512 1304 4581 inantistare
1329 4517 1366 4580 et
1392 4511 1577 4583 defensare
1595 4513 1847 4603 promittimus,
1864 4516 1979 4605 adque
1994 4521 2170 4608 obligabi-

319 4685 401 4736 mus
419 4667 465 4738 da
481 4673 660 4736 consortes
683 4673 720 4738 et
743 4629 916 4736 sortiiices
938 4664 1082 4751 nostris,
1105 4669 1142 4731 et
1162 4682 1185 4732 a
1207 4680 1291 4748 pars
1315 4661 1485 4729 uxoribus
1508 4664 1652 4751 nostris,
1677 4668 1713 4732 et
1736 4665 1782 4735 da
1805 4683 1925 4735 omnes
1941 4670 2102 4740 homines
2127 4673 2173 4744 dc
2223 4642 2227 4648 Ι

318 4820 488 4906 omnique
514 4822 690 4907 partibus.
714 4822 760 4888 Et
781 4818 923 4905 quando
946 4835 1009 4905 per
1032 4833 1094 4884 uos
1116 4813 1203 4902 ipsis
1220 4813 1412 4882 -bolueritis
1436 4813 1567 4883 exinde
1590 4816 1824 4886 esset'autori
1847 4824 1885 4887 et
1899 4819 2077 4889 defensori
2104 4841 2168 4893 no·

313 4975 398 5040 stris
424 4971 574 5057 bisibus,
600 4970 780 5039 licentiam
804 4972 841 5038 et
862 4969 1071 5055 potestatem
1094 4967 1257 5034 habeatis
1280 4985 1361 5035 cum
1385 4966 1455 5035 ista
1478 4967 1620 5036 cartula
1638 4973 1675 5036 et
1697 4987 1779 5036 cum
1803 4969 1874 5038 aiio
1900 4972 2096 5043 monimine
2129 4979 2168 5044 et

320 5123 462 5194 ratione
485 5142 554 5210 que
575 5121 706 5191 exinde
729 5123 860 5190 habere
883 5120 1085 5206 potueritis,
1109 5120 1150 5185 ln
1174 5119 1339 5186 omnibus
1361 5119 1491 5188 exinde
1515 5126 1679 5190 causaret
1701 5125 1738 5190 et
1761 5122 1867 5190 finem
1890 5125 2050 5213 iaceret,
2075 5146 2164 5214 qua·

318 5274 409 5344 liter
432 5273 631 5345 volueritis.
648 5277 752 5360 Nam,
769 5269 912 5359 quando
932 5231 998 5338 nos
1020 5273 1056 5337 et
1078 5270 1212 5338 nostris
1233 5269 1318 5337 filiis
1339 5273 1375 5337 et
1397 5269 1589 5338 heredibus
1613 5273 1734 5340 autori
1759 5277 1796 5340 et
1817 5273 1993 5345 defensori
2027 5279 2169 5364 quesie-

316 5427 401 5495 ritis
424 5427 569 5514 babere,
584 5443 648 5493 nos
670 5433 791 5495 autem
814 5427 851 5492 et
875 5421 975 5490 illum
997 5419 1095 5489 robis
1118 5419 1339 5489 defensemus
1364 5419 1411 5487 da
1434 5435 1556 5487 omnes
1578 5421 1741 5492 homines
1763 5424 1807 5494 de
1829 5444 1877 5494 ex
1900 5428 2067 5515 omnique
2085 5449 2169 5518 par·

320 5583 430 5649 tibus.
457 5579 555 5657 Quod
578 5580 608 5647 si
632 5578 754 5648 taliter
777 5577 878 5646 illum
904 5576 1001 5644 vobis
1023 5573 1219 5659 vestrisque
1243 5569 1327 5639 liliis
1348 5573 1384 5638 et
1399 5569 1672 5640 heredibusnon
1688 5572 1993 5648 defensaberimus
2011 5585 2048 5650 et
2062 5581 2165 5651 iilum

310 5733 412 5802 vobis
448 5731 583 5820 tollere,
600 5731 654 5802 vel
670 5733 849 5817 contrare,
872 5733 935 5798 aut
957 5725 1167 5809 dismobere,
1190 5727 1255 5790 aut
1278 5725 1480 5810 retorsere,
1497 5726 1561 5790 aut
1582 5721 2087 5812 quodcumquecausationem
2100 5753 2160 5803 vo·

475 5915 545 5976 Τοι.
565 5929 605 5974 τι.
1723 5865 1749 5916 κ’
1912 5873 1918 5884 ¹
1983 5917 2015 5976 19
