5406 7090
2065 525 2112 596 μ’

301 745 395 824 lesa
425 742 480 824 ed
511 744 557 825 in
589 743 692 824 altri
724 742 879 844 luoghi
912 743 969 824 ad
999 742 1132 826 llario
1161 741 1304 840 Abale
1341 739 1386 820 di
1414 741 1461 820 S.
1494 737 1720 820 Vincenzo
1748 735 1822 816 del
1853 735 2073 817 Volturno
2093 731 2154 838 ῆς

301 945 327 1007 e
348 921 422 1004 uel
448 921 556 1002 ·Vol.
571 923 625 1024 ,8,
645 942 753 1026 pag.
779 925 863 1006 146
885 923 922 1006 si
952 920 1206 1042 riporum
1229 918 1393 1004 Sabino
1415 917 1554 1002 Abale
1576 916 1620 998 di
1641 919 1687 998 S.
1712 921 1840 1021 Lupo
1861 915 1905 997 di
1929 919 2190 998 Beneveu-·
2247 951 2251 962 ·

300 1103 347 1186 to
370 1165 383 1208 ‚
415 1045 499 1187 che
531 1103 636 1188 nell'
653 1112 709 1189 A.
746 1045 859 1186 ror-5
894 1103 1156 1185 intervenne
1178 1103 1220 1184 al
1242 1101 1439 1187 Concilio
1459 1099 1683 1182 celebrato
1704 1098 1762 1180 d'a
1782 1097 1949 1182 Milone
1972 1095 2159 1182 Areive-

300 1305 438 1366 seovo
479 1283 524 1366 di
572 1286 829 1366 Benevento
876 1282 1021 1387 prima
1057 1281 1101 1364 di
1142 1283 1338 1363 morire:
1389 1281 1531 1361 morte
1568 1279 1650 1361 ohe
1689 1279 1815 1381 segui
1856 1279 1974 1360 nello
2015 1280 2160 1360 stesso

304 1485 440 1546 anno·

429 1651 498 1732 un
532 1647 752 1730 erovanni
784 1647 829 1728 ur
861 1607 1014 1730 statua
1050 1645 1219 1728 nouare
1256 1645 1300 1726 ur
1339 1649 1385 1728 s.
1425 1647 1553 1747 Lupo
1594 1602 1639 1724 ar
1675 1645 1931 1725 Benevento
1960 1641 1996 1724 si
2029 1643 2168 1726 trove·

302 1832 532 1943 nominato
563 1828 885 1910 nel-Muratori
919 1829 988 1908 tra
1021 1827 1189 1948 colore,
1223 1826 1323 1928 che,
1359 1828 1471 1910 ultre
1500 1823 1531 1906 il
1562 1827 1762 1958 Reltore,
1788 1823 1948 1974 turono
1979 1823 2022 1905 al
2050 1821 2161 1926 pub-

305 2173 730 2185 ma*

350 2475 351 2478 Ἴ
388 2385 416 2465 ¹)
437 2381 689 2464 Riproduciamo
712 2369 830 2462 questo
864 2383 1062 2462 importante
1096 2373 1293 2444 documen'le
1323 2379 1374 2440 dal
1401 2381 1584 2442 chronicon
1618 2378 1833 2442 Vaeliumeuse
1862 2332 1916 2442 nel
1939 2378 2093 2442 Muratori
2117 2381 2163 2444 Ra

302 2527 731 2592 1.S.T.10110.500.

333 2639 349 2664 '⁸
384 2694 399 2729 a
424 2671 461 2732 ln
485 2673 617 2733 nomine
640 2671 771 2733 Domini
792 2673 885 2732 Anno
903 2669 1029 2731 'MXXII
1051 2671 1092 2731 ab
1111 2659 1344 2734 incarnatione
1368 2669 1498 2734 Domini
1526 2623 1634 2731 nostri
1657 2671 1736 2732 lesu
1764 2669 1887 2732 Christi
1904 2693 1907 2700 ⁴
1922 2676 1956 2732 et
1986 2670 2032 2732 IX
2068 2689 2158 2733 anno

302 2816 480 2896 «Imperii
504 2785 714 2878 serenissimi
734 2815 872 2877 Henrici
895 2815 1035 2908 Augusti
1061 2815 1093 2876 in
1115 2801 1211 2878 ltalia
1235 2823 1268 2877 et
1297 2817 1414 2882 XXXV
1447 2835 1531 2878 anno
1564 2816 1772 2898 Principatus
1804 2817 1937 2879 Domint
1970 2816 2153 2897 Landolphi

303 2987 318 3021 «
344 2963 454 3042 magui
478 2962 642 3043 Principis
666 2968 699 3024 et
720 2961 764 3024 XI
786 2979 871 3024 anne
893 2963 1095 3043 principatus
1118 2963 1248 3024 Domini
1271 2962 1451 3042 Pandolphi
1472 2961 1706 3040 ‘gloriosissimi
1730 2960 1890 3042 principis
1914 2961 1983 3023 tilio
2007 2961 2160 3024 eiusdem
2286 2993 2289 3000 ⁴

303 3133 317 3166 a
343 3108 540 3190 Landolphi,
564 3126 677 3170 mense
700 3106 837 3188 Aprilis,
862 3107 1043 3170 indictione
1066 3108 1103 3169 V.
1127 3071 1271 3181 Quadam
1296 3125 1435 3185 namque
1458 3125 1477 3168 a
1499 3105 1552 3168 die
1575 3107 1652 3180 durp
1676 3123 1829 3168 essemus
1855 3125 1913 3168 nos
1937 3107 2003 3169 Leo
2026 3110 2158 3188 episcc-

303 3280 317 3314 (ι
344 3274 405 3336 pus
427 3255 655 3318 vercellensis
678 3261 711 3315 et
738 3253 892 3316 Einric'us
916 3253 1099 3333 Episcopus
1123 3255 1311 3340 Parmensis
1335 3262 1368 3314 et
1396 3253 1556 3315 Oderlcus
1590 3251 1783 3315 casteldeus
1811 3259 1844 3314 et
1867 3253 1996 3330 judices
2024 3271 2158 3334 praeor-

304 3423 318 3458 κ
345 3401 473 3462 d‘inatos
497 3401 619 3465 missos
643 3419 660 3461 a
681 3397 852 3496 praeclara
874 3405 1037 3478 potestate
1055 3399 1263 3460 serenissimi
1280 3399 1405 3461 Einrici
1421 3383 1563 3477 'Augusti
1581 3399 1615 3460 in
1632 3399 1800 3461 territorio
1816 3401 2052 3461 Beneventano
2066 3399 2159 3476 juxta

301 3569 316 3606 n
341 3545 518 3609 ecclesiam
542 3546 648 3608 sancti
671 3546 763 3608 Petri
786 3543 934 3624 Apostoli
956 3544 1040 3606 situs
1064 3543 1247 3625 propinque
1263 3545 1348 3608 hanc
1364 3543 1553 3606 Beneventi
1566 3545 1736 3606 civitatem
1753 3550 1843 3605 trans
1860 3546 1958 3606 fluvio
1974 3545 2157 3609 sabbarum

301 3718 315 3752 a
340 3691 379 3750 ad
404 3691 583 3769 unicuique
607 3690 777 3750 hominum
801 3687 994 3762 audiendos,
1015 3689 1211 3767 judicandos
1236 3690 1284 3751 rel
1308 3689 1512 3750 definiendas
1536 3707 1665 3759 causas,
1690 3691 1746 3751 ubi
1771 3707 1836 3750 una
1853 3689 1952 3770 simul
1979 3690 2150 3751 nobiscum

301 3859 316 3896 n
341 3836 478 3908 aderant
500 3839 615 3918 plures
639 3836 824 3899 nobiliores
848 3837 1128 3902 hemines'Tunc
1152 3846 1295 3900 nostram
1320 3835 1453 3916 quidem
1477 3835 1698 3916 praesentiam
1721 3837 1812 3897 venit
1839 3836 1988 3898 Hilarius
2020 3855 2167 3900 venera·-

305 3982 425 4047 u'bilis
447 3983 549 4046 abbas
573 3983 764 4046 monasterii
787 3982 892 4044 sancti
916 3983 1084 4045 vincentii
1105 4001 1219 4047 secum
1242 3984 1420 4048 habentem
1438 3982 1668 4046 advocatorem
1684 3985 1818 4048 Falconi
1840 3986 1966 4047 diaconi
1988 3985 2156 4063 jamdicti

300 4152 314 4188 a
340 4129 532 4192 monasterii
554 4130 659 4191 saneti
682 4128 850 4191 vincentii
873 4129 929 4207 qui
953 4101 1162 4192 aeditlcatum
1185 4134 1237 4192 est
1260 4129 1424 4192 Vulturno
1446 4129 1581 4191 flumine
1608 4081 1697 4190 tonte
1723 4131 1812 4191 intus
1836 4095 2153 4212 civitate'capnana:

298 4269 313 4330 'a
338 4277 380 4337 Et
401 4273 603 4338 reclamabat
624 4291 660 4335 se
681 4251 824 4335 dicendo
846 4273 948 4335 vellet
970 4274 1118 4355 racipere
1143 4276 1251 4354 legem
1274 4281 1308 4338 et
1329 4281 1526 4356 potestatem
1548 4255 1635 4338 unde
1658 4277 1725 4336 vim
1747 4275 1895 4357 patiebat
1923 4277 1963 4340 ab
1994 4279 2166 4340 Adelber·-

304 4442 318 4478 <r
344 4427 413 4484 tum
446 4420 587 4484 Abbatte
623 4419 816 4482 monasterii
839 4425 1028 4481 sanctorum
1050 4420 1166 4500 Lupoli
1189 4428 1223 4483 et
1247 4421 1366 4484 Zosimi
1389 4421 1446 4500 qui
1469 4427 1695 4484 constructum
1729 4440 1804 4484 esse
1829 4422 2033 4503 dignoscitur
2067 4411 2170 4486 inlus-

303 4568 426 4630 uhand
450 4585 566 4630 nevam
590 4567 777 4629 Beneventi
798 4567 929 4628 civitate
952 4563 991 4627 de
1016 4566 1222 4629 causationes
1246 4572 1279 4628 et
1302 4566 1506 4628 intentiones
1533 4567 1628 4646 quod'
1653 4567 1724 4648 lpse
1755 4567 1904 4630 Hilarius
1937 4569 2164 4631 Venerabilis-

301 4738 317 4774 «
343 4713 454 4778 abbas
474 4713 552 4777 ante
576 4715 636 4778 hos
659 4714 729 4777 dies
751 4721 826 4776 ante
848 4714 1072 4796 praesentiam
1096 4721 1241 4776 nostram
1263 4713 1464 4790 excitaverat
1486 4713 1641 4777 adsersus
1665 4716 1779 4778 eedem
1813 4717 1992 4798 Adelperto
2020 4716 2152 4791 abbate,

301 4877 315 4921 a
340 4856 491 4919 dicende.
516 4861 553 4918 ut
574 4853 661 4926 mal'o
685 4859 857 4921 ordineet
879 4864 994 4922 contra
1016 4859 1125 4937 legem
1148 4866 1281 4922 teneret
1304 4865 1338 4922 et
1359 4859 1546 4924 dominaret
1568 4867 1667 4940 atque
1692 4863 1856 4944 trugiaret
1872 4863 1973 4926 rebus
1990 4864 2154 4947 praedicti

202 4999 203 5004 ’
300 5017 314 5053 a
340 4965 533 5056 monasterii
557 4994 661 5056 sancti
682 4995 848 5057 Vincentii
871 4995 958 5073 quod
981 4995 1111 5074 tegibus
1135 5000 1186 5057 est
1207 4994 1417 5075 pertinentes
1442 4996 1546 5076 ipsius
1569 4995 1602 5056 in
1619 4997 1743 5058 tinibus
1759 4999 1891 5060 Telesia
1906 4999 1939 5060 in
1957 4997 2038 5079 ips'is
2055 5001 2166 5063 locis..

299 5165 314 5200 a
339 5139 430 5201 idest
451 5139 560 5204 locum
582 5139 640 5232 ubi
664 5139 789 5202 dicitur
810 5138 917 5202 Monte
941 5137 1091 5202 Cclbellu
1114 5147 1147 5202 et
1168 5140 1224 5202 ubi
1247 5146 1382 5204 recatnr
1403 5142 1505 5203 Arctu
1526 5140 1671 5204 Rubellu
1703 5149 1736 5204 et
1765 5143 1821 5205 ubi
1856 5148 2045 5206 nominatur
2073 5147 2154 5207 Riva

307 5308 320 5341 a
347 5261 587 5356 Pretususnec
612 5303 674 5344 nen
700 5291 733 5346 et
755 5283 814 5344 ubi
838 5291 1061 5347 constructae
1086 5303 1147 5346 sun
1172 5285 1325 5348 Eclesiae
1347 5285 1551 5365 pertinentes
1574 5285 1678 5365 ipsius
1702 5289 1906 5359 monasterii,
1931 5308 1994 5349 una
2018 5309 2059 5350 ex
2083 5243 2154 5370 ipsa

303 5453 317 5488 u
343 5431 494 5492 Ecclesia
518 5429 673 5492 vocabule
697 5430 800 5492 sancti
825 5430 943 5506 Angeli
968 5438 1001 5490 et
1025 5430 1089 5490 alia
1111 5429 1390 5510 vocabulqsancti
1405 5430 1583 5493 vincentii.
1599 5431 1641 5492 Et
1657 5432 1744 5493 unde
1767 5433 1838 5514 ipse
1863 5433 2063 5496 Adelbertus
2087 5455 2151 5498 nna

306 5594 318 5635 u
344 5595 416 5638 cum
435 5577 590 5654 laquiuto
613 5575 806 5637 advocatam
830 5593 889 5636 sue
912 5575 1155 5655 responderunt
1178 5581 1212 5636 et
1228 5575 1382 5640 dixerunt
1397 5583 1432 5636 ut
1448 5577 1562 5638 aberet
1579 5578 1726 5656 predicte
1745 5582 1944 5641 monasterio
1963 5589 2152 5643 sanctorum

266 5759 271 5770 ·
299 5745 313 5778 u
339 5720 454 5802 aneli
480 5728 512 5783 et
536 5723 655 5783 Zosimi
679 5720 779 5782 rebus
802 5723 834 5782 in
859 5719 980 5781 finibus
1003 5681 1134 5782 Telesia
1157 5722 1216 5786 sed
1240 5723 1387 5784 nesciret
1408 5722 1448 5783 de
1471 5741 1593 5802 quare
1618 5741 1692 5786 eum
1715 5729 1894 5803 quaereret
1897 5769 2151 5791 ..........

306 5889 320 5923 n
346 5867 493 5946 Cumque
518 5887 576 5930 nos
599 5886 699 5949 supra
722 5855 821 5930 dietis
847 5869 1010 5949 episcopis
1034 5869 1208 5946 etjudices
1224 5871 1300 5931 dum
1319 5871 1431 5932 taliter
1447 5854 1504 5932 rios
1523 5835 1602 5951 ipsis
1620 5845 1799 5962 praedictis
1817 5871 2001 5936 Abbatibus
2025 5881 2058 5936 et
2074 5893 2156 5936 suos
2228 5901 2233 5910 ·
