5402 7088
963 1533 978 1582 ²
1039 1577 1389 1660 nooonxx.

1066 1845 1123 1922 A,
1152 1846 1207 1919 D.
1238 1844 1370 1918 1034.

334 2108 363 2224 †
388 2139 427 2204 In
451 2137 594 2204 nomine
618 2137 751 2205 domini
775 2135 1014 2204 sextodecimo
1038 2152 1133 2204 anno
1156 2134 1382 2228 principatus
1405 2132 1523 2200 domni
1544 2129 1658 2199 nostri
1674 2128 1857 2198 Guaimari
1874 2127 2027 2216 glorioso
2043 2108 2145 2216 prin·

288 2293 378 2380 cipe,
403 2291 469 2360 tilii
493 2291 669 2378 quondam
693 2289 815 2358 domni
837 2289 1023 2359 Guairnari
1047 2287 1110 2376 qui
1134 2289 1203 2357 fuit
1226 2290 1406 2378 princeps,
1432 2249 1552 2356 mense
1575 2287 1740 2374 martine,
1757 2283 1914 2354 secunda
1930 2284 2143 2354 indictione.

288 2442 437 2528 Ideoque
460 2459 524 2527 ego
549 2440 677 2508 mulier
699 2441 842 2510 nomine
866 2440 984 2509 maria
1018 2442 1205 2527 monacha,
1230 2459 1298 2528 que
1313 2459 1392 2508 snm
1408 2439 1484 2510 fllia
1502 2440 1656 2527 iaquinti
1680 2441 1723 2508 de
1747 2440 1891 2544 camilla
1906 2438 1928 2528 Ι)
1955 2445 2076 2510 actum
2099 2442 2150 2510 ci·

289 2594 409 2682 lento,
433 2593 623 2663 clarefecio
638 2613 706 2680 me,
731 2593 816 2680 quia
840 2597 925 2661 ante
942 2595 1011 2660 bos
1034 2592 1092 2661 die
1107 2611 1171 2679 pro
1186 2594 1347 2662 mercede
1370 2593 1489 2661 anime
1505 2612 1567 2662 sue
1583 2594 1660 2681 ipse
1677 2592 1808 2662 ienitor
1831 2612 1931 2662 meus
1946 2611 2010 2681 per
2032 2597 2143 2663 unam
2204 2643 2207 2650 .

289 2749 489 2838 cartulam,
513 2750 604 2836 qnod
626 2755 712 2836 aput
735 2750 962 2836 me‘retineo,
986 2711 1205 2834 tradiditque
1230 2747 1318 2815 mihi
1341 2751 1509 2834 quartam
1526 2751 1663 2834 partem
1679 2766 1725 2817 ex
1741 2746 1907 2814 omnibus
1930 2749 2038 2815 rebus
2063 2752 2149 2817 snb·

199 2997 204 3005 Ι
290 2905 435 2992 stantia
459 2904 646 2974 stavilibus
669 2909 704 2972 et
728 2901 955 2971 movibilibus
988 2903 1074 2989 suis,
1098 2907 1135 2970 et
1157 2898 1235 2990 ipsa
1257 2920 1389 2988 casam,
1416 2903 1475 2969 nbi
1500 2921 1622 2970 sumus
1639 2901 1828 2978 residente;
1846 2907 1883 2970 et
1900 2902 2043 3006 interea
2070 2921 2153 2972 con-

290 3079 420 3149 gruum
444 3058 533 3125 mihi
557 3062 611 3126 est
633 3057 793 3144 predicta
815 3055 932 3125 maria
956 3057 1131 3124 monacha
1154 3073 1219 3141 pro
1242 3055 1402 3123 mercede
1424 3055 1585 3124 animam
1608 3073 1724 3125 meam
1747 3056 1841 3144 ipsu,
1859 3057 1953 3124 sicut
1975 3057 2151 3145 diximus,

291 3211 383 3298 quod
407 3211 516 3278 michi
540 3211 655 3297 ipsum
679 3209 809 3276 ienitor
844 3227 943 3276 mens
965 3207 1137 3294 tradidit,
1161 3209 1303 3277 offerire
1325 3207 1413 3276 illud
1436 3203 1652 3279 monasterio
1676 3208 1794 3278 sancti
1816 3209 2057 3297 archangeli,
2082 3213 2149 3296 qui
2263 3289 2271 3304 ·

291 3367 345 3431 est
368 3361 477 3430 situm
501 3363 539 3429 in
564 3379 664 3428 mons
687 3363 803 3430 coraci
820 3360 862 3428 de
878 3359 1023 3446 cilent0,
1047 3364 1096 3446 et,
1114 3360 1158 3428 de
1180 3360 1273 3428 sicut
1295 3359 1402 3429 michi
1420 3362 1560 3447 prefata
1576 3361 1693 3430 maria
1708 3365 1883 3430 monacha
1900 3367 2038 3430 rectum
2056 3381 2150 3430 corn-

292 3516 427 3602 paruit,
451 3519 535 3584 ante
557 3477 705 3601 pdoneis
728 3515 920 3599 subscripti
944 3487 1160 3600 hominibus
1186 3531 1366 3600 unamque
1390 3532 1529 3582 mecum
1552 3514 1691 3582 adesset
1714 3515 1794 3600 ipsu
1811 3514 1997 3584 nominato
2024 3517 2156 3584 lenito·
2253 3537 2256 3544 ·

293 3670 326 3737 ri
350 3669 488 3748 meoet
511 3670 667 3737 iohanne
690 3671 900 3738 abbocatore
925 3687 1015 3755 meo,
1041 3687 1104 3754 per
1128 3668 1220 3736 hanc
1244 3669 1420 3736 cartulam
1446 3669 1555 3736 offero
1578 3668 1694 3736 omnis
1714 3672 1822 3737 rebus
1837 3671 2038 3755 stavilibus,
2057 3671 2151 3756 quod

293 3823 382 3891 mihi
406 3824 451 3892 ab
475 3822 553 3908 ipso
575 3821 731 3910 genitori
754 3837 832 3888 meo
855 3825 909 3888 est
933 3819 1130 3908 remissum,
1156 3829 1265 3908 quam
1280 3828 1316 3891 et
1341 3825 1429 3894 meis
1453 3822 1622 3891 manibus
1650 3787 1831 3910 unamque
1863 3842 1945 3892 oum
1974 3825 2050 3912 ipso
2074 3842 2150 3895 meo

293 3980 456 4067 genitore
481 3960 562 4066 ipsa
584 3977 743 4065 scriptio,
768 3977 859 4064 quod
883 3976 967 4044 inde
991 3977 1130 4062 habuit,
1156 3977 1299 4045 remitto
1328 3976 1394 4045 tivi
1418 3977 1545 4045 domno
1569 3976 1769 4046 laurentius
1793 3977 2012 4058 beneravilis
2036 3981 2149 4052 abbas

294 4131 408 4217 ipsius
431 4132 639 4202 monasterii
664 4133 702 4200 in
725 4131 794 4202 tali,
815 4130 957 4220 ordine,
982 4133 1022 4200 ut
1045 4147 1154 4216 nsque
1177 4131 1262 4198 dum
1286 4130 1365 4201 viva
1388 4132 1487 4200 luero
1500 4181 1510 4218 ,
1536 4133 1613 4218 ipsa
1636 4134 1741 4199 rebus
1765 4132 1862 4200 siant
1885 4131 1924 4198 in
1949 4151 2028 4202 mea
2053 4139 2152 4220 pote-

298 4291 392 4355 state
416 4285 461 4354 ad
486 4286 730 4374 frudiandum,
754 4285 856 4354 etde
881 4285 957 4372 ipso
980 4284 1097 4352 frudio
1119 4285 1241 4353 omnia
1263 4285 1467 4369 faciendum
1490 4287 1582 4373 quod
1606 4287 1696 4356 mihi
1720 4285 1907 4373 placuerit;
1933 4291 2010 4371 post
2035 4306 2151 4355 meum
2221 4279 2226 4291 “

300 4443 422 4508 antem
446 4439 582 4532 obitum
605 4428 683 4525 ipsa
706 4439 878 4507 iamdicta
901 4441 1020 4526 rebus,
1044 4417 1138 4506 siout
1162 4440 1240 4524 ipsa
1264 4438 1462 4506 monimine
1487 4438 1659 4516 continet,
1684 4439 1777 4525 quod
1794 4438 1858 4507 tivi
1876 4439 2012 4526 prefato
2028 4441 2162 4509 domno¹

302 4591 504 4662 laurentius
527 4593 745 4662 benerabilis
768 4596 879 4682 abbas
902 4591 1065 4678 tradidit,
1090 4591 1188 4660 siant
1203 4592 1241 4658 in
1257 4593 1432 4677 potestate
1455 4593 1532 4671 tua,
1553 4591 1607 4658 vel
1624 4590 1667 4659 de
1683 4591 1756 4660 tuis
1772 4593 2030 4684 posterioribus
2055 4593 2151 4662 etde

297 4751 436 4816 rectore
459 4749 571 4834 ipsius
593 4747 814 4834 monasterii,
839 4765 920 4815 cum
944 4745 1065 4814 omnia
1089 4745 1167 4832 ipsa
1190 4746 1295 4814 rebus
1321 4747 1358 4813 in
1388 4763 1425 4814 se
1448 4748 1603 4816 havente
1626 4753 1662 4814 et
1685 4744 1774 4812 mihi
1806 4745 1888 4813 inde
1912 4747 2152 4848 pertinentem

299 4923 381 4971 cum
403 4878 481 4972 vice
511 4903 554 4971 de
584 4904 650 4970 viis
684 4902 772 4970 illud
805 4881 1034 4986 habendum,
1065 4899 1343 4985 dominandum,
1368 4901 1615 4986 possidendum
1638 4905 1674 4968 et
1697 4901 1817 4968 omnia
1841 4899 1924 4970 inde
1948 4903 2152 4972 iaciendum

301 5058 395 5146 quod
430 5057 527 5124 vobis
562 5055 748 5144 placuerit.
772 5059 821 5124 De
844 5075 917 5142 qua
939 5054 1138 5142 voluptarie
1161 5069 1237 5122 mee
1261 5025 1436 5140 spopondo
1461 5057 1569 5140 atque
1593 5021 1800 5141 repromitto
1822 5073 1888 5144 ego
1903 5056 2065 5146 predicta
2081 5077 2158 5126 ma-

301 5213 358 5281 ria
381 5193 586 5300 monacha,
604 5215 644 5279 ut
669 5212 699 5279 si
720 5210 912 5297 aliquando
946 5211 1024 5295 ipsa
1049 5210 1154 5276 rebus
1177 5227 1199 5275 a
1224 5225 1307 5294 pars
1336 5206 1451 5292 ipsum
1475 5206 1733 5277 monasterinm
1757 5210 1959 5277 substraere
1983 5209 2154 5296 boluero,

301 5371 364 5436 aut
386 5367 523 5453 aliquid
545 5365 628 5433 inde
652 5366 817 5434 minuare
840 5363 982 5432 voluero
1004 5379 1066 5449 per
1090 5361 1358 5447 qualiscumque
1382 5361 1584 5449 ingenium,
1610 5379 1673 5429 seu
1689 5362 1841 5448 ratione,
1859 5379 1923 5430 seu
1938 5381 2002 5448 per
2026 5366 2152 5432 ammi-

303 5521 440 5590 sionem
465 5539 594 5608 meam,
618 5521 736 5606 obligo
759 5538 814 5587 me
839 5516 877 5584 in
901 5535 994 5604 pena
1017 5516 1062 5586 ad
1084 5516 1363 5604 componendum
1393 5515 1527 5601 tivique
1550 5515 1676 5582 domno
1700 5511 1903 5584 laurentius
1937 5516 2157 5585 benena'vilis

351 5891 373 5968 ¹)
396 5891 499 5952 Hodie
525 5889 680 5953 cometa.

496 6071 566 6130 lon.
588 6089 624 6128 vr.
