5456 7096
643 478 729 554 rs·
810 541 828 574 ,
978 423 987 442 ’
1295 481 1470 557 oooux
1502 481 1768 576 clvuus1s

595 707 777 794 gaberunt
799 726 837 776 se
859 713 896 778 et
918 710 992 778 suis
1015 710 1191 798 eredibus,
1216 714 1256 780 ut
1279 710 1309 780 si
1333 713 1456 784 taliter
1478 715 1599 784 omnia
1621 712 1867 814 suprascripta
1882 713 2028 803 ad'pars
2044 709 2157 799 ipsius
2181 707 2466 782 monasteriiet'

601 859 752 948 adpars
768 859 882 947 ipsius
905 861 1090 934 nominato
1113 881 1250 956 gemme
1274 881 1346 934 non
1369 866 1643 956 adimpleberint
1658 873 1694 938 et
1709 870 1841 957 aliquit
1864 868 1947 938 inde
1970 867 2274 952 contradixerint,
2288 883 2351 952 per
2368 865 2447 951 ipsa

597 1011 736 1099 gnadia
760 1013 971 1100 componere
1005 1012 1258 1102 obligaverunt
1279 1034 1318 1086 se
1341 1019 1409 1104 ipsi
1433 1021 1608 1107 germani·
1622 1025 1658 1089 et
1680 1021 1754 1088 suis
1777 1020 1942 1090 eredibus
1965 1017 2012 1088 ad
2033 1035 2117 1106 pars
2140 1015 2302 1086 iamdicti
2325 1030 2447 1082 mona·

597 1165 701 1234 sterii
725 1169 763 1235 et
786 1168 900 1254 ipsius
923 1167 1107 1236 nominate
1129 1186 1267 1258 gemm
1284 1173 1320 1239 et
1337 1171 1383 1239 ad
1400 1171 1479 1240 eius
1501 1172 1636 1258 eredes,
1652 1176 1716 1240 aut
1731 1171 1788 1240 cui
1805 1171 1948 1239 brebem
1964 1170 2033 1240 iste
2049 1170 2089 1237 in
2104 1186 2252 1237 manum
2268 1137 2445 1254 paruerit,

601 1316 760 1404 triginta
783 1319 865 1389 auri
889 1318 1016 1388 solidos
1038 1323 1295 1409 constantines,
1320 1327 1356 1392 et
1380 1341 1458 1406 unc,
1474 1325 1616 1394 brebem
1639 1314 1764 1428 scripsi
1789 1337 1855 1408 ego
1877 1324 2000 1408 petrus
2023 1321 2198 1408 presbiter
2215 1322 2254 1388 et
2269 1317 2445 1389 notarius.

528 1495 540 1520 ·
646 1440 781 1558 †Ego
805 1476 927 1559 petrus
950 1475 1128 1560 presbiter
1218 1547 1222 1556 ,

537 1583 544 1596 ι
646 1593 781 1710 †Eg0
804 1624 870 1693 leo.

1406 1969 1698 2109 GMXX.'

1233 2271 1239 2284 '
1369 2289 1666 2367 A.D.1037.

646 2496 683 2637 †
708 2549 748 2613 In
776 2546 920 2614 nomine
944 2547 1078 2615 domini
1104 2546 1271 2616 bioesimo
1295 2567 1389 2618 auno
1411 2551 1634 2636 principatus
1656 2549 1776 2618 domni
1799 2549 1912 2616 nostri
1936 2546 2131 2634 guaimari,
2155 2550 2192 2614 et
2215 2544 2330 2632 primo
2353 2558 2451 2612 anno

604 2696 831 2785 principatus
847 2697 968 2765 domni
986 2698 1134 2769 iohanni
1153 2703 1229 2769 eius
1244 2699 1323 2788 tilii,
1343 2701 1488 2788 gloriosi
1504 2701 1741 2788 principibus,
1759 2717 1880 2767 mense
1896 2699 2105 2784 sebtember3
2119 2702 2230 2767 sexta'
2241 2696 2448 2766 indictione.

465 2939 471 2952 ι
600 2851 671 2918 Nos
696 2850 882 2950 iaquintus
903 2850 1000 2918 filius
1023 2851 1201 2938 quondam
1224 2852 1318 2938 petri
1342 2851 1384 2920 de
1407 2853 1543 2922 andrea
1566 2851 1737 2918 monacho
1762 2853 1799 2918 et
1822 2817 1952 2917 mulier
1977 2849 2122 2915 nomine
2145 2845 2365 2934 ammerada,
2381 2864 2451 2934 que

603 3021 683 3070 sum
709 3019 800 3070 uxor
823 3003 896 3089 poti
922 2961 1056 3089 clerici,
1079 3003 1145 3070 filii
1171 3003 1318 3072 adclieri
1342 2987 1510 3092 medicus,
1528 3005 1655 3074 attilia
1679 3004 1859 3091 quondam
1884 3001 2015 3072 falconi
2041 3000 2177 3085 clerici,
2194 3000 2257 3087 qui
2273 2999 2342 3069 fuit
2357 2999 2452 3069 iilius

601 3156 714 3244 ipsius
730 3157 822 3244 petri
839 3155 883 3224 de
899 3159 1073 3225 monacho
1098 3158 1246 3246 andrea,
1265 3157 1446 3227 coniuncti
1462 3177 1584 3228 sumus
1607 3164 1692 3229 ante
1708 3159 1892 3247 presentia
1915 3156 2104 3246 grimoaldi
2128 3154 2269 3224 comitis
2285 3159 2321 3224 et
2336 3155 2449 3225 iudici

607 3329 688 3378 cum
712 3311 886 3379 iohannes
910 3311 1005 3380 iilius
1029 3312 1206 3400 quondam
1230 3311 1389 3400 landoni,
1413 3314 1474 3400 qui
1499 3313 1568 3381 iuit
1590 3314 1666 3398 ipse
1689 3311 1796 3382 lando
1823 3329 2038 3398 germanum
2062 3325 2249 3395 meumque
2279 3307 2452 3395 iaquinti,

606 3465 642 3531 et
667 3462 781 3550 ipsius
804 3463 937 3532 falconi
960 3463 1082 3534 clerici
1107 3464 1307 3552 genitorem
1330 3482 1518 3551 meumque
1541 3465 1768 3555 ammerade,
1794 3468 1830 3534 et
1853 3484 1917 3552 per
1941 3467 2055 3552 ipsum
2081 3465 2254 3534 iohannes
2285 3464 2479 3554 metense,

601 3619 686 3684 sunt
711 3616 779 3683 due
803 3616 941 3684 cartule
965 3618 1095 3686 scribto
1117 3617 1161 3684 de
1183 3617 1426 3704 suprascripto
1442 3635 1564 3685 mense
1581 3622 1616 3686 et
1633 3617 1968 3726 indictioneunam
1986 3635 2032 3685 ex
2047 3572 2107 3686 ille
2123 3616 2342 3703 continebat,
2366 3635 2454 3703 qua·

602 3767 687 3835 liter
712 3769 900 3853 iaquintus
922 3770 1085 3838 notarius
1108 3767 1202 3836 tilius
1229 3769 1483 3856 ragemprandi
1508 3769 1617 3838 iudici
1642 3773 1722 3840 ante
1748 3771 1865 3858 ipsum
1889 3787 2005 3838 comes
2035 3775 2072 3839 et
2094 3768 2205 3841 iudex
2238 3771 2453 3840 coniunctus

602 3922 672 3990 suit
687 3940 768 3990 cnm
784 3921 988 4007 supradicto
1013 3921 1188 3990 iohannes
1203 3919 1246 3990 de
1262 3922 1369 3991 lando
1385 3926 1421 3990 et
1436 3943 1499 4011 per
1515 3925 1631 4012 ipsum
1648 3925 1835 4011 iaquintus
1857 3932 2038 3996 ostensum
2056 3925 2125 3996 fuit
2144 3944 2255 3995 unum
2278 3928 2454 3995 scribtum

604 4074 812 4186 testamenti
837 4073 880 4141 de
904 4073 1082 4142 tricesimo
1104 4074 1254 4142 hoctabo
1277 4092 1373 4143 anno
1395 4075 1621 4164 principatus
1642 4077 1762 4146 domni
1785 4075 1966 4166 guaimari
1982 4081 2019 4147 et
2035 4037 2128 4146 nono
2156 4096 2252 4149 anno
2274 4077 2454 4166 principa·

609 4225 667 4330 tus
683 4221 885 4310 supradicti
909 4223 1029 4292 domni
1047 4225 1160 4292 nostri
1176 4225 1357 4334 guaimari
1374 4227 1453 4294 eius
1467 4227 1548 4315 filii,
1565 4227 1608 4296 de
1624 4245 1744 4297 mense
1760 4229 1963 4317 nobember,
1979 4227 2117 4299 decima
2131 4219 2341 4319 indictione,
2366 4247 2455 4316 qua·

510 4461 515 4476 ι
608 4372 692 4442 liter
717 4372 904 4442 mirandus
927 4373 1023 4442 filius
1046 4374 1137 4462 petri
1153 4373 1196 4444 de
1211 4374 1346 4446 andrea
1368 4379 1564 4446 monachus
1580 4377 1617 4444 in
1634 4379 1842 4450 infirmitate
1863 4397 1929 4450 sua
1951 4379 2175 4451 iudicaberat
2189 4385 2226 4450 et
2240 4384 2278 4450 in
2302 4399 2451 4452 manum

603 4545 641 4596 se
660 4529 889 4597 commiserat
914 4527 1027 4616 ipsius
1050 4528 1205 4616 iaquinti
1223 4530 1356 4619 notari,
1374 4479 1414 4598 ut
1430 4535 1508 4617 post
1523 4532 1683 4599 hobitum
1700 4530 1812 4617 ipsius
1827 4526 1984 4600 mirandi
2003 4533 2212 4618 potestatem
2228 4533 2354 4602 aberet
2376 4531 2454 4618 ipse

602 4684 795 4782 iaquintus
807 4684 970 4754 notarius
988 4685 1113 4754 inclita
1129 4687 1236 4752 rebus
1250 4703 1316 4772 sua
1332 4683 1375 4754 de
1392 4683 1507 4753 locum
1524 4682 1658 4753 arcella
1673 4683 1764 4752 etde
1777 4669 2222 4806 looumiobi'benumdare,
2236 4688 2273 4753 et
2295 4684 2454 4772 pretium

604 4854 713 4936 quam
737 4836 821 4939 inde
845 4835 984 4924 tulerit,
1001 4837 1104 4905 daret
1118 4855 1182 4924 pro
1198 4835 1276 4904 eius
1291 4835 1428 4922 anima,
1442 4839 1478 4904 et
1493 4834 1705 4921 cuicumque
1722 4835 1828 4902 rebus
1844 4833 1922 4920 ipsa
1937 4834 2206 4914 benumdederit
2221 4833 2344 4904 eredes
2368 4851 2452 4904 suas

604 4990 701 5077 illut,
726 4993 821 5064 sicut
845 4991 919 5079 ipso
943 4993 1116 5060 scribtum
1139 4991 1377 5079 continetfet,
1394 4989 1597 5077 palamfecit
1620 4993 1695 5078 ipse
1717 4989 1903 5059 mirandus
1933 4991 2039 5060 abere
2063 5008 2137 5059 una
2168 4989 2352 5060 infantula
2374 4989 2455 5060 filia

603 5161 671 5210 sua
696 5143 841 5211 nomine
867 5143 1105 5212 erohessenda
1127 5143 1176 5228 de,
1188 5139 1366 5210 domnella
1388 5159 1501 5210 uxore
1517 5159 1598 5227 sua,
1617 5145 1652 5210 et
1668 5161 1730 5228 per
1745 5144 1822 5230 ipso
1838 5141 2011 5211 scribtum
2035 5141 2257 5212 iudicaberat
2273 5145 2307 5210 ei
2325 5142 2482 5244 inclita·

608 5297 724 5366 omnis
749 5295 824 5365 alia
849 5298 954 5364 rebus
978 5314 1044 5364 sua
1068 5295 1196 5364 stabile
1218 5297 1255 5362 et
1280 5293 1422 5381 mobile,
1439 5303 1475 5362 et
1491 5298 1592 5363 terra
1614 5313 1695 5362 cum
1720 5313 1805 5364 casa
1828 5295 1960 5364 suade
1983 5297 2083 5384 intus
2106 5311 2175 5364 ano
2197 5295 2393 5382 cibitatem,
2413 5297 2456 5362 ut

604 5448 809 5536 perbenirct
831 5449 876 5518 ad
900 5397 1110 5536 potestatem
1137 5449 1180 5517 de
1204 5447 1282 5535 ipsa
1305 5447 1384 5517 tilia
1408 5465 1487 5535 sua,
1511 5443 1549 5518 in
1565 5465 1610 5516 ea
1625 5449 1776 5533 ratione,
1792 5452 1832 5516 ut
1847 5451 1879 5516 si
1898 5448 1977 5535 ipsa
1998 5445 2075 5516 fllia
2099 5466 2165 5517 sua
2190 5449 2313 5516 abueri
2340 5446 2453 5516 filium

605 5601 663 5669 vel
685 5601 773 5688 filia,
798 5553 924 5670 liceret
947 5599 1021 5669 illis
1045 5599 1175 5668 exinde
1199 5553 1467 5668 sacareomnia
1490 5597 1581 5685 quod
1604 5596 1771 5685 boluerit3
1788 5603 1825 5666 et
1840 5598 1872 5666 si
1889 5603 2036 5669 mortua
2046 5599 2156 5668 luerit
2173 5601 2252 5668 sine
2267 5598 2380 5668 filium
2397 5597 2453 5667 vel

602 5755 681 5824 iilia
699 5753 748 5823 'de
771 5747 948 5844 viro'suo,
972 5753 1101 5824 inclita
1125 5751 1313 5823 medietate
1336 5753 1379 5822 de
1405 5751 1484 5840 ipsa
1506 5753 1611 5819 rebus
1628 5749 1769 5838 quodei
1787 5749 2022 5838 iudicaberat,
2040 5750 2164 5820 liceret
2181 5751 2282 5821 illam
2299 5751 2382 5820 inde
2396 5753 2451 5821 ia·
