5408 7108
1006 555 1420 634 ulrtohtvlobs
2032 560 2103 632 utu

289 788 485 876 aliquando
510 791 671 875 tempore
696 790 771 874 Ego
793 787 855 875 qui
879 787 1105 875 supradictus
1128 787 1296 857 lasdolfus
1318 788 1506 872 presbiter,
1524 790 1586 854 aut
1601 783 1689 853 meis
1707 783 1897 853 heredibus
1912 803 1951 852 ec
1967 802 2050 853 mea
2068 803 2147 873 pre·

290 940 387 1009 dicta
410 941 601 1009 donatione
625 943 661 1006 et
683 939 888 1026 offertione,
913 939 1007 1046 sicut
1029 942 1194 1025 superius
1218 937 1373 1026 legitur,
1398 941 1524 1006 Tecum
1562 936 1720 1023 predicto
1751 935 1907 1005 iohanne
1931 939 2147 1006 venerabilis

289 1095 457 1164 sacerdos
480 1099 516 1163 et
538 1097 747 1169 monachus,
766 1099 802 1162 et
823 1114 892 1180 cuy
915 1113 937 1162 a
961 1099 995 1162 te
1018 1094 1103 1162 data
1126 1098 1217 1160 esset
1242 1093 1442 1178 paruerint,
1466 1093 1520 1158 vel
1545 1090 1688 1157 illorum
1713 1090 1905 1156 heredibus
1928 1109 1991 1176 per
2017 1090 2152 1176 qualis-

297 1265 450 1333 cumque
474 1245 613 1314 ratione
636 1264 785 1314 causare
809 1251 873 1314 aut
896 1245 1109 1314 contendere
1132 1245 1394 1329 quesierimus,
1418 1240 1601 1309 volendum
1627 1239 1708 1309 inde
1734 1244 1834 1310 vobis
1857 1243 1991 1329 aliquit
2024 1240 2150 1309 tollere

294 1399 348 1466 vel
373 1403 613 1485 eminuere,
629 1403 694 1466 aut
711 1400 742 1465 si
760 1416 825 1483 sup
841 1398 884 1465 de
900 1395 1282 1483 vestraquesierimus
1304 1401 1490 1481 suptraere
1513 1394 1793 1481 proprietatem
1818 1395 1897 1462 ldeo
1920 1400 2005 1463 ante
2029 1394 2150 1462 omnia
2242 1415 2246 1422 ·

296 1548 429 1633 viginti
454 1547 556 1618 solidi
581 1549 801 1617 constantini
828 1567 922 1634 pena
946 1549 1021 1636 Ego
1043 1551 1106 1634 qui
1129 1548 1355 1634 supradictus
1386 1547 1554 1616 lasdolfus
1576 1547 1753 1633 presbiter
1784 1549 1820 1614 et
1845 1549 1933 1614 meis
1957 1546 2150 1616 erhedibus

294 1701 373 1767 tivi·
387 1698 500 1768 cidem
526 1700 676 1768 iohanni
700 1699 918 1769 venerabilis
941 1699 1104 1806 sacerdos
1127 1705 1163 1766 et
1180 1701 1387 1784 monachuS,
1404 1705 1440 1766 et
1455 1718 1523 1783 cuy
1547 1703 1621 1766 ate
1643 1697 1765 1766 datum
1791 1703 1883 1766 esset
1906 1699 2094 1785 paruerint
2110 1703 2147 1766 et

292 1850 337 1919 ad
362 1848 506 1918 illorum
530 1851 721 1920 erhedibus
743 1871 806 1938 per
830 1855 924 1920 hane
948 1849 1122 1920 cartulam
1148 1868 1356 1935 componere
1379 1851 1588 1938 obligamus,
1606 1857 1642 1918 et
1672 1855 1710 1917 in
1734 1855 1843 1920 antea
1865 1853 1962 1918 omni
1988 1856 2149 1938 tempore

291 2005 393 2075 taciti
416 2010 452 2074 et
476 2005 606 2092 quietis
632 2053 789 2070 .....
816 2024 876 2072 vos
900 2023 1108 2080 maneamus
1128 2025 1193 2091 per
1220 2007 1356 2074 invitis.
1381 2009 1494 2094 Igitur
1518 2011 1637 2075 autem
1664 2005 1784 2092 obligo
1811 2025 1868 2072 me
1896 2008 1972 2093 Ego
2000 2009 2061 2093 qui
2091 2025 2152 2075 su·
2219 2021 2223 2034 ·

291 2177 358 2243 pra
384 2156 554 2224 lasdolfus
578 2159 753 2243 presbiter
776 2162 813 2225 ct
829 2157 924 2224 -meis
947 2157 1134 2224 erhedibus
1157 2157 1273 2245 obligo
1296 2159 1360 2225 tivi
1380 2159 1567 2226 iamdictus
1591 2160 1765 2227 iohannes
1788 2159 2005 2228 veneravilis
2028 2179 2148 2230 sacer·

291 2313 353 2378 dos
376 2315 413 2378 ct
437 2329 505 2394 cuy
529 2329 551 2377 a
574 2315 609 2377 te
633 2310 718 2378 data
744 2314 836 2377 esset
858 2312 1059 2397 paruerint,
1083 2331 1189 2396 quam
1207 2317 1243 2379 et
1258 2313 1302 2380 ad
1320 2311 1460 2379 illorum
1476 2311 1677 2397 erhedibus,
1697 2317 1736 2380 ut
1752 2314 1932 2399 integram
1949 2317 2072 2379 nostra
2091 2311 2152 2382 do·
2244 2324 2247 2328 ’

292 2467 441 2535 natione
477 2465 592 2550 adque
614 2466 824 2551 offertione,
849 2469 942 2532 sicut
966 2467 1129 2551 superius
1154 2466 1312 2554 legitur,
1337 2468 1436 2533 vobis
1460 2466 1584 2535 amodo
1607 2471 1642 2532 et
1665 2483 1802 2552 semper
1825 2467 1879 2532 Ar
1903 2466 2067 2533 omnibus
2090 2469 2152 2534 ho·

296 2619 457 2688 minibus
480 2638 523 2686 av
548 2618 714 2704 omnique
739 2621 903 2704 partibus
928 2621 1103 2687 antistare
1134 2625 1169 2685 et
1193 2618 1380 2686 defendere
1408 2637 1483 2687 una
1513 2637 1593 2686 cum
1625 2619 1788 2685 omnibus
1817 2621 1891 2686 suis
1914 2619 2157 2687 remmeliora·

298 2773 459 2840 tionibus
482 2772 676 2840 secundum
703 2772 815 2857 legem
840 2791 902 2858 per
928 2771 1135 2858 supradicta
1160 2790 1252 2856 pena
1275 2771 1450 2857 obligata3
1475 2772 1518 2839 dc
1540 2771 1693 2838 colludio
1717 2775 1851 2857 autem,
1878 2772 1908 2840 si
1933 2777 2054 2841 atros
2079 2770 2154 2858 pul-

299 2927 369 2994 sati
395 2925 568 2992 fuerimus
592 2925 636 2993 ad
661 2925 718 2992 dei
741 2925 943 3011 evangelia,
969 2944 1032 2990 nos
1057 2925 1155 3028 vobis
1180 2927 1317 3011 legibus
1340 2925 1615 2995 satisfaciamus.
1643 2927 1686 2992 Et
1708 2927 1802 2994 hanc
1826 2925 1980 3012 cartula,
2003 2925 2047 2992 de
2064 2945 2152 3010 qua-

295 3077 380 3148 liter
405 3079 579 3163 continet,
604 3080 641 3145 in
666 3095 707 3146 eo
730 3079 857 3146 ordine
879 3078 983 3147 firma
1014 3081 1050 3146 et
1079 3079 1207 3145 stabile
1236 3081 1334 3145 vobis
1358 3083 1565 3165 permaneat
1594 3079 1886 3166 inperpetuum,
1911 3045 2152 3165 quemammo-

291 3236 375 3304 dum
403 3239 439 3303 tc
462 3233 606 3320 quidam
631 3233 798 3320 girardus
821 3233 993 3302 diaconus
1017 3234 1132 3319 adque
1155 3235 1318 3302 notarius
1342 3234 1462 3301 taliter
1484 3236 1637 3301 scribere
1654 3235 1868 3321 rogavimus.
1898 3239 2026 3303 Actum
2046 3236 2082 3298 in
2101 3237 2153 3303 ci-

291 3389 402 3459 vitate
427 3407 525 3457 serra
548 3387 713 3455 feliciter.

340 3515 371 3631 †
395 3545 469 3630 Ego
493 3543 552 3628 qui
578 3560 688 3627 supra
711 3540 766 3608 leo
790 3539 905 3607 iudice

338 3669 368 3784 †
394 3699 469 3783 Ego
493 3697 648 3764 iohanne
671 3696 791 3781 ungri.

1007 4398 1021 4417 .
1116 4337 1356 4418 MXXX.

1073 4637 1130 4711 A.
1160 4637 1213 4710 D.
1244 4631 1373 4710 1043.

336 4875 373 5016 †
397 4929 444 4996 IN
467 4922 635 4996 NOMINE
660 4925 811 4993 DOMINI
836 4925 908 4990 DEI
931 4925 1094 4994 ETERNI
1117 4925 1389 4993 SALVATORIS
1412 4927 1539 4994 IHESU
1562 4925 1727 4994 CHRISTI
1744 4927 2007 4996 WAIMARIUS
2022 4931 2078 4997 ET
2092 4931 2158 4998 Gl-

264 5065 266 5069 ’
292 5079 463 5150 SULFUS
486 5077 611 5146 divina
634 5079 782 5186 favente·
801 5077 993 5146 clementia
1017 5075 1316 5165 langobardorum
1332 5076 1452 5164 gentis
1468 5077 1646 5164 principes
1663 5083 1699 5146 et
1714 5077 1832 5147 duces.
1856 5081 1926 5147 Pro
1941 5099 2062 5150 amors
2077 5099 2150 5149 om·
2266 5079 2273 5092 '

295 5232 479 5320 nipotenti
505 5232 569 5302 deo
593 5203 790 5300 et'nostrae
811 5213 941 5299 salutis
964 5229 1107 5299 animae
1130 5231 1356 5299 concedimus
1379 5233 1446 5299 tibi
1462 5231 1611 5302 iohanni
1635 5232 1831 5302 venerabili
1855 5234 1977 5303 abbati
1994 5213 2149 5307 ecclesia

294 5389 506 5460 vocabulum
531 5389 649 5458 sancti
672 5387 807 5475 angeli,
835 5405 926 5474 quae
948 5387 1019 5455 sita
1041 5389 1095 5453 est
1124 5385 1163 5452 in
1193 5391 1315 5454 monte
1337 5387 1398 5472 qui
1424 5389 1569 5456 vocatur
1592 5387 1710 5454 coraci
1737 5434 1892 5454 .....
1911 5435 1930 5480 Ι.
1960 5438 1968 5454 .
1994 5409 2073 5458 cum
2097 5391 2153 5458 vi·-

295 5543 375 5615 neis
399 5547 436 5612 et
459 5542 552 5612 casis
576 5544 715 5611 etcum
739 5539 859 5608 omnia
882 5557 951 5625 que
973 5538 1042 5625 ipsi
1066 5537 1213 5607 ecclesie
1242 5541 1375 5609 habere
1405 5542 1583 5612 videntur.
1608 5545 1653 5610 Et
1669 5546 1723 5610 est
1746 5546 1845 5611 terra
1869 5542 1958 5630 ipsa,
1984 5544 2045 5609 ubi
2069 5563 2149 5629 pre·

297 5694 397 5764 dicta
420 5691 595 5764 aecclesia
618 5694 688 5762 sita
711 5691 825 5772 estin
850 5692 946 5760 omni
970 5693 1073 5778 parte
1102 5709 1228 5780 passus
1256 5692 1475 5779 quingentos
1504 5695 1598 5762 iusto
1620 5711 1728 5780 passu
1751 5693 1906 5798 hominis
1929 5696 2143 5782 mensurati.

292 5849 350 5917 Sic
375 5853 523 5932 tamen,
548 5850 588 5914 ut
613 5849 651 5914 tu
677 5844 867 5915 iamdictus
891 5843 1064 5912 iohannes
1092 5844 1202 5912 abbas
1231 5845 1345 5911 sancti
1377 5845 1585 5932 archangeli
1617 5829 1780 5916 omnibus
1808 5845 1934 5918 diebus
1964 5846 2036 5918 vite
2059 5866 2150 5918 suae

446 6033 516 6090 forr.
538 6045 575 6089 vr.
1063 6091 1069 6102 ,
1955 6037 1990 6095 82
