5456 7096
1047 523 1450 600 DlPLOMATICUS
2058 523 2105 600 93

298 751 356 822 dci
379 770 460 821 cum
487 751 519 820 is
542 749 605 839 qui
628 749 674 820 ad
699 750 853 821 dextera
875 752 980 840 positi
1004 753 1100 838 sunt,
1125 749 1246 818 benite
1268 751 1446 820 benedicti
1463 750 1670 838 patresmei
1685 750 1864 839 percepite
1887 769 2039 839 regnum
2056 749 2150 840 quod

298 906 401 975 robis
425 911 592 996 paratum
616 909 670 974 ost
692 906 740 975 ab
762 905 904 992 origine
926 902 1066 992 mundi,
1091 906 1223 974 babeat
1245 925 1317 992 pro·
1332 923 1370 974 se
1393 904 1493 974 modo
1516 909 1553 974 et
1568 905 1865 975 interbenientem
1881 903 1937 973 dei
1962 903 2150 992 genitricis
2192 913 2201 930 ·

297 1061 414 1131 mario
437 1065 473 1130 et
496 1079 618 1130 omnes
640 1065 802 1147 sanctos,
826 1059 999 1148 hangelos
1022 1059 1230 1147 coapostoli
1253 1059 1325 1146 dei,
1350 1063 1390 1128 ui
1412 1077 1476 1146 pro
1498 1077 1620 1127 eorum
1644 1060 1772 1128 merita
1796 1059 2005 1129 intercessio
2029 1061 2090 1146 sit,
2113 1063 2153 1129 et

298 1215 366 1284 fiat
387 1213 542 1283 absoluti
567 1217 613 1284 ab
636 1231 757 1282 omnes
779 1231 914 1281 noxum
939 1213 1090 1300 peccati,
1108 1217 1145 1280 et
1161 1214 1301 1283 cartula
1318 1217 1437 1282 nostro
1453 1215 1655 1284 donationis
1670 1215 1767 1283 omni
1783 1219 1939 1302 temporo
1954 1213 2095 1283 firmam
2113 1217 2149 1283 et

299 1366 466 1438 stabilem
489 1370 715 1454 permaneat,
741 1386 845 1455 quern
868 1371 904 1437 te
927 1367 1074 1437 adelferi
1100 1367 1260 1435 notarius
1283 1367 1378 1436 hanc
1393 1365 1570 1436 cartulam
1584 1366 1788 1436 donationis
1803 1367 1982 1436 ascribere
2006 1369 2151 1456 rogabi-

298 1542 379 1592 mus
401 1523 464 1610 qui
488 1528 525 1592 et
548 1522 724 1592 interfuit.
752 1526 872 1593 actum
898 1525 937 1591 in
961 1521 1106 1591 civitate
1132 1519 1264 1588 lucerio
1287 1520 1482 1590 indictione
1505 1519 1671 1590 feliciter.

348 1647 379 1764 †
404 1675 480 1762 Ego
503 1677 565 1762 qui
589 1694 697 1762 supra
722 1675 877 1746 iohanne
902 1676 1010 1746 iudex

347 1800 378 1916 †
403 1831 479 1916 Ego
501 1828 635 1898 caloleo
658 1832 748 1898 teste

346 1953 376 2071 †
403 1983 478 2069 Ego
501 1985 596 2052 maio
621 1988 725 2054 teste.

1046 2460 1409 2554 GMXXXIV·

1075 2737 1134 2812 A.
1161 2737 1217 2812 D.
1246 2735 1373 2812 1039.

351 2943 386 3084 †
412 2995 453 3063 In
477 2995 621 3063 nomino
647 2993 780 3063 domini
804 3009 900 3063 anno
924 2993 1090 3062 vicesimo
1114 2986 1140 3076 ¹)
1163 2991 1388 3079 principatus
1411 2989 1531 3059 domni
1555 2992 1667 3058 nostri
1691 2990 1872 3079 guaimari
1895 2991 2042 3079 glosiosi
2061 2997 2162 3080 prin·

309 3147 414 3238 cipis,
438 3167 558 3217 mense
583 3147 787 3253 ianuarius,
810 3149 936 3218 octaba
958 3149 985 3230 ²)
1008 3147 1213 3216 indictione.
1240 3146 1530 3217 memoratorium
1553 3146 1650 3214 sactu
1665 3165 1687 3214 a
1704 3165 1760 3214 me
1776 3146 1866 3214 disio
1880 3145 1956 3213 dlio
1980 3147 2161 3233 quondam

310 3277 490 3388 mansoni,
514 3320 555 3370 eo
578 3301 671 3388 quod
688 3304 773 3369 ante
790 3299 982 3385 subscripti
1001 3301 1109 3366 testes
1126 3299 1170 3368 ad
1190 3299 1395 3386 tenendum,
1412 3304 1449 3368 et
1465 3299 1712 3378 laborandum,
1729 3303 1765 3368 et
1780 3300 2039 3386 pastonandum
2057 3303 2163 3369 arbu-

307 3458 405 3524 stum
430 3453 584 3524 tradidit
608 3473 674 3544 ego
697 3456 848 3524 amoniti
872 3454 969 3522 filius
992 3453 1100 3522 ciceri
1124 3452 1167 3520 de
1191 3452 1305 3521 locum
1329 3451 1527 3521 ballentino
1550 3452 1618 3520 due
1645 3452 1743 3538 pecie
1766 3453 1809 3520 de
1833 3453 1956 3540 terris,
1982 3471 2162 3522 unacum

309 3593 468 3682 arbustis
490 3608 691 3696 propinquo
713 3602 995 3677 ecclesia-sancti
1011 3599 1236 3694 archangeli,
1253 3608 1291 3674 et
1306 3604 1382 3675 alia
1397 3608 1513 3676 baoua
1528 3606 1620 3694 quod
1637 3608 1782 3677 abemus
1799 3605 1931 3695 inipso
1954 3605 2069 3675 locum
2086 3608 2163 3678 bal·

314 3762 464 3850 lenone,
489 3761 551 3830 ubi
576 3759 719 3848 proprio
743 3761 789 3831 ad
813 3759 1023 3830 colummola
1045 3760 1192 3848 dicitur;
1210 3763 1288 3849 ipsa
1306 3763 1407 3848 pecta
1423 3723 1470 3830 da
1484 3760 1658 3831 columnia
1673 3779 1736 3848 per
1751 3779 1792 3829 ec
1807 3762 1890 3829 finis
1903 3766 1939 3829 et
1963 3763 2160 3833 mensurio:

310 3925 442 4004 apars
465 3916 659 3985 occidentis
683 3919 768 3985 sunt
791 3914 884 4001 passi
907 3913 1026 3984 decern
1049 3918 1086 3983 et
1107 3919 1195 3983 octo:
1221 3935 1244 3984 a
1267 3913 1417 3982 meridie
1440 3915 1526 3982 sunt
1546 3914 1642 4000 passi
1666 3914 1797 4001 viginti
1821 3919 2015 4003 quattuor,
2050 3916 2164 3986 rebol-

309 4071 415 4138 bente
439 4069 478 4135 in
503 4087 588 4156 pars
610 4065 759 4136 meridie
782 4066 878 4154 passi
903 4065 1159 4154 quadraginta,
1183 4066 1315 4136 iterum
1339 4067 1506 4138 rediendo
1530 4071 1569 4137 in
1592 4087 1676 4156 pars
1692 4069 1842 4140 orientis
1858 4088 1920 4158 per
1937 4070 2010 4140 fine
2038 4075 2163 4142 nostra

310 4243 333 4294 a
356 4243 441 4311 pars
464 4223 613 4292 orientis
636 4225 721 4291 sunt
743 4222 839 4310 passi
856 4219 1052 4290 duodecim:
1070 4219 1372 4290 asebtemtrionis
1387 4225 1471 4290 sunt
1485 4223 1581 4310 passi
1598 4223 1729 4312 viginti
1745 4223 1864 4293 minus
1888 4226 2010 4294 cubito
2033 4244 2161 4315 unum,

308 4377 519 4447 rebolbente
535 4377 574 4444 in
591 4394 677 4464 pars
693 4375 957 4444 sebtemtrionis
968 4375 1065 4461 passi
1084 4374 1248 4443 tridecim
1265 4377 1386 4445 minus
1404 4377 1523 4443 cubito
1540 4394 1663 4462 unum,
1680 4375 1814 4444 iterum
1832 4376 2005 4446 rediendo
2024 4380 2063 4447 in
2077 4399 2162 4467 pars

309 4531 507 4601 occidentis
530 4532 627 4619 passi
651 4530 896 4618 quadraginta
917 4547 996 4615 sex3
1013 4532 1050 4597 et
1065 4527 1143 4614 ipsa
1158 4527 1233 4598 alia
1248 4527 1350 4615 peoia
1365 4546 1446 4595 cum
1463 4529 1622 4598 arbustis
1644 4533 1681 4598 et
1704 4531 1890 4620 pomifera,
1915 4533 1978 4619 qui
2002 4537 2057 4602 est
2082 4551 2167 4620 pro·

310 4687 447 4774 pinqua
469 4689 595 4755 sanctu
620 4681 841 4770 archangelu
864 4701 927 4769 per
950 4701 990 4750 eo
1013 4681 1097 4750 finis
1119 4684 1156 4750 et
1178 4682 1371 4751 mensurio:
1396 4703 1419 4752 a
1441 4701 1526 4769 pars
1549 4683 1698 4752 meridie
1720 4685 1793 4753 fine
1815 4685 1875 4755 bia
1892 4686 2051 4774 publica,
2076 4691 2166 4759 sunt

311 4841 396 4909 inde
419 4843 516 4927 passi
541 4837 786 4925 quadraginta
809 4853 874 4904 sex
898 4840 934 4905 et
956 4837 1075 4904 cubito
1098 4854 1182 4905 uno:
1208 4855 1231 4905 a
1252 4841 1355 4924 parte
1377 4837 1569 4907 occidentis
1592 4839 1663 4906 dne
1686 4839 1759 4925 bia,
1775 4840 1838 4927 qui
1861 4842 1981 4928 pergit
2013 4841 2058 4910 ad
2083 4841 2163 4930 ipsa

312 4993 489 5080 ecclesia,
514 4997 600 5060 sunt
622 4988 705 5058 inde
728 4987 824 5075 passi
847 4988 1006 5056 sidecim:
1032 5007 1055 5056 a
1077 5007 1162 5076 pars
1186 4991 1448 5058 sebtembrionis
1471 4991 1542 5060 dne
1565 4970 1658 5061 sicut
1680 4993 1795 5061 medio
1830 4993 1946 5064 limito
1977 4999 2014 5064 et
2037 4995 2166 5066 sabuci

310 5146 494 5233 discernit,
519 5147 604 5212 sunt
626 5140 709 5210 inde
732 5140 828 5228 passi
853 5140 985 5228 viginti
1006 5143 1151 5210 sebtcm:
1176 5113 1199 5210 a
1223 5157 1305 5226 pars
1328 5141 1478 5209 orientis
1500 5141 1571 5210 fine
1594 5141 1637 5210 de
1659 5143 1782 5212 eredes
1796 5145 1944 5233 guidoni
1963 5150 2098 5235 comiti,
2129 5151 2166 5216 et

308 5299 549 5385 coniungento
573 5315 611 5365 so
634 5297 674 5363 in
696 5295 776 5381 ipsa
798 5294 857 5363 via
881 5293 1000 5380 priore
1023 5291 1113 5361 fines
1135 5297 1173 5361 ot
1197 5293 1280 5361 inde
1303 5299 1389 5363 sunt
1405 5296 1500 5382 passi
1517 5296 1647 5384 viginti
1664 5301 1848 5389 quattuor,
1866 5305 1980 5370 totum
1996 5303 2041 5373 ad
2067 5303 2162 5370 iusto

313 5520 741 5538 m

350 5671 377 5748 1)
399 5670 500 5751 Lege:
524 5671 676 5734 vicesimo
693 5670 816 5750 primo.

349 5823 374 5905 ²)
395 5825 497 5905 Lege:
522 5825 671 5904 septimo.
