5408 7108
1009 487 1465 578 DIPLOMATIGUS
2043 485 2110 556 ⁹2⁹2?

314 707 409 778 dicte
436 709 597 797 ecclesie,
621 709 674 780 vel
700 730 763 797 pro
787 713 906 782 lavore
930 731 994 799 pro
1017 717 1122 784 rebus
1144 717 1253 802 ipsius
1276 716 1437 801 ecclesie,
1462 713 1627 782 similiter
1663 714 1875 798 potestatem
1913 713 2083 780 abeamus
2118 711 2163 778 de
2231 781 2236 790 ,

318 864 387 949 ipsi
412 866 510 948 porci
534 865 691 951 predicte
713 869 861 936 ecclesie
884 866 1013 955 facere,
1038 869 1209 954 occidere,
1234 873 1407 953 quantum
1429 867 1531 934 nobis
1559 864 1800 934 necessarium
1827 863 1939 930 suerit
1969 881 2032 948 pro
2064 882 2166 931 man·

315 1015 449 1084 ducere
472 1033 536 1102 pro
560 1018 635 1103 ipso
659 1016 778 1086 lavore
802 1019 894 1104 quod
919 1019 967 1086 ibi
992 1020 1191 1088 fecerimus,
1215 1020 1314 1088 Unde
1337 1039 1399 1107 per
1421 1019 1682 1088 combenientia
1712 1018 1844 1105 guadia
1861 1016 1950 1084 mihi
1969 1017 2038 1101 ipsi
2056 1014 2166 1082 lando

313 1171 350 1234 et
373 1166 536 1252 disicias,
560 1172 596 1236 et
620 1169 807 1255 iohannes,
833 1176 867 1236 et
890 1170 970 1256 ipsu
994 1171 1099 1240 lando
1122 1171 1216 1240 filius
1232 1143 1350 1240 disidii
1367 1171 1540 1240 dederunt
1554 1175 1590 1240 et
1606 1171 1840 1239 fideiuxorem
1857 1169 1945 1236 mihi
1966 1173 2165 1254 posuerunt

312 1321 531 1411 grimoaldus
555 1339 672 1392 comes
693 1323 790 1394 filius
813 1323 993 1412 quondam
1018 1325 1231 1412 rottelgrimi
1255 1328 1417 1412 comitis3
1442 1330 1477 1394 et
1501 1344 1563 1412 per
1587 1327 1664 1411 ipsa
1687 1323 1823 1412 guadia
1846 1322 2100 1410 obligaverunt
2123 1337 2165 1392 se

311 1479 346 1544 et
368 1475 444 1542 suis
469 1475 591 1544 eredes
614 1477 738 1544 amodo
760 1479 796 1544 et
817 1475 941 1544 diebus
963 1476 1035 1545 vite
1059 1496 1134 1546 mee
1157 1477 1383 1547 defensarent
1407 1478 1495 1545 mihi
1520 1478 1598 1564 ipsa
1621 1477 1772 1546 ecclesia
1796 1495 1877 1544 cum
1903 1478 2019 1544 omnis
2055 1477 2166 1544 rebus

309 1627 346 1693 et
369 1641 479 1694 causa
502 1627 739 1712 pertinentem
766 1629 877 1714 ipsius
902 1627 1061 1716 ecclesie,
1085 1647 1164 1697 cum
1190 1631 1266 1696 vice
1290 1631 1333 1700 de
1356 1632 1413 1697 vie
1435 1649 1509 1716 sue,
1529 1630 1574 1698 da
1590 1647 1710 1697 omnes
1733 1630 1872 1697 omines
1890 1631 2054 1715 omnique
2077 1648 2166 1715 par·

312 1779 422 1864 tibus,
447 1784 483 1847 et
505 1795 576 1846 non
595 1779 675 1848 illut
692 1781 745 1848 vel
763 1782 893 1850 exinde
910 1784 1011 1851 nobis
1028 1801 1206 1852 removere
1221 1790 1284 1852 aut
1300 1789 1476 1867 contrare3
1496 1787 1739 1853 berumtamen
1756 1803 1777 1850 a
1794 1803 1899 1868 super
1917 1785 2158 1870 superscripta

310 1931 478 2001 sindones
502 1932 677 2002 dederunt
700 1935 788 2002 mihi
811 1935 882 2003 alie
905 1935 1081 2021 quadtuor
1105 1936 1268 2004 sindones
1291 1953 1454 2022 grecesce
1480 1943 1515 2004 et
1540 1955 1615 2004 una
1639 1955 1782 2022 mappa;
1808 1935 1853 2003 ad
1879 1936 1938 2002 die
1965 1952 2045 2001 vero
2070 1935 2157 2002 obiti

310 2086 380 2154 mei
405 2088 536 2158 inclita
559 2089 768 2173 supradicta
792 2090 938 2158 traditio
964 2062 1059 2158 iusta
1081 2091 1222 2158 ratione
1245 2089 1345 2158 salba
1367 2109 1447 2157 cum
1470 2096 1647 2176 quantum
1671 2091 1776 2175 aliut,
1794 2090 1857 2156 deo
1877 2089 2087 2173 adiubante,
2107 2090 2158 2156 ibi

308 2237 533 2325 adcreverit,
559 2243 784 2309 remittamus
808 2241 890 2308 illut
913 2241 958 2308 ad
982 2245 1190 2328 potestatem
1217 2241 1378 2327 ipsorum¹
1396 2243 1542 2314 landoni
1566 2246 1704 2312 comitis
1723 2218 1861 2330 palatii,
1886 2248 1923 2310 et
1947 2241 2096 2327 desidei,
2122 2244 2160 2309 et

311 2391 463 2462 iohanni
487 2397 634 2462 comites
657 2395 798 2480 palatii,
816 2399 852 2462 et
876 2395 986 2464 lanno
1008 2393 1128 2461 comiti
1153 2395 1207 2460 vel
1230 2393 1272 2460 de
1296 2395 1437 2462 illorum
1460 2395 1594 2484 eredes,
1619 2395 1820 2464 iaciendum
1839 2394 1911 2460 illis
1935 2394 2017 2462 inde
2034 2392 2166 2461 omnia.

308 2545 405 2632 qnod
429 2545 596 2633 boluerit,
619 2553 656 2615 et
679 2546 792 2614 licead
815 2547 936 2616 eredes
960 2563 1054 2614 meos
1076 2554 1112 2614 et
1135 2545 1270 2614 omines
1294 2547 1355 2632 qui
1381 2563 1517 2614 mecum
1539 2545 1649 2614 suerit
1673 2543 1803 2613 ibidem
1824 2595 1833 2630 ‚
1869 2544 1950 2612 inde
1985 2545 2087 2613 exire
2123 2549 2159 2612 et

309 2703 480 2767 excutere
504 2699 619 2764 omnis
642 2717 720 2766 mea
744 2705 780 2766 et
804 2697 944 2765 illorum
969 2716 1077 2768 causa
1100 2695 1257 2783 movilia,
1282 2705 1317 2765 et
1341 2698 1394 2765 ire
1417 2717 1498 2765 cum
1522 2698 1603 2767 illut
1625 2697 1684 2764 ubi
1703 2697 1893 2784 boluerint,
1908 2699 2043 2782 absque
2060 2699 2156 2765 omni

308 2849 453 2918 illorum
480 2852 737 2918 contrarietate
761 2849 815 2917 vel
839 2849 1083 2936 requisitione:
1108 2853 1249 2918 tantum
1271 2868 1355 2918 casa
1377 2854 1413 2917 et
1437 2849 1599 2936 aliperga
1623 2850 1715 2936 quod
1739 2849 1811 2918 illis
1834 2850 1958 2917 diebus
1983 2849 2033 2916 ibi
2050 2850 2166 2917 abue—

308 3003 438 3089 rimus,
462 3020 535 3069 non
559 3005 727 3070 abeamus
751 3008 959 3088 potestatem
982 2999 1064 3068 illut
1087 3001 1170 3070 inde
1195 3001 1330 3088 tollere,
1354 3007 1408 3070 set
1430 3003 1500 3071 siat
1521 3001 1566 3069 ad
1590 3007 1800 3087 potestatem
1824 3001 1866 3068 de
1884 3003 1964 3088 ipsa
1987 2999 2165 3070 ecclesia..

307 3156 459 3232 Quodsi
485 3155 609 3223 taliter
632 3156 753 3224 omnia
775 3154 1019 3242 suprascripta
1043 3173 1105 3240 per
1128 3153 1331 3241 supradicto
1354 3153 1478 3222 ordine
1507 3152 1579 3220 illis
1613 3156 1649 3220 et
1688 3152 1829 3220 illorum
1863 3153 2028 3220 aradibus
2063 3152 2163 3219 mihi.

306 3311 446 3396 meique
470 3309 636 3377 eredibus
660 3327 730 3376 non
754 3307 1042 3394 adimpleverint,
1066 3314 1103 3375 et
1126 3267 1248 3376 omnia
1271 3309 1525 3394 suprascripta,
1544 3310 1598 3374 bel
1616 3327 1661 3376 ex
1686 3309 1737 3374 eis
1761 3308 1948 3392 quitquam
1972 3325 2163 3378 removere·

305 3467 370 3530 aut
393 3466 558 3530 contrare
583 3465 877 3548 presumpserint,
903 3479 964 3549 per
992 3463 1069 3548 ipsa
1092 3463 1226 3548 guadia
1249 3463 1499 3550 obligaberunt
1523 3481 1560 3529 se
1584 3466 1620 3530 et
1646 3458 1785 3528 illorum
1814 3461 1979 3528 eredibus
2003 3459 2047 3527 ad
2071 3477 2159 3526 con-

304 3615 506 3700 ponendum
530 3613 618 3682 mihi
643 3614 782 3700 meique
806 3613 970 3681 eredibus
993 3621 1136 3682 centum
1162 3618 1241 3683 auri
1261 3615 1390 3683 solidos
1406 3614 1729 3683 constantinianas:
1756 3615 2001 3680 berumtamen
2026 3628 2155 3698 supra-

304 3771 395 3838 dicte
421 3787 525 3839 vacce
549 3767 643 3855 quod
666 3768 778 3854 modo,
804 3772 844 3835 ut
866 3786 976 3854 supra
998 3768 1170 3855 diximus,
1196 3767 1285 3834 mihi
1310 3767 1548 3853 tradiderunt,
1572 3773 1657 3834 sunt
1680 3769 1851 3852 quinque.
1886 3766 1998 3841 Quam
2023 3763 2155 3850 scripsi

303 3945 369 4016 ego
393 3927 553 3997 ademari
577 3925 751 3996 notarius.

348 4053 378 4168 †
403 4084 478 4172 Ego
500 4083 660 4152 ademari
686 4081 850 4152 notarius
873 4098 929 4148 me
953 4082 1160 4167 subscripsi.

347 4209 377 4325 †
403 4239 476 4326 Ego
500 4237 658 4308 ademari
690 4238 854 4306 notarius
877 4256 933 4304 me
955 4236 1162 4320 subscripsi.

1108 4888 1341 4969 MXVII.

1074 5190 1132 5264 A.
1159 5188 1215 5262 D.
1243 5184 1374 5261 1043.

349 5432 385 5569 Τ
411 5483 449 5548 ln
476 5483 618 5548 nomine
642 5482 775 5551 domini
801 5481 965 5549 vicesimo
988 5479 1113 5567 quinto
1136 5498 1231 5549 anno
1255 5479 1477 5566 principatus
1500 5477 1630 5546 salerni
1655 5475 1774 5543 domni
1811 5475 1921 5544 nostri
1958 5474 2139 5561 guaimari

295 5634 443 5721 gloriosi
461 5633 650 5721 principis,
663 5641 700 5702 et
716 5637 842 5722 quinto
858 5652 953 5703 anno
968 5635 1191 5720 principatus
1206 5633 1283 5702 eius
1299 5651 1423 5718 capue,
1436 5635 1472 5700 et
1487 5635 1614 5717 quarto
1630 5648 1724 5698 anno
1740 5629 1891 5697 ducatus
1907 5629 1985 5696 eius
2002 5609 2141 5698 amalfis

295 5793 331 5858 et
354 5792 518 5878 sirrenti,
534 5793 571 5859 et
588 5793 713 5876 quinto
737 5805 832 5859 anno
855 5788 1174 5876 suprascriptorum
1192 5787 1456 5874 principatuum
1469 5793 1506 5854 et
1520 5787 1711 5857 ducatuum
1728 5786 1846 5854 domni
1863 5785 1986 5872 gisulfi
2012 5784 2142 5852 eximii
