5402 7088
615 553 662 624 62
1019 577 1024 590 ’
1254 549 1429 624 donax
1463 546 1733 624 GAVENSlS

566 781 756 849 manicare
780 781 845 848 aut
868 779 1028 866 proicere
1051 777 1094 847 de
1117 775 1302 864 praedicta
1324 773 1487 863 ecclesia,
1511 779 1659 862 excepto
1681 775 1713 844 si
1736 772 1831 843 insta
1864 776 1901 842 et
1935 772 2132 859 approbata
2165 765 2273 837 suerit
2295 765 2416 855 culpa,

574 931 881 1020 quemammodum
919 930 957 998 in
993 928 1131 1000 sanctis
1164 927 1367 998 continetur
1400 927 1607 998 canonibus.
1642 929 1731 997 Nam
1764 929 1801 994 et
1834 922 1941 994 talem
1965 922 2220 1010 obligationem
2255 935 2321 1007 ego
2355 917 2420 1006 qni

568 1105 679 1175 snpra
702 1085 864 1155 nicolaus
886 1084 1171 1173 archiepiscopus
1193 1083 1311 1171 facio,
1335 1087 1376 1152 ut
1398 1084 1429 1151 si
1454 1101 1520 1171 ego
1533 1134 1544 1173 ,
1567 1089 1631 1153 aut
1655 1084 1724 1152 mei
1748 1081 1959 1171 posteriores
1992 1095 2211 1148 successores
2244 1093 2288 1146 ea
2329 1093 2421 1162 quae

567 1239 855 1330 praeleguntur,
878 1238 1025 1327 abipso
1047 1237 1205 1327 predicto
1227 1238 1303 1306 lilio
1328 1256 1404 1308 meo
1426 1237 1591 1326 nicolao,
1618 1235 1673 1305 vel
1696 1239 1742 1307 ab
1763 1235 1842 1305 eius
1864 1232 2055 1304 heredibus
2086 1233 2270 1304 nostraene
2302 1228 2420 1302 volue-

577 1395 692 1478 rimus
725 1392 899 1480 dicendo,
922 1397 963 1461 ut
985 1389 1105 1461 taliter
1141 1411 1165 1462 a
1199 1392 1302 1460 nobis
1335 1407 1408 1458 non
1438 1391 1564 1460 fuisset
1596 1406 1785 1474 concessa,
1808 1404 1871 1456 seu
1893 1385 2114 1455 adlivertata
2141 1383 2292 1454 ecclesia
2315 1383 2421 1473 ipsa,

572 1543 728 1630 qualiter
751 1561 863 1631 supra
887 1543 1043 1630 legitur,
1067 1539 1228 1630 obligata
1251 1559 1343 1629 pena
1366 1541 1614 1612 subiaceamus
1638 1557 1702 1607 nos
1725 1543 1929 1626 nostrosque
1954 1555 2174 1608 successores
2206 1497 2415 1624 componere

569 1692 632 1762 ille
657 1693 869 1781 illorumque
892 1693 1081 1763 heredibus
1104 1691 1231 1761 solidos
1253 1696 1396 1762 centum
1419 1692 1611 1778 romanati,
1627 1695 1664 1760 et
1685 1691 1787 1760 taciti
1809 1691 1941 1760 exinde
1964 1708 2188 1777 maneamus,
2209 1695 2246 1759 et
2261 1707 2306 1759 ca
2323 1707 2421 1776 qnae

572 1847 846 1934 praeleguntur,
860 1846 1161 1934 percompleamus
1181 1843 1234 1912 illi
1251 1845 1395 1932 suisque
1411 1845 1601 1914 heredibus
1616 1861 1683 1932 ego
1698 1849 1734 1913 et
1749 1842 1962 1930 posteriores
1976 1843 2044 1911 mei
2059 1842 2184 1912 amodo
2196 1847 2233 1911 et
2249 1841 2417 1930 deinceps
2525 1909 2529 1918 ,

476 2087 480 2092 ¹
575 2002 758 2086 perpetuis
774 2001 1003 2087 temporibus.
1019 2001 1120 2068 Hane
1135 2002 1256 2067 autem
1280 2001 1425 2070 nostrae
1448 1997 1685 2066 concessionis
1700 2003 1808 2086 atque
1826 1996 2080 2086 libertationis,
2097 2015 2159 2065 sen
2178 1995 2332 2084 plumbei
2358 2013 2421 2065 no-

574 2153 643 2222 stri
667 2151 776 2240 sigilli
802 2151 1066 2223 attestationem
1100 2149 1208 2219 scribi
1233 2151 1401 2218 iussimus
1438 2169 1501 2236 per
1534 2170 1663 2220 manus
1697 2133 1880 2221 lademarii
1908 2150 2120 2220 subdiaconi
2159 2154 2196 2218 et
2230 2147 2414 2217 scriniarii

576 2312 721 2377 nostrae
743 2305 892 2376 barinae
914 2304 1131 2392 aecclesiae,
1155 2323 1261 2393 quam
1285 2309 1321 2373 et
1342 2305 1402 2372 hic
1425 2305 1579 2392 propriis
1602 2307 1767 2376 manibus
1790 2324 1846 2377 me
1869 2306 2068 2394 subscripsi
2093 2306 2213 2372 Mense
2246 2309 2282 2373 et
2305 2303 2419 2373 indie·

576 2458 673 2528 tione
696 2478 805 2545 supra
829 2457 1027 2529 nominata.
1055 2520 1064 2534 .

621 2583 651 2698 †
679 2612 855 2680 Nikolaus
879 2613 941 2697 qui
964 2629 1073 2699 supra
1096 2611 1216 2700 gratia
1238 2611 1373 2680 domini
1395 2610 1681 2699 archiepiscopus
1704 2613 1827 2680 sancte
1852 2611 1946 2682 sedis
1970 2611 2143 2680 canusino
2159 2609 2320 2680 ecclesie.

1379 3101 1603 3184 omxn.
1648 3189 1662 3218 ‚

1339 3399 1398 3474 A.
1426 3397 1481 3472 D.
1511 3395 1641 3473 1036.

610 3629 710 3774 †ln
735 3683 879 3753 nomine
901 3683 1037 3754 domini
1059 3687 1183 3756 notabo
1205 3686 1340 3755 decimo
1362 3704 1458 3756 anno
1488 3686 1711 3774 principatus
1745 3685 1864 3754 domni
1901 3685 2017 3753 nostri
2043 3685 2240 3772 guaimarii
2273 3683 2422 3780 gloriosi

566 3833 758 3923 principis,
782 3835 849 3904 lilii
874 3837 1049 3923 qnondam
1074 3837 1193 3904 domni
1217 3837 1396 3924 guaimari
1422 3839 1620 3926 principis,
1646 3855 1766 3906 mense
1789 3837 1899 3940 iulius
1913 3886 1923 3924 ‚
1948 3843 2080 3924 quarta
2103 3835 2312 3904 indictione.
2349 3854 2422 3904 me·

570 3987 804 4058 moratorium
827 3989 959 4057 lactum
977 4010 999 4058 a
1015 4006 1072 4057 me
1096 3989 1296 4060 romoaldus
1319 4008 1433 4060 comes
1456 3989 1553 4059 filius
1575 3992 1751 4078 quondam
1774 3991 1965 4080 grimoaldi
1983 3992 2138 4078 comitis,
2156 4009 2197 4060 eo
2220 3991 2313 4080 quod
2334 3996 2419 4062 ante
2454 4041 2460 4054 ,

567 4140 787 4226 presentiam
811 4141 922 4209 amati
947 4139 1060 4209 iudici
1083 4139 1294 4210 coniunctus
1315 4161 1393 4209 sum
1417 4139 1460 4212 ad
1485 4143 1784 4212 combenientiam
1808 4163 1889 4211 oum
1915 4145 2091 4213 iohannes
2108 4148 2274 4231 nepotem
2298 4161 2416 4212 meum

565 4293 680 4362 filium
705 4294 883 4382 quondam
908 4295 1113 4383 rodelgrimi
1139 4296 1272 4380 comiti,
1297 4296 1358 4382 qui
1382 4294 1450 4364 suit
1473 4299 1548 4383 ipse
1572 4295 1806 4380 rodelgrimus
1829 4311 2023 4382 germanus
2047 4312 2158 4369 nuens,
2178 4303 2214 4361 et
2236 4312 2316 4360 eum
2341 4294 2421 4381 gri·

565 4447 728 4518 moaldus
751 4453 787 4518 et
809 4445 1010 4518 romoaldus
1033 4447 1220 4517 comitibus
1243 4429 1420 4536 germani,
1444 4448 1511 4518 lilii
1535 4449 1713 4536 quondam
1735 4447 1898 4538 guidoni,
1923 4447 1984 4534 qui
2009 4448 2079 4516 luit
2104 4448 2179 4535 ipse
2202 4445 2311 4535 guido
2335 4465 2416 4536 ger·

574 4607 702 4672 manns
726 4621 825 4671 meus
839 4651 850 4690 ,
874 4608 1013 4671 etcum
1036 4601 1166 4671 mulier
1190 4603 1333 4670 nomine
1356 4602 1490 4689 aloara,
1514 4601 1590 4671 filia
1612 4601 1790 4689 qnondam
1814 4599 1906 4689 petri
1930 4601 2053 4670 comiti
2079 4603 2116 4669 et
2141 4598 2269 4688 iudici,
2289 4597 2419 4670 relicta

574 4753 753 4841 quondam
778 4752 999 4843 rodelgrimi,
1014 4758 1075 4841 qui
1099 4755 1168 4824 fuit
1190 4758 1354 4842 nepotem
1377 4773 1495 4823 meum
1518 4759 1554 4822 et
1577 4753 1671 4822 filins
1693 4753 1762 4822 fuit
1784 4753 1964 4842 quondam
1988 4753 2155 4842 iohanni,
2173 4755 2236 4841 qni
2255 4753 2324 4823 suit
2338 4772 2420 4843 ger·

571 4919 699 4971 manns
721 4922 844 4991 meus,
870 4909 992 4974 tamen
1015 4923 1125 4974 unam
1147 4925 1227 4975 cum
1253 4906 1331 4993 ipsa
1353 4906 1476 4976 aloara
1500 4907 1637 4976 adesset
1673 4908 1728 4976 vir
1763 4907 1906 4975 nomine
1935 4913 2056 4995 petrus
2080 4927 2197 4978 comes
2223 4913 2415 4996 cognatum

572 5073 690 5137 snum,
716 5075 796 5125 cum
819 5075 888 5144 qno
910 5059 1110 5146 subscripta
1133 5058 1429 5130 combenientiam
1452 5060 1496 5130 de
1518 5061 1715 5148 subscripto
1741 5063 1848 5131 rebus
1871 5061 1989 5131 iacere
2012 5062 2149 5152 querit,
2167 5081 2208 5133 eo
2230 5063 2325 5151 quod
2340 5064 2417 5151 ipse

572 5207 813 5296 rodelgrimus
836 5212 953 5279 virum
972 5209 1084 5299 ipsius
1106 5211 1241 5300 aloare,
1256 5215 1398 5301 quando
1422 5215 1461 5283 in
1484 5233 1600 5303 capua
1615 5215 1702 5285 erad
1725 5215 1890 5285 infirmus
1906 5222 1942 5286 et
1956 5217 2000 5285 de
2024 5217 2103 5305 ipsa
2121 5217 2336 5290 infirmitate
2350 5219 2416 5289 de·

567 5362 718 5434 iunctus
741 5369 811 5453 est,
836 5365 932 5434 inter
955 5365 1048 5435 aliut
1072 5366 1163 5454 qnod
1186 5385 1248 5453 per
1272 5365 1412 5434 firmum
1435 5367 1607 5456 scriptum
1629 5369 1828 5458 iudicabit,
1852 5370 2049 5459 disposuit,
2075 5375 2115 5441 nt
2142 5381 2218 5458 post
2241 5372 2319 5440 eius
2341 5371 2417 5440 obi·

574 5522 651 5587 tum
675 5517 875 5607 mundium,
894 5525 930 5589 et
947 5520 1150 5608 lreamtum,
1174 5525 1211 5588 et
1232 5519 1329 5588 omui
1352 5523 1619 5610 pertinentiam,
1635 5541 1743 5611 qnam
1767 5524 1805 5591 in
1830 5521 1908 5613 ipsa
1931 5523 2093 5595 aloamra
2116 5526 2233 5612 abuit,
2251 5523 2416 5613 perveni·

573 5675 630 5741 ret
646 5671 691 5742 ad
715 5677 925 5759 potestatem
944 5675 1055 5764 ipsius
1069 5677 1162 5762 petri
1188 5671 1295 5744 iudici
1321 5675 1462 5763 genitor
1477 5675 1589 5764 ipsius
1612 5677 1731 5748 aloare
1748 5677 1802 5745 vel
1817 5678 1860 5748 de
1876 5697 1959 5747 suos
1982 5678 2119 5767 eredes,
2137 5681 2277 5750 senoni
2301 5679 2415 5767 scrip·

569 5829 648 5894 tum
673 5827 789 5915 ipsum
814 5827 853 5896 in
877 5845 1023 5896 manum
1046 5827 1233 5914 paruerit,
1256 5835 1293 5897 et
1314 5844 1378 5915 pro
1400 5829 1530 5915 quibus
1553 5831 1675 5920 paruit
1698 5831 1773 5917 ipso
1795 5834 1967 5921 scriptum
1992 5833 2031 5902 in
2054 5852 2201 5905 manum
2227 5835 2414 5923 paruerit,
