5456 7096
625 525 699 600 llo
1278 520 1453 596 GODEX
1485 518 1753 595 ulvlollsls

575 767 727 836 annum3
750 754 786 819 et
809 749 928 837 qualis
951 753 1109 838 tempore
1123 749 1206 817 illut
1227 753 1350 818 tenere
1371 752 1408 816 et
1430 747 1596 816 laborare
1613 747 1793 818 noluerint
1807 751 1871 817 aut
1886 763 1958 816 non
1974 747 2171 836 potuerint3
2188 750 2275 817 tunc
2301 745 2435 818 inclita

575 902 655 988 ipsa
678 901 872 972 traditione
895 919 958 987 per
981 901 1150 970 iamdicto
1174 899 1256 968 finis
1278 905 1315 969 et
1338 918 1523 969 mensuras
1547 899 1682 969 cultata
1704 903 1740 968 et
1762 899 1920 970 studiata
1942 901 1985 971 de
2008 901 2109 970 bonis
2124 905 2160 970 et
2183 902 2350 989 perfectis
2375 919 2434 971 ar·

576 1057 689 1125 bustis
713 1055 834 1124 vitatis
858 1056 1044 1122 remittant
1067 1053 1148 1123 illut
1173 1054 1211 1121 in
1234 1073 1319 1142 pers
1342 1055 1454 1142 ipsius
1478 1054 1625 1122 ecclesie
1648 1055 1835 1124 circuitum
1858 1057 1989 1123 bonum
2012 1053 2163 1142 clusum3
2189 1056 2225 1123 et
2243 1055 2371 1125 amodo
2397 1059 2434 1125 et
2491 1117 2496 1128 .

573 1227 722 1297 semper,
745 1209 828 1276 dum
853 1208 933 1276 illut
955 1207 1153 1296 tenuerint,
1176 1209 1363 1276 oirooitum
1387 1208 1466 1293 ipsa
1489 1209 1595 1274 rebus
1617 1204 1715 1276 clusa
1739 1209 1830 1276 bona
1854 1209 1989 1295 aberet,
2005 1211 2042 1277 et
2058 1207 2173 1277 licead
2189 1207 2292 1277 illum
2308 1212 2351 1278 et·
2370 1210 2431 1278 sui

572 1359 707 1448 eredes,
732 1379 795 1428 seu
820 1362 998 1428 hominem
1021 1359 1113 1446 quod
1136 1359 1186 1428 ibi
1210 1357 1360 1445 miserit,
1386 1358 1468 1427 inde
1492 1360 1591 1427 exire
1607 1364 1793 1447 postquam
1809 1359 1890 1428 illut
1906 1360 2106 1430 ammiserit
2120 1379 2202 1429 cum
2218 1359 2340 1430 omnia
2357 1379 2435 1432 sua

573 1531 683 1582 causa
706 1514 863 1601 mobilia,
886 1519 923 1582 et
945 1513 1079 1601 pergad
1104 1515 1164 1580 ubi
1188 1513 1352 1582 voluerit.
1376 1511 1475 1580 Unde
1498 1513 1536 1580 in
1559 1531 1600 1582 eo
1622 1513 1772 1582 hordine
1786 1532 1850 1600 per
1866 1513 2165 1582 combenientiam
2182 1513 2320 1601 guadia
2335 1516 2432 1586 mihi

583 1669 680 1738 dedit
704 1671 779 1755 ipse
802 1669 987 1756 iohannes,
1011 1673 1047 1738 et
1070 1669 1299 1739 mediatorem
1321 1667 1410 1736 mihi
1434 1672 1550 1755 posuit
1573 1688 1610 1739 se
1633 1671 1749 1758 ipsum
1771 1687 1836 1757 per
1858 1673 1978 1756 partes
2001 1670 2211 1756 placentem,
2237 1673 2277 1738 ut
2296 1671 2327 1738 si
2348 1669 2432 1740 tali·

572 1827 636 1892 ter
659 1825 781 1893 omnia
804 1824 1051 1910 suprascripta
1073 1839 1137 1909 per
1162 1822 1365 1907 supradicto
1388 1823 1538 1892 hordine
1561 1822 1622 1891 ille
1645 1827 1680 1892 et
1702 1825 1759 1890 sui
1782 1824 1904 1894 eredes
1921 1825 1960 1891 in
1974 1840 2059 1910 pars
2071 1825 2184 1910 ipsius
2195 1821 2341 1892 ecclesie
2353 1840 2427 1892 non

571 1972 852 2061 adimpleberint
873 1981 910 2044 et
933 1974 1061 2062 aliquit
1085 1975 1167 2043 inde
1190 1976 1487 2064 contradixerint,
1512 1994 1574 2062 per
1599 1977 1677 2060 ipsa
1699 1976 1833 2064 guadio
1855 1993 2065 2062 componere
2081 1977 2257 2065 obligavit
2281 1994 2318 2045 se
2352 1978 2428 2064 ipse

571 2130 747 2198 iohannes
770 2134 806 2199 et
822 2147 902 2198 suos
918 2129 1076 2207 heredes,
1101 2134 1203 2199 natos
1227 2132 1426 2216 nascentes,
1451 2127 1541 2196 mihi
1563 2132 1599 2197 et
1621 2129 1659 2196 iu
1684 2145 1766 2215 pars
1788 2128 1900 2215 ipsius
1923 2126 2070 2198 ecclesie
2093 2127 2248 2216 triginta
2263 2129 2349 2199 auri
2373 2147 2429 2197 so·

570 2283 661 2355 lidos
683 2287 913 2354 costantinus.
939 2288 1184 2353 verumtamen
1207 2286 1273 2352 hoc
1296 2301 1544 2371 memoramus,
1569 2284 1656 2369 quia
1679 2283 1756 2369 ipsa
1772 2284 1960 2369 rebusque
1976 2284 2009 2351 ei
2025 2281 2168 2368 tradidi,
2187 2284 2271 2351 abet
2289 2303 2312 2351 a
2337 2301 2424 2370 pars

569 2436 770 2507 occidentis
792 2440 865 2508 fine
887 2438 980 2506 sicut
1005 2438 1139 2506 termiti
1165 2437 1238 2506 ficti
1262 2441 1359 2524 sunt,
1384 2437 1467 2505 inde
1490 2439 1585 2524 pessi
1608 2435 1875 2524 quinquaginta
1898 2439 1997 2523 treS,
2018 2437 2113 2505 sicut
2135 2453 2245 2522 supra
2269 2436 2429 2527 legitur,

560 2579 606 2664 ¹et
629 2594 792 2679 apposuit
814 2593 860 2661 ad
883 2591 1146 2680 pignerandum
1168 2595 1207 2660 in
1230 2610 1314 2680 pars
1338 2592 1450 2678 ipsius
1473 2591 1620 2659 ecclesie
1644 2591 1764 2658 omnia
1786 2605 1853 2657 sua
1875 2605 2021 2659 causam
2044 2587 2205 2675 legitimo
2228 2593 2264 2658 et
2288 2588 2419 2676 inlegi-

569 2746 670 2834 timo,
694 2747 786 2836 quod
809 2748 935 2833 scripsi
959 2763 1025 2832 ego
1049 2746 1244 2831 myrandus
1267 2746 1440 2813 notarius.
1468 2747 1715 2812 verumtamen
1740 2746 1815 2832 ipso
1838 2743 2080 2831 suprascripto
2111 2743 2355 2814 disturbatum
2371 2743 2428 2813 di·
2504 2797 2508 2810 .

568 2900 618 2966 cit
639 2899 792 2967 reditum
816 2899 865 2966 ibi
889 2899 1005 2968 facere
1027 2901 1063 2967 et
1086 2898 1169 2985 illis,
1193 2898 1267 2964 sive
1290 2914 1368 2964 omo
1390 2896 1483 2984 quod
1507 2897 1557 2964 ibi
1580 2898 1742 2983 miserit,
1770 2897 1818 2964 ibi
1856 2897 1998 2966 abitare
2033 2861 2069 2966 et
2097 2896 2240 2966 salbum
2264 2897 2346 2967 illut
2371 2899 2425 2968 la·

569 3056 680 3138 ceret,
704 3051 797 3139 quod
820 3051 989 3120 subiunxi
1013 3070 1079 3138 ego
1103 3051 1283 3136 predictus
1306 3051 1501 3137 myrandus
1525 3051 1702 3120 notarius.

615 3177 646 3294 †
670 3205 746 3291 Ego
768 3203 930 3274 alderissi
952 3205 1115 3275 notarius
1138 3223 1193 3274 me
1216 3205 1413 3275 subscribsi

615 3327 647 3446 †
672 3358 747 3444 Ego
772 3375 876 3425 ursus
900 3377 956 3427 me
979 3359 1188 3446 subscripsi.

1330 4013 1656 4098 GMXLVII.

1344 4313 1402 4388 A.
1430 4314 1485 4388 D.
1512 4311 1640 4388 1039.

621 4599 737 4672 Quum
759 4600 892 4668 chorte
916 4600 1022 4667 huius
1044 4602 1148 4687 aaut,
1163 4602 1286 4708 'vanos
1307 4601 1349 4678 iu
1371 4603 1453 4670 loeis
1475 4603 1666 4670 intersecto
1687 4606 1720 4671 et
1738 4604 1884 4686 percitus
1906 4601 2052 4680 adroso,
2085 4602 2232 4669 minimo
2252 4600 2407 4686 iutelltpi

569 4758 699 4842 potest,
721 4755 968 4823 Summoriuuc
985 4758 1213 4840 praebemus:

617 4880 647 4996 †
673 4910 851 4977 vicesimo
874 4911 988 4998 primo
1011 4930 1108 4981 anno
1131 4913 1352 5000 principatus
1375 4911 1513 4981 Salerni
1537 4911 1733 4981 Guaimarii
1757 4915 1793 4980 et
1816 4914 1929 5000 primo
1952 4929 2048 4982 anuo
2070 4911 2293 4998 principatus
2331 4909 2411 4980 eius

567 5083 586 5126 ‹
611 5059 753 5148 Capuae
776 5065 811 5129 et
834 5063 983 5133 ducatus
1006 5065 1231 5152 Amalphiae.

609 5237 628 5279 ‹
652 5215 746 5283 Ante
768 5217 1009 5302 praesentiam
1031 5218 1211 5288 Ademarii
1236 5219 1364 5288 iudicis
1379 5220 1525 5308 quidam
1540 5219 1702 5290 Sellictus
1725 5219 1896 5309 declarat,
1914 5225 2051 5292 terram
2067 5221 2105 5290 in
2121 5220 2197 5290 loco
2212 5219 2403 5308 Mitiliano,

565 5389 584 5431 ‹
610 5369 670 5434 ubi
697 5369 837 5439 Novara
859 5371 1007 5457 dicitnr,
1031 5391 1112 5440 cum
1135 5377 1317 5441 castaneto
1339 5377 1376 5441 ct
1400 5373 1543 5442 insiteto
1567 5373 1745 5458 pertinere
1768 5373 1813 5442 ad
1838 5419 2182 5442 ..........
2208 5371 2408 5444 Alderissus

567 5539 586 5581 ‹
612 5523 776 5591 noterius
799 5526 892 5594 hanc
915 5523 1114 5594 chartulam
1142 5528 1322 5596 exaravit.

612 5677 694 5743 Uno
715 5679 815 5745 adest
837 5678 1049 5766 subscriptio
1077 5684 1231 5751 testium.
1261 5703 1279 5744 s

611 5799 642 5915 †
668 5830 742 5917 Ego
765 5831 827 5916 qui
850 5849 960 5918 snpra
984 5834 1195 5904 Ademarius
1218 5834 1343 5905 iudex.-
