5456 7096
1032 501 1444 580 DIPLOMATICUS
2052 509 2119 582 155

325 743 464 798 annum
488 729 592 794 nobis
615 724 670 794 vel
696 729 735 796 in
757 745 842 812 pars
858 725 1026 796 iamdicta
1042 727 1200 814 ecclesie,
1224 735 1260 798 61
1282 730 1325 798 16
1340 731 1532 820 superdicti
1549 732 1685 801 omines
1698 733 1742 802 ad
1761 733 1985 802 residendum
2005 733 2082 802 illos
2101 734 2168 803 ibi-

324 880 404 951 dem
427 880 632 966 micterent‚
656 880 749 968 quod
772 881 898 948 scribsi
921 898 986 968 ego
1009 879 1172 950 alderissi
1196 885 1372 952 notarius.

373 1004 403 1120 †
428 1033 503 1121 Ego
526 1035 649 1120 petrus
673 1032 836 1100 notarius
858 1050 915 1101 me
937 1035 1130 1121 subscripsi
1196 1027 1204 1044 '

367 1156 399 1272 †
424 1185 498 1273 Ego
520 1190 643 1272 petrus
668 1185 833 1256 notarius
856 1204 912 1255 me
936 1187 1143 1273 subscripsi.

1056 1475 1477 1496 m

1089 1837 1439 1922 GMLXXIV·

1099 2135 1240 2215 11).
1271 2133 1393 2211 1041.

364 2371 399 2511 †
425 2425 464 2493 in
487 2422 633 2492 nomine
655 2423 790 2494 domini
807 2423 1096 2493 vicesimotertio
1111 2439 1207 2494 anno
1223 2422 1445 2509 principatus
1460 2423 1579 2492 domni
1597 2423 1709 2492 nostri
1724 2425 1904 2509 guaimari
1922 2422 2002 2492 eius
2022 2425 2171 2511 salerni,

315 2581 353 2646 et
375 2577 483 2647 tertio
504 2594 599 2647 anno
621 2578 699 2646 eius
720 2596 847 2665 capue,
870 2582 907 2646 et
928 2577 1081 2646 secundo
1104 2593 1200 2644 anno
1223 2579 1300 2645 eius
1322 2576 1472 2645 ducatus
1490 2575 1607 2644 amalfi
1629 2579 1666 2643 61
1690 2581 1865 2663 surrento,
1890 2577 2043 2664 glorioso
2066 2579 2168 2665 prin-

315 2727 406 2817 cipe,
430 2746 551 2800 mense
574 2729 720 2816 aprelis,
744 2745 840 2797 nona
862 2727 1069 2796 indictione.
1094 2727 1242 2814 Ideoque
1265 2745 1332 2814 ego
1356 2727 1491 2794 nardus
1512 2727 1606 2796 iilius
1621 2727 1800 2813 quondam
1817 2726 1926 2815 mari,
1944 2730 2006 2815 qui
2031 2729 2164 2798 dicitur

315 2888 544 2974 macharem,
568 2885 612 2955 de
635 2885 751 2953 locum
774 2885 968 2954 doccanum
989 2884 1207 2972 pertinentia
1230 2885 1401 2970 nucerie,
1425 2882 1468 2950 de
1490 2885 1583 2950 sicut
1607 2882 1696 2949 mihi
1719 2899 1918 2970 congruum
1946 2889 2000 2952 est
2022 2933 2032 2972 ,
2073 2904 2165 2956 vona

313 3039 450 3110 etenim
477 3057 558 3109 mea
581 3038 761 3108 voluntate
784 3055 846 3124 per
869 3039 963 3107 anch
985 3040 1123 3106 cartam
1147 3040 1230 3106 ante
1245 3037 1437 3123 subscripti
1455 3039 1561 3106 testes
1580 3036 1809 3105 venumdedit
1825 3039 1941 3125 adque
1962 3039 2007 3108 61
2025 3057 2166 3128 semper

312 3197 489 3268 abendam
527 3196 697 3266 confirmo
733 3194 801 3263 tivi
840 3192 1051 3262 machenolti
1073 3190 1146 3259 titio
1168 3191 1346 3280 quondam
1370 3191 1579 3260 machencld
1603 3191 1647 3259 de
1670 3190 1842 3260 iamdicta
1868 3191 2012 3259 nucerio
2036 3192 2163 3262 inclita

311 3348 499 3420 medietate
521 3347 565 3416 de
588 3365 661 3417 una
687 3347 789 3436 pccia
811 3346 855 3416 de
878 3352 976 3415 terra
999 3363 1079 3412 eum
1102 3345 1257 3414 arbustis
1279 3343 1413 3428 vitatis,
1436 3344 1529 3446 quod
1553 3361 1623 3430 ego
1647 3346 1735 3413 abeo
1760 3345 1799 3410 in
1824 3343 1937 3413 locum
1961 3343 2160 3412 floccanum

313 3501 375 3569 ubi
399 3501 444 3572 61
468 3499 700 3570 catamaurici
725 3494 874 3585 dicitur,
897 3517 960 3584 per
985 3498 1051 3566 hec
1074 3497 1155 3564 flnis
1178 3501 1214 3566 et
1238 3501 1446 3567 mensnrie:
1472 3519 1494 3568 a
1517 3517 1598 3584 pars
1621 3499 1885 3584 septemtrionis
1907 3501 1977 3568 tine
2001 3501 2172 3570 alcxsan·

266 3745 275 3752 ι
311 3651 396 3741 111,
422 3653 505 3722 inde
527 3654 610 3723 abet
631 3651 726 3740 passi
749 3649 937 3737 tridecim,
960 3671 983 3720 6
1006 3671 1089 3738 pars
1111 3651 1261 3718 orientis
1283 3651 1353 3717 fine
1378 3649 1587 3718 machenold
1611 3651 1676 3717 tilii
1703 3651 1897 3736 grimoaldi
1919 3701 1930 3738 ,
1971 3659 2057 3721 sunt
2081 3655 2167 3723 inde

309 3809 405 3895 passi
430 3809 585 3894 triginta
608 3807 808 3893 quadtuor3
833 3824 856 3873 a
878 3805 963 3891 pars
986 3804 1133 3872 meridie
1155 3805 1248 3873 sicut
1272 3805 1355 3891 poiu
1378 3803 1564 3890 discernit,
1591 3802 1673 3870 inde
1696 3808 1780 3871 sunt
1804 3801 1899 3889 passi
1934 3803 2097 3872 tridecim
2131 3812 2168 3876 61

309 3962 487 4032 medium:
512 3981 535 4030 a
559 3979 641 4047 pars
666 3953 857 4029 occidentis
879 3960 949 4026 dne
973 3958 1143 4045 radoaldi,
1166 3964 1201 4025 et
1222 3959 1365 4026 exiente
1381 3958 1419 4025 in
1437 3959 1506 4026 fine
1523 3962 1587 4026 tua
1601 3959 1663 4044 qui
1680 3977 1789 4045 supra
1812 3959 2023 4028 machenotii
2050 3977 2162 4048 usque

309 4114 348 4184 in
371 4115 492 4203 priora
515 4115 585 4183 dne
608 4113 691 4182 inde
713 4115 796 4182 abet
820 4113 915 4199 passi
940 4111 1090 4198 triginta
1113 4111 1301 4198 quadtuor,
1326 4116 1440 4180 totum
1461 4111 1507 4182 ad
1531 4114 1624 4180 iusto
1648 4130 1793 4197 passum
1809 4113 1919 4182 omini
1936 4119 1991 4181 est
2017 4133 2163 4182 mensu·

307 4271 455 4355 ratum3
480 4269 547 4336 hec
570 4283 652 4336 vero
676 4268 782 4335 rebus
805 4283 867 4352 per
891 4265 1056 4335 iamdicto
1078 4265 1161 4336 finis
1183 4269 1219 4333 et
1242 4265 1418 4334 mensurio
1442 4263 1567 4334 inclita
1591 4266 1795 4354 medietate,
1818 4271 1962 4353 (116661
1985 4267 2159 4338 coniunta

306 4419 352 4492 ad
374 4417 445 4487 1116
468 4420 545 4504 116,
569 4417 650 4486 illut
673 4418 738 4485 tivi
761 4416 930 4486 iamdicto
953 4417 1158 4486 machenoifi
1182 4417 1420 4506 venumdedit,
1444 4437 1524 4486 cum
1547 4421 1669 4488 omnia
1693 4421 1791 4488 intro
1814 4419 2059 4489 scatentibus
2085 4437 2162 4490 om·

306 4571 483 4659 nibusque
505 4571 579 4638 suis
602 4567 843 4657 pertinentiis,
859 4572 992 4638 etcum
1016 4573 1092 4639 vice
1114 4571 1157 4640 dc
1181 4572 1239 4639 via
1261 4590 1327 4640 sua
1351 4571 1417 4640 tivi
1442 4574 1504 4660 qui
1534 4591 1645 4661 supra
1673 4572 1882 4643 machenoifi
1918 4571 2163 4642 venumdedit.

307 4723 402 4793 unde
418 4724 461 4792 16
476 4723 721 4811 suprascripta
736 4740 817 4790 mea
831 4721 1027 4790 vinditione
1042 4721 1303 4811 nullamnobis,
1318 4728 1524 4812 autquarta
1537 4725 1644 4793 uxori
1660 4744 1750 4814 mee,
1768 4727 1822 4794 vel
1838 4729 1875 4793 in
1892 4725 2022 4810 quabis
2045 4725 2156 4812 parti·

229 4853 238 4864 ’
306 4877 374 4943 bus
389 4874 519 4944 exinde
534 4874 669 4944 restitit
682 4877 746 4944 aut
760 4873 912 4944 dicimus
925 4874 1007 4944 inde
1023 4893 1208 4945 remanere
1222 4878 1393 4965 sortione,
1410 4884 1476 4965 661,
1494 4881 1587 4946 sicut
1601 4877 1773 4964 diximus,
1793 4883 1906 4945 toturn
1930 4887 1969 4950 et
1994 4876 2159 4945 inclitum

306 5025 388 5094 illut
410 5023 636 5094 medietatem
658 5025 723 5093 tivi
747 5025 1063 5115 benumdedimus,
1087 5027 1132 5096 ad
1154 5031 1328 5098 securiter
1349 5035 1386 5098 61
1409 5031 1557 5100 firmiter
1581 5033 1708 5100 amodo
1732 5037 1767 5101 61
1790 5049 1928 5117 sempor
1953 5038 1994 5101 tu
2030 5034 2158 5120 tuique

305 5173 494 5244 heredibus
516 5173 597 5244 illut
618 5193 677 5244 eos
698 5173 888 5264 abendum,
912 5177 1177 5268 dominandum,
1194 5181 1453 5271 possidendum,
1471 5187 1592 5253 omnia
1608 5184 1742 5253 exinde
1761 5185 1964 5255 faciendum
1980 5187 2073 5274 qnod
2099 5205 2163 5255 vo·

305 5323 458 5414 lueritis,
481 5328 559 5396 sine
581 5326 677 5395 omni
702 5347 780 5398 mea
802 5331 838 5397 61
858 5328 903 5398 16
927 5331 1005 5417 ipsa
1028 5348 1118 5399 uxor
1142 5351 1233 5418 mea,
1258 5336 1351 5403 etde
1367 5335 1454 5404 meis
1476 5337 1678 5422 heredibus,
1698 5341 1765 5405 aut
1781 5338 1950 5425 cuiquam
1973 5339 2156 5407 ominibus

305 5481 556 5549 contrarietate
578 5481 636 5548 vel
659 5482 902 5569 requisitione.
929 5482 1022 5552 unde
1045 5499 1108 5571 pro
1130 5484 1408 5554 confirmandam
1425 5489 1461 5554 et
1475 5485 1765 5556 stavitiseendam
1794 5490 2043 5577 suprascripta
2073 5508 2152 5559 mea

304 5630 521 5701 vindictione
543 5652 566 5702 6
589 5635 764 5721 presentis
787 5635 902 5722 recepi
926 5655 950 5705 a
972 5639 1007 5704 16
1029 5636 1159 5706 exinde
1182 5637 1443 5725 quinque-auri
1468 5639 1540 5708 tari
1565 5641 1647 5707 boni
1672 5641 1711 5708 in
1735 5659 1840 5709 omne
1871 5642 2152 5732 deliveratione,

314 5787 408 5857 sicut
431 5787 525 5856 inter
548 5801 612 5855 nos
636 5788 814 5858 combenit
827 5807 839 5875 3
861 5786 1030 5875 finitoque
1054 5806 1135 5857 vero
1157 5788 1311 5876 pretium
1335 5791 1453 5878 ipsum
1475 5796 1563 5881 aput
1586 5811 1650 5863 nos
1674 5814 1717 5866 66
1741 5798 1896 5885 ratione,
1929 5799 1972 5870 de
1996 5819 2070 5890 (116
2092 5817 2160 5888 ego
