5402 7088
1051 481 1456 608 orrnonnrrcus
1719 489 1721 496 ’
2063 529 2108 603 ν(

305 753 389 826 dam
414 757 490 827 ursi
514 759 617 830 abuit
644 759 794 833 ecclesia
817 766 1022 835 constructa
1047 765 1087 833 in
1109 765 1215 840 rebus
1237 785 1304 836 sua
1325 764 1369 834 de
1392 764 1508 834 locum
1532 764 1650 834 beteri
1681 763 1719 832 in
1744 779 1851 831 onore
1878 765 1999 832 sancte
2021 760 2076 829 dei
2102 779 2162 848 ge·

306 911 459 979 natricis
481 915 518 980 et
542 913 695 1001 virginis
718 918 844 1006 marie,
868 922 903 987 et
919 920 956 984 in
972 936 1080 986 onore
1103 920 1217 989 sancti
1243 919 1382 987 ioannis
1406 921 1575 1006 bactista,
1600 923 1636 988 et
1659 919 1812 987 ecclesia
1836 918 1914 1004 ipsa
1937 914 2159 983 asarraceni

306 1061 490 1134 destructa
512 1069 579 1154 est,
602 1069 638 1135 et
652 1067 872 1153 postmodum
895 1069 971 1156 ipso
995 1071 1139 1174 iannaci
1162 1072 1311 1140 ecclesia
1334 1077 1412 1160 ipsa
1436 1075 1564 1140 iterum
1597 1070 1793 1142 fabricabit
1817 1073 1853 1139 et
1867 1067 2047 1138 conciabit
2062 1069 2098 1134 et
2113 1067 2159 1137 ad

307 1215 450 1287 culmen
474 1218 573 1290 illam
596 1218 778 1309 perduxit,
801 1224 838 1290 et
860 1221 1056 1311 postulabit
1083 1227 1215 1314 meipsa
1239 1227 1400 1314 iannaoi,
1424 1227 1464 1293 ut
1486 1225 1643 1295 ecclesia
1671 1228 1748 1312 ipsa
1773 1195 2031 1310 dedicaremus,
2055 1225 2091 1290 et
2114 1222 2159 1290 li·

311 1371 485 1442 bertatem
508 1375 551 1443 de
575 1375 655 1463 ipsa
677 1375 828 1462 ecclesia
850 1369 886 1448 e’t
908 1377 951 1446 de
974 1377 1080 1447 rebus
1102 1379 1214 1466 ipsius
1235 1381 1383 1450 ecclesie
1405 1380 1439 1450 ei
1463 1382 1714 1449 emioteremus
1737 1398 1800 1467 ρον
1825 1378 1887 1447 illo
1911 1378 2048 1463 ordine,
2064 1375 2159 1444 sicut

305 1523 456 1596 inferius
472 1527 657 1616 declarari,
674 1534 711 1599 et
727 1530 789 1600 ille
804 1531 894 1603 dare
916 1535 1018 1602 nobis
1040 1533 1171 1603 exinde
1194 1535 1284 1604 duas
1307 1535 1419 1601 libras
1443 1535 1601 1620 argenti,
1618 1551 1682 1600 nos
1706 1537 1826 1601 autem
1849 1487 1940 1601 talia
1955 1530 2157 1617 audientes,

304 1681 381 1764 cepi
407 1682 539 1750 exinde
562 1683 670 1753 abere
689 1683 911 1774 ‘colloquium
942 1706 1022 1756 cum
1053 1693 1177 1775 petrus
1206 1688 1367 1757 notarius
1397 1685 1644 1755 adbocatorem
1678 1659 1796 1754 nostri'
1821 1684 2102 1771 archiepiscopii·
2118 1685 2155 1752 et

304 1849 385 1899 cum
412 1830 526 1903 cleros
548 1840 714 1906 oneratos
737 1840 851 1906 nostri
877 1840 1163 1936 archiepiscopii.
1193 1840 1283 1908 lnito
1312 1840 1483 1926 consilio,
1515 1839 1719 1927 comparuit
1751 1838 1915 1907 omnibus
1939 1839 2041 1904 nobis
2064 1834 2154 1905 talia

302 1987 519 2076 iaciendum,
543 1993 580 2058 et
603 1993 641 2058 ot
663 1989 816 2060 flmniter
840 1991 922 2062 illut
944 1993 1114 2080 perficere
1137 1992 1344 2078 baleamus,
1368 2009 1408 2060 ec
1431 1993 1552 2060 omnia
1578 1991 1823 2078 suprascripta
1846 1990 2053 2076 supradicte
2076 1989 2151 2076 glo·

302 2143 395 2210 riose
417 2145 603 2228 potestatis
624 2146 897 2231 nuntiabimus,
930 2149 970 2214 ut
998 2161 1060 2232 per
1091 2146 1274 2214 licentiam
1304 2162 1373 2213 anc
1404 2145 1604 2213 laceremus
1637 2144 1912 2229 convenientia;
1946 2143 2007 2211 ille
2030 2146 2152 2212 autem

306 2291 398 2362 talia
421 2293 631 2381 audientes,
655 2296 867 2365 solutionem
890 2299 993 2366 nobis
1016 2297 1113 2365 dedit
1136 2297 1225 2366 talia
1249 2297 1477 2384 laciendum,
1504 2298 1612 2366 etiam
1640 2301 1676 2366 et
1699 2295 1741 2364 de
1764 2315 1831 2366 sua
1854 2296 2036 2384 presentia
2060 2295 2154 2364 inter

303 2447 463 2520 medium
485 2452 646 2518 nostrum
669 2449 845 2518 exendum
869 2449 1003 2518 direxit
1025 2455 1165 2535 petrum
1191 2449 1343 2518 iudicem
1368 2452 1511 2518 missum
1534 2469 1668 2539 suum,
1700 2455 1736 2520 et
1759 2467 1823 2516 nos
1847 2452 2009 2537 utrisque
2032 2454 2154 2536 partes

307 2603 536 2672 obserbentes
560 2621 604 2673 ea
626 2621 695 2690 que
719 2605 757 2672 in
775 2603 881 2674 edicti
904 2603 1060 2691 capitulo
1082 2604 1126 2674 de
1149 2606 1411 2698 combenientia
1433 2606 1594 2674 affictum
1617 2609 1686 2692 est,
1711 2624 1776 2692 par
1800 2607 1956 2692 partium
1974 2606 2156 2674 comboca·

300 2757 418 2825 bimus
441 2759 652 2845 subscriptis
674 2757 811 2829 idoneis
832 2761 1061 2846 hominibus,
1087 2763 1127 2829 ut
1149 2779 1218 2846 quo
1242 2764 1433 2845 utrumque
1458 2741 1677 2841 fecerimus,
1703 2758 1799 2826 omni
1823 2763 1984 2846 tempore
2008 2759 2152 2827 firmum

299 2909 537 2999 sterilemque
561 2916 760 2983 manerent.
786 2931 855 3000 quo
879 2914 932 2984 ita
955 2913 1102 3000 facturn,
1127 2931 1192 2999 ego
1217 2913 1385 2998 superius
1406 2911 1524 2980 dictus
1548 2911 1766 2999 grimoaldus
1790 2911 1924 2980 domini
1948 2912 2072 2999 gratia
2095 2929 2153 2982 ar-

299 3063 545 3153 chiepiscopus
567 3067 686 3152 recepi
708 3087 731 3136 a
754 3071 791 3136 te
814 3067 981 3137 iamdicto
1005 3069 1152 3137 iannaci
1177 3069 1251 3154 ipse
1273 3068 1343 3135 due
1366 3067 1459 3136 libre
1490 3075 1675 3155 argentee,
1700 3073 1736 3136 et
1760 3086 1824 3136 nos
1852 3086 1915 3155 per
1939 3070 2033 3136 bona
2055 3086 2149 3137 com·

298 3217 495 3304 benientia‚
519 3235 593 3286 una
616 3235 753 3287 mecum
777 3221 892 3305 ipsum
915 3219 1174 3308 adbocatorem,
1198 3239 1261 3307 per
1285 3223 1379 3290 hanc
1402 3223 1632 3308 scriptionem
1657 3221 1948 3290 confirmavimus
1972 3223 2036 3290 tibi
2060 3221 2150 3291 iam·

284 3367 394 3440 'dioto
416 3369 563 3439 iannaci
587 3369 665 3456 ipsa
688 3370 838 3440 ecclesia
862 3375 983 3442 sancte
1007 3374 1121 3442 marie
1143 3377 1180 3442 et
1202 3371 1325 3442 sancti¹
1342 3373 1490 3442 iohanni
1514 3393 1594 3454 cum
1618 3379 1696 3462 ipsa
1721 3377 1827 3444 robus
1854 3377 1966 3462 ipsius
1988 3373 2149 3460 ecclesie,

303 3526 342 3592 ut
365 3523 462 3589 omni
488 3527 642 3610 tempore
658 3541 681 3592 a
699 3541 781 3609 pars
796 3523 909 3592 nostri
933 3523 1100 3611 episcopii
1125 3542 1251 3594 secura
1273 3528 1309 3594 et
1333 3526 1447 3596 libera
1461 3531 1497 3596 et
1514 3527 1680 3597 indemne
1704 3529 1988 3615 permanead,et
2011 3547 2150 3614 semper

298 3679 356 3747 sid
381 3679 426 3746 ad
449 3681 625 3767 potestate
649 3681 712 3749 tua
735 3677 837 3746 etde
861 3678 936 3746 tuis
959 3677 1124 3746 eredibus
1146 3675 1240 3744 omni
1265 3681 1421 3764 tempore
1444 3675 1635 3764 presbiteri
1655 3682 1691 3746 et
1706 3677 1826 3747 clerici
1851 3683 1887 3744 et
1903 3678 2066 3746 monachi
2084 3678 2150 3743 ibi-

296 3832 376 3902 dem
398 3833 650 3922 ordinandum,
674 3838 834 3924 quantos
859 3837 894 3902 et
916 3833 1040 3921 quales
1062 3837 1098 3902 et
1120 3831 1289 3920 qualiter,
1314 3836 1378 3900 aut
1401 3833 1576 3920 quomodo
1602 3831 1667 3901 tibi
1693 3832 1745 3900 vel
1769 3831 1815 3901 ad
1833 3835 1911 3900 tuos
1933 3831 2058 3900 eredes
2074 3829 2150 3918 pla·

296 3989 425 4076 cuerit,
450 3989 530 4057 sine
552 3990 650 4056 omni
668 3989 931 4058 contrarietate
954 3986 1011 4056 vel
1034 3963 1268 4073 requisitione
1292 3986 1335 4055 de
1361 3988 1522 4073 partibus
1544 3984 1656 4054 nostri
1681 3986 1973 4072 archiepiscopii,
1987 3987 2023 4054 et
2042 3985 2148 4074 quale

296 4145 513 4228 presbiteros
536 4146 572 4212 et
595 4141 742 4212 clericos
765 4141 820 4211 vel
843 4143 1034 4230 monachi,
1058 4143 1179 4230 perte
1202 4143 1237 4210 et
1259 4159 1323 4227 per
1347 4142 1418 4208 tuis
1441 4140 1640 4225 eredibuS,
1664 4139 1989 4226 quomodocumque
2013 4137 2146 4208 ibidem
2233 4155 2237 4174 ³

295 4295 477 4364 ordinatos
503 4295 625 4382 suerit,
650 4296 703 4364 sic
719 4294 849 4362 ibidem
866 4293 946 4362 siad
960 4296 997 4362 et
1012 4292 1227 4381 permanead
1250 4311 1401 4381 semper,
1425 4298 1461 4364 et
1484 4295 1585 4360 omni
1608 4297 1766 4378 tempore
1790 4294 1906 4361 securi
1930 4295 1966 4360 et
1989 4290 2094 4360 liberi
2111 4295 2147 4361 et
2238 4355 2240 4358 .

295 4448 471 4519 indemme
492 4447 722 4538 permanead,
746 4465 855 4533 asquo
878 4446 973 4514 omni
997 4445 1242 4516 molestatione
1263 4449 1300 4514 et
1322 4447 1581 4516 contrarietate
1598 4449 1723 4515 nostra
1738 4444 1832 4514 etde
1849 4446 1982 4514 nostris
2004 4462 2146 4515 succes·

294 4606 433 4672 sonibus
449 4606 486 4672 et
503 4621 590 4688 pars
613 4606 727 4672 nostri
750 4600 1038 4688 archiepiscopii,
1062 4604 1098 4670 et
1121 4600 1347 4670 concedimus
1370 4602 1406 4668 et
1429 4599 1684 4668 confirmamus
1709 4601 1747 4668 in
1769 4598 1849 4686 ipsa
1865 4597 2015 4668 ecclesia
2034 4601 2147 4668 bacti—
2245 4647 2248 4654 -

293 4775 411 4827 smum
436 4759 700 4826 sacramentum
723 4757 889 4860 omnique
912 4753 1037 4822 ordine
1060 4753 1142 4823 fidei
1167 4750 1433 4823 rationabiliter
1457 4752 1700 4854 peragendum
1717 4757 1752 4821 et
1767 4751 1960 4834 secundum
1978 4751 2144 4824 instituta

293 4915 451 4999 patrum,
476 4929 571 4998 aqua
593 4911 799 4980 santificata
821 4925 989 4996 spargere
1014 4927 1076 4994 per
1099 4907 1218 4998 domos
1241 4906 1284 4976 de
1308 4909 1384 4995 ipso
1407 4907 1523 4976 locum
1547 4909 1659 4977 beteri
1685 4908 1782 4978 infra
1804 4910 1870 4976 hec
1894 4908 1983 4976 flues
1999 4906 2046 4977 da
2069 4924 2143 4975 mo-

297 5062 385 5152 lina,
409 5083 479 5152 que
501 5062 665 5134 edificate
687 5064 771 5130 sunt
794 5017 832 5130 in
854 5063 929 5150 ipso
951 5061 1058 5129 dubio
1081 5061 1192 5130 beteri
1216 5060 1451 5128 descendente
1476 5078 1540 5146 per
1569 5059 1647 5147 ipso
1671 5059 1802 5129 fiumen
1827 5078 1939 5148 usque
1963 5062 2002 5156 in
2026 5077 2138 5129 mare:

293 5215 337 5287 de
362 5217 436 5288 alia
458 5220 560 5304 parte
584 5213 654 5282 fine
680 5216 755 5302 ipso
779 5227 897 5301 mare,⁸
913 5216 949 5282 et
970 5213 1016 5282 da
1039 5215 1115 5299 ipso
1139 5229 1239 5281 mare
1261 5213 1431 5282 habiente
1454 5213 1493 5281 in
1516 5217 1620 5301 parte
1635 5215 1889 5300 septentrionis
1912 5231 2023 5301 usque
2040 5217 2142 5300 petre

295 5389 365 5458 que
388 5369 522 5439 dicitur
545 5369 647 5438 surca
669 5368 793 5456 allani,
807 5370 842 5437 et
864 5366 911 5436 da
934 5368 1013 5453 ipsa
1035 5365 1138 5434 furca
1161 5364 1334 5450 derictum
1358 5364 1509 5436 saliente
1533 5384 1646 5454 usqne
1670 5367 1709 5432 in
1733 5365 1852 5436 monte
1876 5367 1938 5453 qui
1964 5370 2017 5434 est
2041 5385 2063 5434 a
2086 5384 2143 5434 su-

295 5541 360 5611 per
384 5520 537 5594 ecclesia
559 5525 683 5593 sancte
705 5521 832 5591 marie:
855 5519 898 5589 de
920 5537 1026 5607 super
1048 5523 1149 5607 parte
1166 5519 1237 5622 fine
1253 5521 1327 5606 ipso
1349 5521 1479 5587 monte.
1509 5519 1600 5606 Iden,
1626 5522 1666 5586 ut
1688 5519 1853 5607 dicimus,
1877 5523 2011 5606 quante
2033 5519 2143 5588 domi·

295 5679 368 5747 bus
394 5677 491 5748 infra
513 5679 587 5764 ipse
611 5675 832 5764 finessunt,
855 5677 977 5745 autin
1001 5679 1109 5744 antea
1133 5673 1264 5742 ibidem
1287 5671 1380 5742 facte
1403 5672 1524 5760 suerit,
1549 5670 1732 5740 licentiam
1756 5674 1889 5742 abeant
1914 5673 1980 5761 ipsi
2004 5673 2138 5761 presbi-

298 5827 366 5898 teri
393 5824 626 5914 annualiter,
658 5824 750 5894 sicut
772 5825 932 5894 ordinem
947 5828 983 5894 et
997 5828 1165 5893 consueta
1187 5828 1242 5894 est
1264 5825 1365 5912 prius
1387 5825 1517 5895 exinde
1540 5846 1636 5914 aqua
1658 5827 1884 5896 sanctificata
1907 5844 2077 5914 spargere
2100 5831 2136 5897 et

436 6009 508 6069 Tou.
526 6023 562 6068 vr.
1272 6097 1279 6108 Ι
1912 6011 1929 6070 6
