5408 7108
1206 390 1380 462 001]th
1415 391 1685 466 OAVENSIS

1291 768 1582 848 MXXXII.

1294 1071 1352 1144 A.
1380 1069 1435 1142 n.
1465 1069 1597 1144 1044.
1644 1163 1646 1172 y

562 1313 988 1454 †1nn0minedomini
1015 1371 1181 1438 vicesimo
1204 1377 1303 1467 sexto
1326 1389 1419 1439 anno
1445 1372 1666 1458 principatus
1695 1371 1827 1440 salerni
1859 1369 1979 1438 domni
2009 1370 2123 1439 nostri
2154 1371 2372 1458 guaimarii,

514 1527 551 1589 et
574 1527 676 1588 sexto
700 1539 795 1590 anno
819 1523 1042 1610 principatus
1058 1523 1136 1589 eius
1153 1543 1265 1608 capue
1289 1528 1325 1591 et
1342 1525 1367 1605 Ι)
1389 1524 1540 1592 ducatus
1557 1523 1653 1592 illius
1670 1525 1792 1594 amalfi
1807 1528 1843 1592 et
1859 1524 2032 1609 surrenti,
2051 1529 2086 1591 et
2103 1525 2255 1592 secundo
2273 1542 2370 1594 anno

515 1677 739 1762 principatus
763 1674 885 1742 domni
909 1677 1026 1762 gisolfi
1050 1677 1127 1745 eius
1150 1675 1224 1742 filio
1248 1683 1283 1744 et
1306 1677 1468 1764 ducibus,
1493 1685 1528 1746 et
1552 1677 1706 1746 secundo
1730 1695 1826 1747 anno
1855 1678 2005 1746 ducatus
2034 1696 2154 1746 eorum
2183 1676 2304 1763 apulie
2328 1683 2365 1744 et

515 1830 687 1916 calabrie,
702 1828 847 1915 gloriosi
856 1829 1104 1917 principibus,
1118 1849 1239 1899 mense
1253 1832 1464 1918 februarius,
1481 1833 1618 1901 decima
1634 1833 1842 1900 indictione.
1857 1834 1948 1899 Ante
1966 1849 2020 1898 me
2034 1829 2139 1899 lando
2156 1847 2271 1898 comes
2285 1849 2374 1899 can-

515 1985 608 2074 savit
633 1982 738 2049 lando
762 2001 877 2051 comes
902 1983 999 2050 filius
1023 1984 1203 2069 quondam
1228 1984 1419 2052 landenolfi
1450 1989 1588 2053 comitis
1618 1988 1777 2055 dieentes
1806 1987 1980 2054 adversus
2012 1987 2183 2053 iohannes
2213 1984 2367 2051 clericus

514 2138 611 2206 filius
636 2138 814 2224 quondam
840 2137 987 2207 iohanni
1014 2139 1218 2224 presbiteri,
1243 2139 1335 2224 quod
1360 2143 1439 2226 ipsu
1463 2139 1636 2208 iohannes
1661 2145 1697 2208 et
1720 2141 1857 2208 omines
1880 2140 1959 2206 eius
1983 2140 2076 2205 malo
2102 2139 2226 2205 ordine
2243 2144 2278 2206 et
2294 2140 2373 2206 sine

514 2290 657 2358 ratione
683 2290 864 2358 introisset
888 2291 925 2357 in
951 2293 1056 2359 rebus
1080 2309 1164 2360 suas
1187 2297 1224 2359 et
1245 2292 1289 2360 de
1314 2294 1535 2360 consortibus
1559 2294 1633 2358 suis
1657 2292 1750 2377 quod
1778 2295 1859 2359 avet
1888 2291 1927 2356 in
1959 2291 2072 2356 locum
2103 2297 2309 2357 nruntorum
2332 2295 2371 2358 et

513 2463 576 2530 per
602 2442 782 2514 vocabulis
804 2441 848 2511 de
876 2447 1095 2531 muntorum,
1113 2449 1148 2511 et
1165 2442 1246 2512 illut
1265 2450 1426 2512 curasset
1440 2451 1476 2512 et
1492 2447 1718 2533 exfossasset,
1743 2451 1779 2514 et
1807 2445 1963 2512 srudium
1993 2446 2073 2513 inde
2102 2443 2252 2514 tulisset.
2284 2442 2374 2514 talia

515 2596 704 2666 audientes
730 2598 847 2684 ipsum
871 2599 1047 2684 iohannes
1071 2597 1221 2665 clericus
1245 2615 1453 2684 responsum
1476 2598 1623 2667 retdidit
1646 2603 1678 2666 ei
1703 2599 1906 2686 dicendum,
1931 2605 1970 2666 ut
1994 2599 2114 2684 plures
2138 2601 2244 2665 rebus
2261 2617 2371 2667 avere

515 2754 552 2819 in
578 2752 692 2819 locum
717 2757 921 2820 muntorum
946 2757 982 2820 et
1007 2773 1069 2839 per
1093 2753 1273 2821 vocabulis
1296 2753 1339 2821 de
1364 2757 1583 2837 muntorum,
1609 2758 1662 2820 set
1685 2753 1840 2820 nesciret
1866 2752 1957 2820 unde
1982 2773 2062 2820 cum
2086 2773 2167 2821 eum
2191 2759 2370 2822 causaret.

513 2925 580 2994 ego
606 2908 787 2993 predictus
810 2925 927 2974 comes
952 2907 1042 2986 talia
1068 2906 1356 3008 audiente'inter
1382 2906 1455 2973 illis
1480 2906 1717 2974 indicarimus
1740 2913 1775 2976 et
1800 2911 1957 2994 utrisque
1984 2904 2054 2973 illis
2083 2907 2257 2994 guadiare
2288 2905 2374 2976 seci-

514 3079 607 3147 mus,
633 3071 673 3128 ut
697 3080 781 3147 pars
798 3063 954 3147 partium
972 3061 1121 3146 plicaret
1139 3080 1175 3128 se
1191 3068 1229 3130 et
1246 3079 1396 3148 pergere
1413 3078 1519 3147 super
1539 3061 1615 3146 ipsa
1632 3063 1736 3128 rebus
1752 3079 1833 3128 cum
1851 3060 1969 3128 iudice
1984 3065 2019 3127 et
2035 3061 2190 3147 notario,
2203 3067 2239 3130 et
2256 3063 2373 3148 ipsum

528 3215 621 3284 ando
647 3217 811 3282 comitem
835 3217 912 3284 viee
939 3233 1003 3284 sua
1026 3223 1063 3283 et
1086 3217 1129 3283 de
1153 3218 1377 3283 consortibus
1401 3221 1618 3283 monstraret
1641 3217 1718 3300 ipsa
1743 3217 1860 3300 rebus,
1886 3215 1979 3282 unde
1996 3235 2076 3282 cum
2093 3233 2174 3283 eum
2191 3221 2372 3302 causaret,

512 3359 549 3438 et
574 3391 637 3457 per
662 3359 779 3457 partes
803 3372 956 3456 plicaret
979 3388 1016 3437 se
1041 3390 1121 3437 oum
1145 3374 1219 3438 suis
1243 3370 1446 3439 rationibus
1471 3378 1507 3437 et
1531 3369 1639 3456 quale
1664 3369 1741 3456 lege
1764 3375 1800 3437 et
1824 3368 1966 3436 iustitia
1981 3369 2103 3456 suerit,
2123 3370 2218 3438 inter
2233 3389 2271 3438 se
2289 3367 2374 3437 inde

515 3523 622 3590 finem
646 3525 795 3592 saciant.
823 3523 916 3591 unde
943 3526 1060 3610 ipsum
1084 3522 1192 3592 lando
1216 3541 1330 3592 eomes
1354 3524 1472 3610 posuit
1494 3523 1625 3592 exinde
1649 3527 1682 3592 ei
1700 3523 1932 3592 mediatorem
1957 3523 2062 3594 lando
2086 3525 2182 3593 filius
2200 3525 2372 3611 dauferii,

433 3665 436 3670 ’
516 3685 553 3746 et
577 3681 694 3764 ipsum
720 3680 897 3746 iohannes
920 3677 1074 3745 clericus
1096 3677 1229 3746 exinde
1255 3680 1372 3763 posuit
1396 3677 1626 3748 mediatorem
1652 3678 1765 3765 ipsius
1781 3678 1927 3748 landoni
1942 3679 2063 3746 comiti
2079 3680 2258 3748 visantius
2276 3679 2373 3747 filius

512 3831 732 3920 truppoaldi,
758 3837 795 3900 et
820 3851 885 3918 pro
910 3851 995 3918 pars
1019 3833 1131 3918 ipsius
1155 3831 1302 3901 landoni
1327 3831 1469 3899 comitis
1491 3833 1647 3900 scrivere
1681 3837 1716 3900 te
1742 3831 1891 3900 lecimus
1914 3813 2118 3902 damnando
2140 3834 2312 3918 clericum
2338 3839 2375 3902 et

513 3985 695 4053 notarium
720 3983 886 4052 feliciter.

560 4111 591 4228 Τ
616 4142 692 4226 Ego
716 4141 778 4225 qui
803 4158 912 4225 supra
937 4138 1041 4207 lando
1065 4157 1191 4206 comos.
1222 4229 1230 4239 Ι

554 4613 580 4696 ¹)
604 4615 725 4689 Quinto
748 4617 857 4697 polius
881 4634 966 4678 anno
989 4615 1186 4695 Amalplriae
1211 4622 1244 4676 et
1267 4615 1422 4676 Sirrenti.
