<?xml version="1.0" encoding="UTF-8"?>
<!DOCTYPE html PUBLIC "-//W3C//DTD XHTML 1.0 Transitional//EN"
    "http://www.w3.org/TR/xhtml1/DTD/xhtml1-transitional.dtd">
<html xmlns="http://www.w3.org/1999/xhtml" xml:lang="en" lang="en">
 <head>
  <title>
</title>
<meta http-equiv="Content-Type" content="text/html;charset=utf-8" />
  <meta name='ocr-system' content='tesseract 3.04.00' />
  <meta name='ocr-capabilities' content='ocr_page ocr_carea ocr_par ocr_line ocrx_word'/>
</head>
<body>
  <div class='ocr_page' id='page_1' title='image "./codexdiplomatic04aragoog_0077.png"; bbox 0 0 5402 7088; ppageno 0'>
   <div class='ocr_carea' id='block_1_1' title="bbox 1013 557 1459 634">
    <p class='ocr_par' dir='ltr' id='par_1_1' title="bbox 1013 557 1459 634">
     <span class='ocr_line' id='line_1_1' title="bbox 1013 557 1459 634; baseline -0.002 0"><span class='ocrx_word' id='word_1_1' title='bbox 1013 557 1420 634; x_wconf 75' lang='lat' dir='ltr'>blvlollvl&#39;rlcbs</span> <span class='ocrx_word' id='word_1_2' title='bbox 1456 563 1459 568; x_wconf 85' lang='grc'><strong>’</strong></span> 
     </span>
    </p>
   </div>
   <div class='ocr_carea' id='block_1_2' title="bbox 1055 961 1399 1046">
    <p class='ocr_par' dir='ltr' id='par_1_2' title="bbox 1055 961 1399 1046">
     <span class='ocr_line' id='line_1_2' title="bbox 1055 961 1399 1046; baseline -0.017 0"><span class='ocrx_word' id='word_1_3' title='bbox 1055 961 1399 1046; x_wconf 81' lang='lat' dir='ltr'>DCCCXCV.</span> 
     </span>
    </p>
   </div>
   <div class='ocr_carea' id='block_1_3' title="bbox 981 1205 1381 1302">
    <p class='ocr_par' dir='ltr' id='par_1_3' title="bbox 981 1205 1381 1302">
     <span class='ocr_line' id='line_1_3' title="bbox 981 1205 1381 1302; baseline -0.023 -2"><span class='ocrx_word' id='word_1_4' title='bbox 981 1205 986 1216; x_wconf 85' lang='lat'>&#39;</span> <span class='ocrx_word' id='word_1_5' title='bbox 1086 1224 1144 1300; x_wconf 82' lang='grc' dir='ltr'>Α.</span> <span class='ocrx_word' id='word_1_6' title='bbox 1171 1225 1225 1299; x_wconf 82' lang='lat' dir='ltr'>n.</span> <span class='ocrx_word' id='word_1_7' title='bbox 1257 1225 1381 1302; x_wconf 88' lang='lat'>1035.</span> 
     </span>
    </p>
   </div>
   <div class='ocr_carea' id='block_1_4' title="bbox 358 1488 2158 1646">
    <p class='ocr_par' dir='ltr' id='par_1_4' title="bbox 358 1488 2158 1646">
     <span class='ocr_line' id='line_1_4' title="bbox 358 1488 2158 1646; baseline 0.004 -39"><span class='ocrx_word' id='word_1_8' title='bbox 358 1488 394 1628; x_wconf 85' lang='lat'>†</span> <span class='ocrx_word' id='word_1_9' title='bbox 419 1543 458 1608; x_wconf 92' lang='lat' dir='ltr'>ln</span> <span class='ocrx_word' id='word_1_10' title='bbox 482 1539 625 1609; x_wconf 89' lang='lat' dir='ltr'>nomine</span> <span class='ocrx_word' id='word_1_11' title='bbox 648 1541 781 1608; x_wconf 89' lang='lat' dir='ltr'>domiui</span> <span class='ocrx_word' id='word_1_12' title='bbox 805 1543 865 1609; x_wconf 89' lang='lat' dir='ltr'>Dei</span> <span class='ocrx_word' id='word_1_13' title='bbox 890 1541 1003 1611; x_wconf 89' lang='lat' dir='ltr'>eterni</span> <span class='ocrx_word' id='word_1_14' title='bbox 1030 1541 1222 1616; x_wconf 77' lang='lat' dir='ltr'>salvatoris</span> <span class='ocrx_word' id='word_1_15' title='bbox 1245 1544 1357 1612; x_wconf 80' lang='lat' dir='ltr'><strong>nostri</strong></span> <span class='ocrx_word' id='word_1_16' title='bbox 1383 1545 1486 1613; x_wconf 81' lang='lat' dir='ltr'>lhevu</span> <span class='ocrx_word' id='word_1_17' title='bbox 1501 1545 1655 1646; x_wconf 57' lang='lat' dir='ltr'>Christi.</span> <span class='ocrx_word' id='word_1_18' title='bbox 1680 1545 1902 1616; x_wconf 89' lang='lat' dir='ltr'>Waimarius</span> <span class='ocrx_word' id='word_1_19' title='bbox 1926 1546 2053 1628; x_wconf 86' lang='lat' dir='ltr'>divina</span> <span class='ocrx_word' id='word_1_20' title='bbox 2075 1567 2158 1634; x_wconf 89' lang='lat' dir='ltr'>pro-</span> 
     </span>
    </p>
   </div>
   <div class='ocr_carea' id='block_1_5' title="bbox 254 1692 2215 3634">
    <p class='ocr_par' dir='ltr' id='par_1_5' title="bbox 254 1692 2215 3634">
     <span class='ocr_line' id='line_1_5' title="bbox 311 1692 2160 1786; baseline 0.003 -24"><span class='ocrx_word' id='word_1_21' title='bbox 311 1697 456 1782; x_wconf 77' lang='lat' dir='ltr'>tegente</span> <span class='ocrx_word' id='word_1_22' title='bbox 480 1692 671 1763; x_wconf 90' lang='lat' dir='ltr'>clementia</span> <span class='ocrx_word' id='word_1_23' title='bbox 695 1693 992 1783; x_wconf 86' lang='lat' dir='ltr'>langobardorum</span> <span class='ocrx_word' id='word_1_24' title='bbox 1016 1695 1136 1782; x_wconf 89' lang='lat' dir='ltr'>gentis</span> <span class='ocrx_word' id='word_1_25' title='bbox 1159 1695 1335 1782; x_wconf 88' lang='lat' dir='ltr'>princeps.</span> <span class='ocrx_word' id='word_1_26' title='bbox 1361 1697 1573 1768; x_wconf 74' lang='lat' dir='ltr'>Prnamore</span> <span class='ocrx_word' id='word_1_27' title='bbox 1598 1697 1849 1784; x_wconf 90' lang='lat' dir='ltr'>omnipotentis</span> <span class='ocrx_word' id='word_1_28' title='bbox 1872 1697 1927 1765; x_wconf 87' lang='lat' dir='ltr'>dei</span> <span class='ocrx_word' id='word_1_29' title='bbox 1952 1703 1987 1767; x_wconf 89' lang='lat' dir='ltr'>et</span> <span class='ocrx_word' id='word_1_30' title='bbox 2011 1717 2075 1786; x_wconf 90' lang='lat' dir='ltr'>pro</span> <span class='ocrx_word' id='word_1_31' title='bbox 2101 1718 2160 1769; x_wconf 88' lang='lat' dir='ltr'>sa·</span> 
     </span>
     <span class='ocr_line' id='line_1_6' title="bbox 313 1843 2158 1934; baseline 0.005 -24"><span class='ocrx_word' id='word_1_32' title='bbox 313 1843 388 1916; x_wconf 90' lang='lat' dir='ltr'>lute</span> <span class='ocrx_word' id='word_1_33' title='bbox 411 1850 556 1914; x_wconf 79' lang='lat' dir='ltr'>nostrae</span> <span class='ocrx_word' id='word_1_34' title='bbox 579 1848 736 1934; x_wconf 90' lang='lat' dir='ltr'>animae,</span> <span class='ocrx_word' id='word_1_35' title='bbox 754 1843 973 1934; x_wconf 72' lang='lat' dir='ltr'><strong>&#39;nostraeque</strong></span> <span class='ocrx_word' id='word_1_36' title='bbox 998 1847 1141 1933; x_wconf 81' lang='lat' dir='ltr'>patriae</span> <span class='ocrx_word' id='word_1_37' title='bbox 1163 1846 1374 1934; x_wconf 89' lang='lat' dir='ltr'>salvatione,</span> <span class='ocrx_word' id='word_1_38' title='bbox 1398 1847 1627 1916; x_wconf 76' lang='lat' dir='ltr'>concedimus</span> <span class='ocrx_word' id='word_1_39' title='bbox 1652 1850 1691 1917; x_wconf 92' lang='lat' dir='ltr'>in</span> <span class='ocrx_word' id='word_1_40' title='bbox 1715 1853 1930 1919; x_wconf 89' lang='lat' dir='ltr'>monasterio</span> <span class='ocrx_word' id='word_1_41' title='bbox 1953 1855 2097 1921; x_wconf 89' lang='lat' dir='ltr'>sanctae</span> <span class='ocrx_word' id='word_1_42' title='bbox 2121 1857 2158 1921; x_wconf 91' lang='lat' dir='ltr'>et</span> 
     </span>
     <span class='ocr_line' id='line_1_7' title="bbox 314 1999 2158 2088; baseline -0.001 -20"><span class='ocrx_word' id='word_1_43' title='bbox 314 1999 523 2072; x_wconf 83' lang='lat' dir='ltr'>individuae</span> <span class='ocrx_word' id='word_1_44' title='bbox 546 2001 736 2078; x_wconf 86' lang='lat' dir='ltr'>trinitatis,</span> <span class='ocrx_word' id='word_1_45' title='bbox 761 2001 852 2088; x_wconf 90' lang='lat' dir='ltr'>quod</span> <span class='ocrx_word' id='word_1_46' title='bbox 877 2001 985 2070; x_wconf 89' lang='lat' dir='ltr'>situm</span> <span class='ocrx_word' id='word_1_47' title='bbox 1009 2005 1064 2068; x_wconf 91' lang='lat' dir='ltr'>est</span> <span class='ocrx_word' id='word_1_48' title='bbox 1092 2000 1130 2068; x_wconf 93' lang='lat' dir='ltr'>in</span> <span class='ocrx_word' id='word_1_49' title='bbox 1154 1999 1270 2086; x_wconf 90' lang='lat' dir='ltr'>cripta</span> <span class='ocrx_word' id='word_1_50' title='bbox 1293 2018 1361 2087; x_wconf 90' lang='lat' dir='ltr'>que</span> <span class='ocrx_word' id='word_1_51' title='bbox 1378 2006 1431 2069; x_wconf 90' lang='lat' dir='ltr'>est</span> <span class='ocrx_word' id='word_1_52' title='bbox 1455 2000 1492 2066; x_wconf 91' lang='lat' dir='ltr'>in</span> <span class='ocrx_word' id='word_1_53' title='bbox 1515 1999 1734 2088; x_wconf 76' lang='lat' dir='ltr'>pertinentia</span> <span class='ocrx_word' id='word_1_54' title='bbox 1758 1999 2009 2086; x_wconf 90' lang='lat' dir='ltr'>mitilianense,</span> <span class='ocrx_word' id='word_1_55' title='bbox 2027 2001 2065 2068; x_wconf 92' lang='lat' dir='ltr'>in</span> <span class='ocrx_word' id='word_1_56' title='bbox 2088 2019 2158 2088; x_wconf 89' lang='lat' dir='ltr'>quo</span> 
     </span>
     <span class='ocr_line' id='line_1_8' title="bbox 314 2139 2158 2239; baseline 0 -19"><span class='ocrx_word' id='word_1_57' title='bbox 314 2153 464 2222; x_wconf 90' lang='lat' dir='ltr'>domnus</span> <span class='ocrx_word' id='word_1_58' title='bbox 487 2153 680 2222; x_wconf 78' lang='lat' dir='ltr'>adelferius</span> <span class='ocrx_word' id='word_1_59' title='bbox 704 2153 922 2222; x_wconf 86' lang='lat' dir='ltr'>venerabilis</span> <span class='ocrx_word' id='word_1_60' title='bbox 944 2155 1055 2223; x_wconf 91' lang='lat' dir='ltr'>abbas</span> <span class='ocrx_word' id='word_1_61' title='bbox 1078 2155 1114 2221; x_wconf 84' lang='lat' dir='ltr'>et</span> <span class='ocrx_word' id='word_1_62' title='bbox 1135 2152 1337 2239; x_wconf 90' lang='lat' dir='ltr'>spiritualis</span> <span class='ocrx_word' id='word_1_63' title='bbox 1354 2157 1455 2239; x_wconf 91' lang='lat' dir='ltr'>pater</span> <span class='ocrx_word' id='word_1_64' title='bbox 1471 2155 1508 2220; x_wconf 89' lang='lat' dir='ltr'>et</span> <span class='ocrx_word' id='word_1_65' title='bbox 1524 2157 1643 2220; x_wconf 89' lang='lat' dir='ltr'>orator</span> <span class='ocrx_word' id='word_1_66' title='bbox 1661 2157 1780 2221; x_wconf 88' lang='lat' dir='ltr'>noster</span> <span class='ocrx_word' id='word_1_67' title='bbox 1798 2139 1952 2239; x_wconf 82' lang='lat' dir='ltr'>piaeest,</span> <span class='ocrx_word' id='word_1_68' title='bbox 1969 2152 2158 2222; x_wconf 89' lang='lat' dir='ltr'>ecclesiam</span> 
     </span>
     <span class='ocr_line' id='line_1_9' title="bbox 312 2305 2160 2395; baseline 0.001 -21"><span class='ocrx_word' id='word_1_69' title='bbox 312 2306 429 2377; x_wconf 88' lang='lat' dir='ltr'>sancti</span> <span class='ocrx_word' id='word_1_70' title='bbox 449 2308 661 2394; x_wconf 80' lang='lat' dir='ltr'>archangeli</span> <span class='ocrx_word' id='word_1_71' title='bbox 677 2327 769 2395; x_wconf 91' lang='lat' dir='ltr'>quae</span> <span class='ocrx_word' id='word_1_72' title='bbox 786 2313 993 2379; x_wconf 87' lang='lat' dir='ltr'>constructa</span> <span class='ocrx_word' id='word_1_73' title='bbox 1008 2313 1062 2378; x_wconf 91' lang='lat' dir='ltr'>est</span> <span class='ocrx_word' id='word_1_74' title='bbox 1078 2309 1175 2376; x_wconf 90' lang='lat' dir='ltr'>ultra</span> <span class='ocrx_word' id='word_1_75' title='bbox 1191 2309 1336 2376; x_wconf 85' lang='lat' dir='ltr'>fluvium</span> <span class='ocrx_word' id='word_1_76' title='bbox 1351 2307 1568 2394; x_wconf 89' lang='lat' dir='ltr'>tuscianum,</span> <span class='ocrx_word' id='word_1_77' title='bbox 1585 2325 1666 2375; x_wconf 93' lang='lat' dir='ltr'>cum</span> <span class='ocrx_word' id='word_1_78' title='bbox 1680 2305 1859 2375; x_wconf 82' lang='lat' dir='ltr'>codicibus</span> <span class='ocrx_word' id='word_1_79' title='bbox 1882 2311 1917 2376; x_wconf 89' lang='lat' dir='ltr'>et</span> <span class='ocrx_word' id='word_1_80' title='bbox 1940 2309 2038 2376; x_wconf 89' lang='lat' dir='ltr'>omni</span> <span class='ocrx_word' id='word_1_81' title='bbox 2054 2325 2160 2379; x_wconf 89' lang='lat' dir='ltr'>orna-</span> 
     </span>
     <span class='ocr_line' id='line_1_10' title="bbox 312 2453 2215 2548; baseline 0.002 -23"><span class='ocrx_word' id='word_1_82' title='bbox 312 2463 431 2528; x_wconf 89' lang='lat' dir='ltr'>mento</span> <span class='ocrx_word' id='word_1_83' title='bbox 446 2460 559 2546; x_wconf 92' lang='lat' dir='ltr'>ipsius</span> <span class='ocrx_word' id='word_1_84' title='bbox 575 2461 758 2547; x_wconf 88' lang='lat' dir='ltr'>ecclesiae,</span> <span class='ocrx_word' id='word_1_85' title='bbox 775 2479 855 2528; x_wconf 90' lang='lat' dir='ltr'>cum</span> <span class='ocrx_word' id='word_1_86' title='bbox 874 2461 988 2528; x_wconf 88' lang='lat' dir='ltr'>vineis</span> <span class='ocrx_word' id='word_1_87' title='bbox 1004 2465 1039 2529; x_wconf 90' lang='lat' dir='ltr'>et</span> <span class='ocrx_word' id='word_1_88' title='bbox 1056 2453 1163 2528; x_wconf 79' lang='lat' dir='ltr'>terris</span> <span class='ocrx_word' id='word_1_89' title='bbox 1180 2461 1301 2530; x_wconf 88' lang='lat' dir='ltr'>vacuis</span> <span class='ocrx_word' id='word_1_90' title='bbox 1318 2480 1380 2548; x_wconf 92' lang='lat' dir='ltr'>per</span> <span class='ocrx_word' id='word_1_91' title='bbox 1395 2463 1460 2529; x_wconf 91' lang='lat' dir='ltr'>has</span> <span class='ocrx_word' id='word_1_92' title='bbox 1475 2461 1565 2528; x_wconf 85' lang='lat' dir='ltr'>fines</span> <span class='ocrx_word' id='word_1_93' title='bbox 1580 2464 1617 2528; x_wconf 92' lang='lat' dir='ltr'>et</span> <span class='ocrx_word' id='word_1_94' title='bbox 1633 2460 1833 2528; x_wconf 76' lang='lat' dir='ltr'>mensuras</span> <span class='ocrx_word' id='word_1_95' title='bbox 1849 2464 1993 2548; x_wconf 88' lang='lat' dir='ltr'>Aparte</span> <span class='ocrx_word' id='word_1_96' title='bbox 2010 2460 2160 2530; x_wconf 90' lang='lat' dir='ltr'>meridie</span> <span class='ocrx_word' id='word_1_97' title='bbox 2214 2505 2215 2508; x_wconf 56' lang='lat'><em>=</em></span> 
     </span>
     <span class='ocr_line' id='line_1_11' title="bbox 313 2611 2158 2701; baseline 0.003 -23"><span class='ocrx_word' id='word_1_98' title='bbox 313 2611 508 2699; x_wconf 87' lang='lat' dir='ltr'>incipiente</span> <span class='ocrx_word' id='word_1_99' title='bbox 532 2633 555 2682; x_wconf 92' lang='lat' dir='ltr'>a</span> <span class='ocrx_word' id='word_1_100' title='bbox 579 2613 738 2700; x_wconf 88' lang='lat' dir='ltr'>predicto</span> <span class='ocrx_word' id='word_1_101' title='bbox 759 2613 865 2681; x_wconf 89' lang='lat' dir='ltr'>fluvio</span> <span class='ocrx_word' id='word_1_102' title='bbox 888 2616 1051 2682; x_wconf 90' lang='lat' dir='ltr'>tusciano</span> <span class='ocrx_word' id='word_1_103' title='bbox 1074 2617 1110 2682; x_wconf 91' lang='lat' dir='ltr'>et</span> <span class='ocrx_word' id='word_1_104' title='bbox 1125 2613 1267 2682; x_wconf 89' lang='lat' dir='ltr'>abiente</span> <span class='ocrx_word' id='word_1_105' title='bbox 1285 2615 1323 2682; x_wconf 92' lang='lat' dir='ltr'>in</span> <span class='ocrx_word' id='word_1_106' title='bbox 1340 2618 1441 2701; x_wconf 89' lang='lat' dir='ltr'>parte</span> <span class='ocrx_word' id='word_1_107' title='bbox 1456 2614 1605 2682; x_wconf 91' lang='lat' dir='ltr'>orientis</span> <span class='ocrx_word' id='word_1_108' title='bbox 1621 2619 1758 2683; x_wconf 90' lang='lat' dir='ltr'>rectum</span> <span class='ocrx_word' id='word_1_109' title='bbox 1773 2631 1836 2700; x_wconf 90' lang='lat' dir='ltr'>per</span> <span class='ocrx_word' id='word_1_110' title='bbox 1854 2615 2026 2683; x_wconf 89' lang='lat' dir='ltr'>terminos</span> <span class='ocrx_word' id='word_1_111' title='bbox 2044 2633 2158 2701; x_wconf 89' lang='lat' dir='ltr'>usquc</span> 
     </span>
     <span class='ocr_line' id='line_1_12' title="bbox 254 2757 2160 2856; baseline -0.001 -21"><span class='ocrx_word' id='word_1_112' title='bbox 254 2845 259 2856; x_wconf 30' lang='lat'>¹</span> <span class='ocrx_word' id='word_1_113' title='bbox 309 2765 356 2835; x_wconf 89' lang='lat' dir='ltr'>ad</span> <span class='ocrx_word' id='word_1_114' title='bbox 388 2783 505 2852; x_wconf 87' lang='lat' dir='ltr'>sepem</span> <span class='ocrx_word' id='word_1_115' title='bbox 529 2769 564 2834; x_wconf 90' lang='lat' dir='ltr'>et</span> <span class='ocrx_word' id='word_1_116' title='bbox 588 2765 718 2834; x_wconf 90' lang='lat' dir='ltr'>deinde</span> <span class='ocrx_word' id='word_1_117' title='bbox 740 2765 882 2835; x_wconf 90' lang='lat' dir='ltr'>abiente</span> <span class='ocrx_word' id='word_1_118' title='bbox 907 2767 1010 2834; x_wconf 86' lang='lat' dir='ltr'>iuxta</span> <span class='ocrx_word' id='word_1_119' title='bbox 1034 2765 1150 2854; x_wconf 87' lang='lat' dir='ltr'>ipsam</span> <span class='ocrx_word' id='word_1_120' title='bbox 1173 2785 1291 2854; x_wconf 89' lang='lat' dir='ltr'>sepem</span> <span class='ocrx_word' id='word_1_121' title='bbox 1324 2765 1492 2836; x_wconf 89' lang='lat' dir='ltr'>similiter</span> <span class='ocrx_word' id='word_1_122' title='bbox 1514 2768 1555 2835; x_wconf 90' lang='lat' dir='ltr'>in</span> <span class='ocrx_word' id='word_1_123' title='bbox 1576 2757 1679 2854; x_wconf 87' lang='lat' dir='ltr'>parte</span> <span class='ocrx_word' id='word_1_124' title='bbox 1702 2767 1864 2836; x_wconf 89' lang='lat' dir='ltr'>orientis.</span> <span class='ocrx_word' id='word_1_125' title='bbox 1889 2769 1934 2835; x_wconf 86' lang='lat' dir='ltr'>Et</span> <span class='ocrx_word' id='word_1_126' title='bbox 1954 2765 2160 2835; x_wconf 86' lang='lat' dir='ltr'>revolvente</span> 
     </span>
     <span class='ocr_line' id='line_1_13' title="bbox 316 2916 2161 3006; baseline 0.001 -21"><span class='ocrx_word' id='word_1_127' title='bbox 316 2917 353 2986; x_wconf 90' lang='lat' dir='ltr'>in</span> <span class='ocrx_word' id='word_1_128' title='bbox 377 2922 479 3005; x_wconf 88' lang='lat' dir='ltr'>parte</span> <span class='ocrx_word' id='word_1_129' title='bbox 501 2917 653 2986; x_wconf 90' lang='lat' dir='ltr'>meridie</span> <span class='ocrx_word' id='word_1_130' title='bbox 676 2935 779 2986; x_wconf 86' lang='lat' dir='ltr'>secus</span> <span class='ocrx_word' id='word_1_131' title='bbox 801 2916 997 3005; x_wconf 91' lang='lat' dir='ltr'>predictam</span> <span class='ocrx_word' id='word_1_132' title='bbox 1023 2935 1141 3004; x_wconf 86' lang='lat' dir='ltr'>sepem</span> <span class='ocrx_word' id='word_1_133' title='bbox 1167 2935 1277 3004; x_wconf 88' lang='lat' dir='ltr'>usque</span> <span class='ocrx_word' id='word_1_134' title='bbox 1300 2918 1345 2986; x_wconf 90' lang='lat' dir='ltr'>ad</span> <span class='ocrx_word' id='word_1_135' title='bbox 1363 2917 1459 2986; x_wconf 90' lang='lat' dir='ltr'>viam</span> <span class='ocrx_word' id='word_1_136' title='bbox 1477 2917 1656 3005; x_wconf 89' lang='lat' dir='ltr'>puplicam</span> <span class='ocrx_word' id='word_1_137' title='bbox 1673 2916 1854 3004; x_wconf 90' lang='lat' dir='ltr'>maiorem,</span> <span class='ocrx_word' id='word_1_138' title='bbox 1878 2923 1963 2986; x_wconf 91' lang='lat' dir='ltr'>suut</span> <span class='ocrx_word' id='word_1_139' title='bbox 1983 2917 2065 2987; x_wconf 90' lang='lat' dir='ltr'>inde</span> <span class='ocrx_word' id='word_1_140' title='bbox 2080 2938 2161 3006; x_wconf 89' lang='lat' dir='ltr'>pas·</span> 
     </span>
     <span class='ocr_line' id='line_1_14' title="bbox 311 3070 2160 3160; baseline -0.002 -18"><span class='ocrx_word' id='word_1_141' title='bbox 311 3091 372 3142; x_wconf 87' lang='lat' dir='ltr'>sus</span> <span class='ocrx_word' id='word_1_142' title='bbox 394 3071 538 3144; x_wconf 91' lang='lat' dir='ltr'>ducenti</span> <span class='ocrx_word' id='word_1_143' title='bbox 561 3073 693 3142; x_wconf 92' lang='lat' dir='ltr'>decem.</span> <span class='ocrx_word' id='word_1_144' title='bbox 719 3075 751 3140; x_wconf 84' lang='lat' dir='ltr'>A</span> <span class='ocrx_word' id='word_1_145' title='bbox 773 3075 877 3159; x_wconf 90' lang='lat' dir='ltr'>parte</span> <span class='ocrx_word' id='word_1_146' title='bbox 901 3071 1051 3140; x_wconf 90' lang='lat' dir='ltr'>orientis</span> <span class='ocrx_word' id='word_1_147' title='bbox 1074 3072 1145 3140; x_wconf 83' lang='lat' dir='ltr'>tine</span> <span class='ocrx_word' id='word_1_148' title='bbox 1169 3072 1338 3148; x_wconf 90' lang='lat' dir='ltr'>iamdicta</span> <span class='ocrx_word' id='word_1_149' title='bbox 1361 3071 1435 3157; x_wconf 91' lang='lat' dir='ltr'>via,</span> <span class='ocrx_word' id='word_1_150' title='bbox 1459 3074 1544 3138; x_wconf 90' lang='lat' dir='ltr'>sunt</span> <span class='ocrx_word' id='word_1_151' title='bbox 1568 3070 1650 3138; x_wconf 89' lang='lat' dir='ltr'>inde</span> <span class='ocrx_word' id='word_1_152' title='bbox 1672 3072 1769 3155; x_wconf 90' lang='lat' dir='ltr'>passi</span> <span class='ocrx_word' id='word_1_153' title='bbox 1793 3070 1936 3140; x_wconf 88' lang='lat' dir='ltr'>ducenti</span> <span class='ocrx_word' id='word_1_154' title='bbox 1960 3072 2160 3160; x_wconf 82' lang='lat' dir='ltr'>nonaginta</span> 
     </span>
     <span class='ocr_line' id='line_1_15' title="bbox 310 3213 2163 3326; baseline -0.001 -32"><span class='ocrx_word' id='word_1_155' title='bbox 310 3245 422 3326; x_wconf 87' lang='lat' dir='ltr'>usque</span> <span class='ocrx_word' id='word_1_156' title='bbox 444 3227 490 3297; x_wconf 91' lang='lat' dir='ltr'>ad</span> <span class='ocrx_word' id='word_1_157' title='bbox 512 3227 623 3297; x_wconf 90' lang='lat' dir='ltr'>aliam</span> <span class='ocrx_word' id='word_1_158' title='bbox 646 3226 757 3296; x_wconf 88' lang='lat' dir='ltr'>viam.</span> <span class='ocrx_word' id='word_1_159' title='bbox 784 3226 829 3293; x_wconf 84' lang='lat' dir='ltr'>lit</span> <span class='ocrx_word' id='word_1_160' title='bbox 852 3213 898 3294; x_wconf 83' lang='lat' dir='ltr'>ab</span> <span class='ocrx_word' id='word_1_161' title='bbox 922 3224 1005 3293; x_wconf 89' lang='lat' dir='ltr'>inde</span> <span class='ocrx_word' id='word_1_162' title='bbox 1030 3227 1230 3292; x_wconf 86' lang='lat' dir='ltr'>revolvente</span> <span class='ocrx_word' id='word_1_163' title='bbox 1254 3224 1293 3292; x_wconf 94' lang='lat' dir='ltr'>in</span> <span class='ocrx_word' id='word_1_164' title='bbox 1318 3229 1418 3310; x_wconf 90' lang='lat' dir='ltr'>parte</span> <span class='ocrx_word' id='word_1_165' title='bbox 1444 3223 1598 3293; x_wconf 89' lang='lat' dir='ltr'>orientis</span> <span class='ocrx_word' id='word_1_166' title='bbox 1622 3243 1684 3311; x_wconf 92' lang='lat' dir='ltr'>per</span> <span class='ocrx_word' id='word_1_167' title='bbox 1702 3226 1816 3312; x_wconf 87' lang='lat' dir='ltr'>ipsam</span> <span class='ocrx_word' id='word_1_168' title='bbox 1832 3225 1941 3295; x_wconf 87' lang='lat' dir='ltr'>aliam</span> <span class='ocrx_word' id='word_1_169' title='bbox 1964 3226 2060 3294; x_wconf 90' lang='lat' dir='ltr'>viam</span> <span class='ocrx_word' id='word_1_170' title='bbox 2082 3245 2163 3313; x_wconf 90' lang='lat' dir='ltr'>pas-</span> 
     </span>
     <span class='ocr_line' id='line_1_16' title="bbox 313 3371 2161 3467; baseline -0.002 -18"><span class='ocrx_word' id='word_1_171' title='bbox 313 3397 375 3450; x_wconf 90' lang='lat' dir='ltr'>sus</span> <span class='ocrx_word' id='word_1_172' title='bbox 396 3379 641 3467; x_wconf 90' lang='lat' dir='ltr'>quadraginta</span> <span class='ocrx_word' id='word_1_173' title='bbox 663 3379 745 3467; x_wconf 92' lang='lat' dir='ltr'>duo,</span> <span class='ocrx_word' id='word_1_174' title='bbox 770 3371 896 3448; x_wconf 90' lang='lat' dir='ltr'>deiude</span> <span class='ocrx_word' id='word_1_175' title='bbox 921 3381 1121 3447; x_wconf 86' lang='lat' dir='ltr'>revolvente</span> <span class='ocrx_word' id='word_1_176' title='bbox 1147 3377 1185 3444; x_wconf 91' lang='lat' dir='ltr'>in</span> <span class='ocrx_word' id='word_1_177' title='bbox 1210 3381 1312 3464; x_wconf 90' lang='lat' dir='ltr'>parte</span> <span class='ocrx_word' id='word_1_178' title='bbox 1336 3375 1599 3462; x_wconf 85' lang='lat' dir='ltr'>septemtrionis</span> <span class='ocrx_word' id='word_1_179' title='bbox 1615 3375 1713 3464; x_wconf 78' lang='lat' dir='ltr'>circa</span> <span class='ocrx_word' id='word_1_180' title='bbox 1728 3377 1836 3444; x_wconf 83' lang='lat' dir='ltr'>finem</span> <span class='ocrx_word' id='word_1_181' title='bbox 1860 3377 1903 3445; x_wconf 92' lang='lat' dir='ltr'>de</span> <span class='ocrx_word' id='word_1_182' title='bbox 1927 3379 2033 3446; x_wconf 90' lang='lat' dir='ltr'>rebus</span> <span class='ocrx_word' id='word_1_183' title='bbox 2048 3379 2161 3448; x_wconf 89' lang='lat' dir='ltr'>nostri</span> 
     </span>
     <span class='ocr_line' id='line_1_17' title="bbox 309 3499 2161 3634; baseline -0.004 -31"><span class='ocrx_word' id='word_1_184' title='bbox 309 3533 441 3622; x_wconf 91' lang='lat' dir='ltr'>palatii</span> <span class='ocrx_word' id='word_1_185' title='bbox 465 3535 502 3600; x_wconf 93' lang='lat' dir='ltr'>et</span> <span class='ocrx_word' id='word_1_186' title='bbox 523 3515 620 3599; x_wconf 86' lang='lat' dir='ltr'>circa</span> <span class='ocrx_word' id='word_1_187' title='bbox 643 3547 773 3616; x_wconf 90' lang='lat' dir='ltr'>sepem,</span> <span class='ocrx_word' id='word_1_188' title='bbox 798 3547 891 3614; x_wconf 91' lang='lat' dir='ltr'>quae</span> <span class='ocrx_word' id='word_1_189' title='bbox 914 3527 1087 3634; x_wconf 61' lang='lat' dir='ltr'>discerrp&#39;t</span> <span class='ocrx_word' id='word_1_190' title='bbox 1114 3499 1207 3594; x_wconf 84' lang='lat' dir='ltr'>inter</span> <span class='ocrx_word' id='word_1_191' title='bbox 1230 3529 1295 3594; x_wconf 87' lang='lat' dir='ltr'>has</span> <span class='ocrx_word' id='word_1_192' title='bbox 1313 3543 1369 3594; x_wconf 90' lang='lat' dir='ltr'>res</span> <span class='ocrx_word' id='word_1_193' title='bbox 1385 3535 1494 3596; x_wconf 59' lang='lat' dir='ltr'>et‘res</span> <span class='ocrx_word' id='word_1_194' title='bbox 1517 3527 1631 3596; x_wconf 90' lang='lat' dir='ltr'>nostri</span> <span class='ocrx_word' id='word_1_195' title='bbox 1656 3527 1750 3596; x_wconf 89' lang='lat' dir='ltr'>sacri</span> <span class='ocrx_word' id='word_1_196' title='bbox 1774 3529 1915 3615; x_wconf 87' lang='lat' dir='ltr'>palatii,</span> <span class='ocrx_word' id='word_1_197' title='bbox 1933 3546 2056 3614; x_wconf 88' lang='lat' dir='ltr'>passus</span> <span class='ocrx_word' id='word_1_198' title='bbox 2078 3548 2161 3597; x_wconf 89' lang='lat' dir='ltr'>cen-</span> 
     </span>
    </p>
   </div>
   <div class='ocr_carea' id='block_1_6' title="bbox 316 3675 2159 3772">
    <p class='ocr_par' dir='ltr' id='par_1_6' title="bbox 316 3675 2159 3772">
     <span class='ocr_line' id='line_1_18' title="bbox 316 3675 2159 3772; baseline -0.002 -20"><span class='ocrx_word' id='word_1_199' title='bbox 316 3687 391 3752; x_wconf 91' lang='lat' dir='ltr'>tum</span> <span class='ocrx_word' id='word_1_200' title='bbox 416 3700 528 3770; x_wconf 87' lang='lat' dir='ltr'>usque</span> <span class='ocrx_word' id='word_1_201' title='bbox 552 3681 597 3751; x_wconf 92' lang='lat' dir='ltr'>ad</span> <span class='ocrx_word' id='word_1_202' title='bbox 620 3682 729 3752; x_wconf 90' lang='lat' dir='ltr'>aliam</span> <span class='ocrx_word' id='word_1_203' title='bbox 752 3680 870 3772; x_wconf 61' lang='lat' dir='ltr'>viamg</span> <span class='ocrx_word' id='word_1_204' title='bbox 895 3679 939 3747; x_wconf 87' lang='lat' dir='ltr'>Et</span> <span class='ocrx_word' id='word_1_205' title='bbox 962 3678 1090 3746; x_wconf 86' lang='lat' dir='ltr'>exinde</span> <span class='ocrx_word' id='word_1_206' title='bbox 1115 3678 1315 3747; x_wconf 86' lang='lat' dir='ltr'>revolvente</span> <span class='ocrx_word' id='word_1_207' title='bbox 1340 3679 1377 3746; x_wconf 91' lang='lat' dir='ltr'>in</span> <span class='ocrx_word' id='word_1_208' title='bbox 1401 3675 1504 3764; x_wconf 82' lang='lat' dir='ltr'>parte</span> <span class='ocrx_word' id='word_1_209' title='bbox 1525 3679 1719 3748; x_wconf 88' lang='lat' dir='ltr'>occidentis</span> <span class='ocrx_word' id='word_1_210' title='bbox 1741 3696 1804 3766; x_wconf 90' lang='lat' dir='ltr'>per</span> <span class='ocrx_word' id='word_1_211' title='bbox 1826 3679 2023 3766; x_wconf 87' lang='lat' dir='ltr'>predictam</span> <span class='ocrx_word' id='word_1_212' title='bbox 2047 3679 2159 3750; x_wconf 89' lang='lat' dir='ltr'>aliam</span> 
     </span>
    </p>
   </div>
   <div class='ocr_carea' id='block_1_7' title="bbox 145 3831 2195 3938">
    <p class='ocr_par' dir='ltr' id='par_1_7' title="bbox 145 3831 2195 3938">
     <span class='ocr_line' id='line_1_19' title="bbox 145 3831 2195 3938; baseline -0.001 -34"><span class='ocrx_word' id='word_1_213' title='bbox 145 3859 150 3866; x_wconf 94' lang='lat'>·</span> <span class='ocrx_word' id='word_1_214' title='bbox 261 3887 269 3903; x_wconf 94' lang='lat'><strong>.</strong></span> <span class='ocrx_word' id='word_1_215' title='bbox 312 3838 410 3907; x_wconf 86' lang='lat' dir='ltr'>viam</span> <span class='ocrx_word' id='word_1_216' title='bbox 433 3853 558 3926; x_wconf 86' lang='lat' dir='ltr'>passus</span> <span class='ocrx_word' id='word_1_217' title='bbox 579 3835 702 3904; x_wconf 90' lang='lat' dir='ltr'>decem</span> <span class='ocrx_word' id='word_1_218' title='bbox 725 3839 762 3904; x_wconf 91' lang='lat' dir='ltr'>et</span> <span class='ocrx_word' id='word_1_219' title='bbox 784 3839 873 3904; x_wconf 78' lang='grc' dir='ltr'><strong>οοῐο.</strong></span> <span class='ocrx_word' id='word_1_220' title='bbox 899 3836 944 3902; x_wconf 86' lang='lat' dir='ltr'>Et</span> <span class='ocrx_word' id='word_1_221' title='bbox 966 3833 1012 3903; x_wconf 91' lang='lat' dir='ltr'>ab</span> <span class='ocrx_word' id='word_1_222' title='bbox 1036 3833 1118 3902; x_wconf 90' lang='lat' dir='ltr'>inde</span> <span class='ocrx_word' id='word_1_223' title='bbox 1141 3833 1344 3901; x_wconf 88' lang='lat' dir='ltr'>revolvente</span> <span class='ocrx_word' id='word_1_224' title='bbox 1367 3832 1406 3899; x_wconf 92' lang='lat' dir='ltr'>iu</span> <span class='ocrx_word' id='word_1_225' title='bbox 1428 3837 1531 3920; x_wconf 88' lang='lat' dir='ltr'>parte</span> <span class='ocrx_word' id='word_1_226' title='bbox 1553 3831 1819 3916; x_wconf 88' lang='lat' dir='ltr'>septemtrionis</span> <span class='ocrx_word' id='word_1_227' title='bbox 1841 3832 1947 3903; x_wconf 83' lang='lat' dir='ltr'>iuxta</span> <span class='ocrx_word' id='word_1_228' title='bbox 1964 3833 2074 3901; x_wconf 83' lang='lat' dir='ltr'>linem</span> <span class='ocrx_word' id='word_1_229' title='bbox 2101 3853 2165 3902; x_wconf 90' lang='lat' dir='ltr'>su·</span> <span class='ocrx_word' id='word_1_230' title='bbox 2193 3933 2195 3938; x_wconf 23' lang='grc' dir='ltr'>Ι</span> 
     </span>
    </p>
   </div>
   <div class='ocr_carea' id='block_1_8' title="bbox 311 3985 2213 5763">
    <p class='ocr_par' dir='ltr' id='par_1_8' title="bbox 313 3985 2162 4398">
     <span class='ocr_line' id='line_1_20' title="bbox 313 3985 2162 4081; baseline -0.004 -21"><span class='ocrx_word' id='word_1_231' title='bbox 313 3989 469 4081; x_wconf 89' lang='lat' dir='ltr'>pradicti</span> <span class='ocrx_word' id='word_1_232' title='bbox 492 3991 608 4059; x_wconf 90' lang='lat' dir='ltr'>nostri</span> <span class='ocrx_word' id='word_1_233' title='bbox 632 3987 772 4076; x_wconf 90' lang='lat' dir='ltr'>palatii,</span> <span class='ocrx_word' id='word_1_234' title='bbox 797 3986 890 4056; x_wconf 89' lang='lat' dir='ltr'>sicut</span> <span class='ocrx_word' id='word_1_235' title='bbox 913 3988 1006 4074; x_wconf 91' lang='lat' dir='ltr'>sepis</span> <span class='ocrx_word' id='word_1_236' title='bbox 1028 3985 1220 4074; x_wconf 82' lang='lat' dir='ltr'>discernit,</span> <span class='ocrx_word' id='word_1_237' title='bbox 1245 4003 1370 4074; x_wconf 88' lang='lat' dir='ltr'>passus</span> <span class='ocrx_word' id='word_1_238' title='bbox 1393 3987 1575 4074; x_wconf 88' lang='lat' dir='ltr'>octoginta</span> <span class='ocrx_word' id='word_1_239' title='bbox 1598 3989 1687 4053; x_wconf 92' lang='lat' dir='ltr'>octo.</span> <span class='ocrx_word' id='word_1_240' title='bbox 1714 3988 1744 4053; x_wconf 86' lang='lat' dir='ltr'>A</span> <span class='ocrx_word' id='word_1_241' title='bbox 1767 3989 1868 4072; x_wconf 92' lang='lat' dir='ltr'>parte</span> <span class='ocrx_word' id='word_1_242' title='bbox 1891 3987 2162 4072; x_wconf 88' lang='lat' dir='ltr'>septemtrionis</span> 
     </span>
     <span class='ocr_line' id='line_1_21' title="bbox 314 4101 2162 4229; baseline -0.003 -14"><span class='ocrx_word' id='word_1_243' title='bbox 314 4143 592 4215; x_wconf 88' lang='lat' dir='ltr'>transcendente</span> <span class='ocrx_word' id='word_1_244' title='bbox 615 4140 822 4211; x_wconf 90' lang='lat' dir='ltr'>iamdictam</span> <span class='ocrx_word' id='word_1_245' title='bbox 846 4139 942 4210; x_wconf 87' lang='lat' dir='ltr'>viam</span> <span class='ocrx_word' id='word_1_246' title='bbox 965 4139 1133 4209; x_wconf 90' lang='lat' dir='ltr'>maiorem</span> <span class='ocrx_word' id='word_1_247' title='bbox 1156 4145 1193 4208; x_wconf 91' lang='lat' dir='ltr'>et</span> <span class='ocrx_word' id='word_1_248' title='bbox 1215 4101 1358 4208; x_wconf 83' lang='lat' dir='ltr'>abiente</span> <span class='ocrx_word' id='word_1_249' title='bbox 1380 4139 1420 4205; x_wconf 91' lang='lat' dir='ltr'>iu</span> <span class='ocrx_word' id='word_1_250' title='bbox 1443 4141 1545 4224; x_wconf 90' lang='lat' dir='ltr'>parte</span> <span class='ocrx_word' id='word_1_251' title='bbox 1568 4135 1762 4205; x_wconf 89' lang='lat' dir='ltr'>occidentis</span> <span class='ocrx_word' id='word_1_252' title='bbox 1777 4155 1841 4224; x_wconf 89' lang='lat' dir='ltr'>per</span> <span class='ocrx_word' id='word_1_253' title='bbox 1865 4103 2018 4209; x_wconf 85' lang='lat' dir='ltr'>mediam</span> <span class='ocrx_word' id='word_1_254' title='bbox 2042 4159 2162 4229; x_wconf 91' lang='lat' dir='ltr'>sepem</span> 
     </span>
     <span class='ocr_line' id='line_1_22' title="bbox 316 4257 2162 4398; baseline -0.002 -31"><span class='ocrx_word' id='word_1_255' title='bbox 316 4303 353 4398; x_wconf 83' lang='lat' dir='ltr'>et</span> <span class='ocrx_word' id='word_1_256' title='bbox 377 4299 547 4366; x_wconf 89' lang='lat' dir='ltr'>lossatum</span> <span class='ocrx_word' id='word_1_257' title='bbox 571 4257 750 4383; x_wconf 89' lang='lat' dir='ltr'>usquead</span> <span class='ocrx_word' id='word_1_258' title='bbox 774 4292 1017 4380; x_wconf 90' lang='lat' dir='ltr'>supradictum</span> <span class='ocrx_word' id='word_1_259' title='bbox 1041 4293 1185 4361; x_wconf 85' lang='lat' dir='ltr'>fluvium</span> <span class='ocrx_word' id='word_1_260' title='bbox 1210 4295 1295 4360; x_wconf 89' lang='lat' dir='ltr'>sunt</span> <span class='ocrx_word' id='word_1_261' title='bbox 1318 4310 1443 4379; x_wconf 86' lang='lat' dir='ltr'>passus</span> <span class='ocrx_word' id='word_1_262' title='bbox 1466 4301 1607 4361; x_wconf 89' lang='lat' dir='ltr'>centum</span> <span class='ocrx_word' id='word_1_263' title='bbox 1622 4293 1900 4382; x_wconf 81' lang='lat' dir='ltr'>quinquaginta:</span> <span class='ocrx_word' id='word_1_264' title='bbox 1918 4294 1961 4364; x_wconf 92' lang='lat' dir='ltr'>de</span> <span class='ocrx_word' id='word_1_265' title='bbox 1977 4295 2062 4365; x_wconf 90' lang='lat' dir='ltr'>aliis</span> <span class='ocrx_word' id='word_1_266' title='bbox 2076 4313 2162 4364; x_wconf 88' lang='lat' dir='ltr'>vero</span> 
     </span>
    </p>

    <p class='ocr_par' dir='ltr' id='par_1_9' title="bbox 311 4403 2213 5763">
     <span class='ocr_line' id='line_1_23' title="bbox 314 4403 2213 4538; baseline -0.001 -18"><span class='ocrx_word' id='word_1_267' title='bbox 314 4452 478 4538; x_wconf 87' lang='lat' dir='ltr'>partibus</span> <span class='ocrx_word' id='word_1_268' title='bbox 502 4448 588 4535; x_wconf 85' lang='lat' dir='ltr'>tine,</span> <span class='ocrx_word' id='word_1_269' title='bbox 603 4450 699 4514; x_wconf 90' lang='lat' dir='ltr'>sicut</span> <span class='ocrx_word' id='word_1_270' title='bbox 721 4444 879 4514; x_wconf 89' lang='lat' dir='ltr'>decurrit</span> <span class='ocrx_word' id='word_1_271' title='bbox 902 4463 996 4531; x_wconf 90' lang='lat' dir='ltr'>aqua</span> <span class='ocrx_word' id='word_1_272' title='bbox 1018 4444 1193 4532; x_wconf 88' lang='lat' dir='ltr'>praedicti</span> <span class='ocrx_word' id='word_1_273' title='bbox 1217 4443 1385 4511; x_wconf 88' lang='lat' dir='ltr'>fluminis.</span> <span class='ocrx_word' id='word_1_274' title='bbox 1409 4445 1484 4512; x_wconf 87' lang='lat' dir='ltr'>Hae</span> <span class='ocrx_word' id='word_1_275' title='bbox 1507 4449 1628 4513; x_wconf 89' lang='lat' dir='ltr'>autem</span> <span class='ocrx_word' id='word_1_276' title='bbox 1655 4445 1858 4532; x_wconf 87' lang='lat' dir='ltr'>supradicte</span> <span class='ocrx_word' id='word_1_277' title='bbox 1885 4465 2051 4517; x_wconf 88' lang='lat' dir='ltr'>mensure</span> <span class='ocrx_word' id='word_1_278' title='bbox 2068 4449 2162 4518; x_wconf 90' lang='lat' dir='ltr'>iusto</span> <span class='ocrx_word' id='word_1_279' title='bbox 2207 4403 2213 4414; x_wconf 21' lang='grc' dir='ltr'>ι</span> 
     </span>
     <span class='ocr_line' id='line_1_24' title="bbox 313 4599 2159 4722; baseline -0.002 -47"><span class='ocrx_word' id='word_1_280' title='bbox 313 4623 421 4694; x_wconf 86' lang='lat' dir='ltr'>passu</span> <span class='ocrx_word' id='word_1_281' title='bbox 443 4603 598 4672; x_wconf 90' lang='lat' dir='ltr'>hominis</span> <span class='ocrx_word' id='word_1_282' title='bbox 622 4605 827 4668; x_wconf 89' lang='lat' dir='ltr'>mensurate</span> <span class='ocrx_word' id='word_1_283' title='bbox 850 4602 948 4668; x_wconf 88' lang='lat' dir='ltr'>sunt.</span> <span class='ocrx_word' id='word_1_284' title='bbox 987 4599 1060 4666; x_wconf 86' lang='lat' dir='ltr'>lias</span> <span class='ocrx_word' id='word_1_285' title='bbox 1086 4615 1209 4667; x_wconf 89' lang='lat' dir='ltr'>omnes</span> <span class='ocrx_word' id='word_1_286' title='bbox 1232 4599 1453 4722; x_wconf 83' lang='lat' dir='ltr'>supradictas</span> <span class='ocrx_word' id='word_1_287' title='bbox 1477 4619 1533 4669; x_wconf 89' lang='lat' dir='ltr'>res</span> <span class='ocrx_word' id='word_1_288' title='bbox 1557 4619 1637 4667; x_wconf 91' lang='lat' dir='ltr'>cum</span> <span class='ocrx_word' id='word_1_289' title='bbox 1661 4600 1822 4688; x_wconf 88' lang='lat' dir='ltr'>predicta</span> <span class='ocrx_word' id='word_1_290' title='bbox 1844 4604 2020 4672; x_wconf 87' lang='lat' dir='ltr'>aeeclesia</span> <span class='ocrx_word' id='word_1_291' title='bbox 2041 4605 2159 4674; x_wconf 89' lang='lat' dir='ltr'>sancti</span> 
     </span>
     <span class='ocr_line' id='line_1_25' title="bbox 311 4749 2159 4845; baseline -0.001 -17"><span class='ocrx_word' id='word_1_292' title='bbox 311 4755 535 4845; x_wconf 80' lang='lat' dir='ltr'>archangeli,</span> <span class='ocrx_word' id='word_1_293' title='bbox 559 4775 639 4824; x_wconf 89' lang='lat' dir='ltr'>eum</span> <span class='ocrx_word' id='word_1_294' title='bbox 664 4756 757 4823; x_wconf 89' lang='lat' dir='ltr'>casis</span> <span class='ocrx_word' id='word_1_295' title='bbox 779 4757 816 4822; x_wconf 90' lang='lat' dir='ltr'>et</span> <span class='ocrx_word' id='word_1_296' title='bbox 833 4749 945 4837; x_wconf 88' lang='lat' dir='ltr'>cellis,</span> <span class='ocrx_word' id='word_1_297' title='bbox 962 4753 1094 4820; x_wconf 89' lang='lat' dir='ltr'>etcum</span> <span class='ocrx_word' id='word_1_298' title='bbox 1117 4751 1212 4820; x_wconf 91' lang='lat' dir='ltr'>omni</span> <span class='ocrx_word' id='word_1_299' title='bbox 1236 4754 1358 4821; x_wconf 92' lang='lat' dir='ltr'>ordine</span> <span class='ocrx_word' id='word_1_300' title='bbox 1382 4759 1418 4822; x_wconf 89' lang='lat' dir='ltr'>et</span> <span class='ocrx_word' id='word_1_301' title='bbox 1439 4754 1659 4841; x_wconf 90' lang='lat' dir='ltr'>pertinentia</span> <span class='ocrx_word' id='word_1_302' title='bbox 1682 4755 1792 4842; x_wconf 89' lang='lat' dir='ltr'>ipsius</span> <span class='ocrx_word' id='word_1_303' title='bbox 1815 4757 2001 4844; x_wconf 87' lang='lat' dir='ltr'>ecclesiae,</span> <span class='ocrx_word' id='word_1_304' title='bbox 2018 4762 2052 4826; x_wconf 93' lang='lat' dir='ltr'>et</span> <span class='ocrx_word' id='word_1_305' title='bbox 2076 4777 2159 4826; x_wconf 88' lang='lat' dir='ltr'>cum</span> 
     </span>
     <span class='ocr_line' id='line_1_26' title="bbox 318 4904 2162 4995; baseline -0.001 -13"><span class='ocrx_word' id='word_1_306' title='bbox 318 4911 481 4982; x_wconf 90' lang='lat' dir='ltr'>omnibus</span> <span class='ocrx_word' id='word_1_307' title='bbox 505 4909 600 4979; x_wconf 80' lang='lat' dir='ltr'>inira</span> <span class='ocrx_word' id='word_1_308' title='bbox 622 4928 660 4978; x_wconf 91' lang='lat' dir='ltr'>se</span> <span class='ocrx_word' id='word_1_309' title='bbox 683 4906 897 4977; x_wconf 88' lang='lat' dir='ltr'>habentibus</span> <span class='ocrx_word' id='word_1_310' title='bbox 919 4911 955 4974; x_wconf 91' lang='lat' dir='ltr'>et</span> <span class='ocrx_word' id='word_1_311' title='bbox 977 4905 1051 4974; x_wconf 89' lang='lat' dir='ltr'>suis</span> <span class='ocrx_word' id='word_1_312' title='bbox 1073 4904 1316 4994; x_wconf 68' lang='lat' dir='ltr'>pertinentiis</span> <span class='ocrx_word' id='word_1_313' title='bbox 1340 4905 1495 4994; x_wconf 89' lang='lat' dir='ltr'>qualiter</span> <span class='ocrx_word' id='word_1_314' title='bbox 1518 4925 1580 4995; x_wconf 91' lang='lat' dir='ltr'>per</span> <span class='ocrx_word' id='word_1_315' title='bbox 1604 4909 1699 4995; x_wconf 87' lang='lat' dir='ltr'>ipsas</span> <span class='ocrx_word' id='word_1_316' title='bbox 1722 4908 1811 4978; x_wconf 86' lang='lat' dir='ltr'>lines</span> <span class='ocrx_word' id='word_1_317' title='bbox 1833 4913 1870 4978; x_wconf 91' lang='lat' dir='ltr'>et</span> <span class='ocrx_word' id='word_1_318' title='bbox 1885 4929 2071 4981; x_wconf 88' lang='lat' dir='ltr'>mensuras</span> <span class='ocrx_word' id='word_1_319' title='bbox 2088 4915 2162 4981; x_wconf 86' lang='lat' dir='ltr'>cir·</span> 
     </span>
     <span class='ocr_line' id='line_1_27' title="bbox 312 5059 2161 5152; baseline -0.001 -16"><span class='ocrx_word' id='word_1_320' title='bbox 312 5067 479 5136; x_wconf 88' lang='lat' dir='ltr'>cnmdala</span> <span class='ocrx_word' id='word_1_321' title='bbox 502 5069 571 5152; x_wconf 89' lang='lat' dir='ltr'>est,</span> <span class='ocrx_word' id='word_1_322' title='bbox 594 5069 631 5132; x_wconf 90' lang='lat' dir='ltr'>et</span> <span class='ocrx_word' id='word_1_323' title='bbox 654 5081 734 5130; x_wconf 92' lang='lat' dir='ltr'>cum</span> <span class='ocrx_word' id='word_1_324' title='bbox 760 5063 835 5130; x_wconf 88' lang='lat' dir='ltr'>vice</span> <span class='ocrx_word' id='word_1_325' title='bbox 859 5062 902 5130; x_wconf 92' lang='lat' dir='ltr'>de</span> <span class='ocrx_word' id='word_1_326' title='bbox 925 5060 995 5128; x_wconf 91' lang='lat' dir='ltr'>viis</span> <span class='ocrx_word' id='word_1_327' title='bbox 1020 5059 1108 5147; x_wconf 89' lang='lat' dir='ltr'>suis,</span> <span class='ocrx_word' id='word_1_328' title='bbox 1133 5059 1227 5128; x_wconf 89' lang='lat' dir='ltr'>sicut</span> <span class='ocrx_word' id='word_1_329' title='bbox 1251 5061 1494 5147; x_wconf 89' lang='lat' dir='ltr'>supradictum</span> <span class='ocrx_word' id='word_1_330' title='bbox 1526 5065 1593 5147; x_wconf 89' lang='lat' dir='ltr'>est,</span> <span class='ocrx_word' id='word_1_331' title='bbox 1616 5059 1774 5148; x_wconf 91' lang='lat' dir='ltr'>predicto</span> <span class='ocrx_word' id='word_1_332' title='bbox 1797 5063 2012 5132; x_wconf 88' lang='lat' dir='ltr'>monasterio</span> <span class='ocrx_word' id='word_1_333' title='bbox 2035 5071 2161 5134; x_wconf 89' lang='lat' dir='ltr'>sancte</span> 
     </span>
     <span class='ocr_line' id='line_1_28' title="bbox 314 5211 2160 5303; baseline -0.004 -11"><span class='ocrx_word' id='word_1_334' title='bbox 314 5217 491 5292; x_wconf 86' lang='lat' dir='ltr'>trinitatis</span> <span class='ocrx_word' id='word_1_335' title='bbox 513 5215 748 5302; x_wconf 89' lang='lat' dir='ltr'>concedimus,</span> <span class='ocrx_word' id='word_1_336' title='bbox 773 5218 821 5298; x_wconf 78' lang='lat' dir='ltr'>ut</span> <span class='ocrx_word' id='word_1_337' title='bbox 835 5212 960 5282; x_wconf 90' lang='lat' dir='ltr'>amodo</span> <span class='ocrx_word' id='word_1_338' title='bbox 982 5217 1019 5282; x_wconf 92' lang='lat' dir='ltr'>et</span> <span class='ocrx_word' id='word_1_339' title='bbox 1042 5211 1210 5300; x_wconf 91' lang='lat' dir='ltr'>deinceps</span> <span class='ocrx_word' id='word_1_340' title='bbox 1233 5232 1296 5300; x_wconf 90' lang='lat' dir='ltr'>per</span> <span class='ocrx_word' id='word_1_341' title='bbox 1321 5215 1416 5280; x_wconf 92' lang='lat' dir='ltr'>hunc</span> <span class='ocrx_word' id='word_1_342' title='bbox 1439 5220 1600 5282; x_wconf 87' lang='lat' dir='ltr'>nostrum</span> <span class='ocrx_word' id='word_1_343' title='bbox 1625 5216 1811 5283; x_wconf 87' lang='lat' dir='ltr'>roboreum</span> <span class='ocrx_word' id='word_1_344' title='bbox 1844 5222 2049 5303; x_wconf 85' lang='lat' dir='ltr'>preceptum</span> <span class='ocrx_word' id='word_1_345' title='bbox 2073 5235 2160 5285; x_wconf 91' lang='lat' dir='ltr'>cun·</span> 
     </span>
     <span class='ocr_line' id='line_1_29' title="bbox 311 5363 2163 5456; baseline 0 -18"><span class='ocrx_word' id='word_1_346' title='bbox 311 5372 408 5438; x_wconf 88' lang='lat' dir='ltr'>ctam</span> <span class='ocrx_word' id='word_1_347' title='bbox 430 5367 675 5456; x_wconf 88' lang='lat' dir='ltr'>supradictam</span> <span class='ocrx_word' id='word_1_348' title='bbox 699 5369 857 5440; x_wconf 80' lang='lat' dir='ltr'>nostram</span> <span class='ocrx_word' id='word_1_349' title='bbox 881 5363 1143 5433; x_wconf 88' lang='lat' dir='ltr'>concessionem</span> <span class='ocrx_word' id='word_1_350' title='bbox 1168 5364 1349 5450; x_wconf 89' lang='lat' dir='ltr'>predictus</span> <span class='ocrx_word' id='word_1_351' title='bbox 1372 5367 1521 5438; x_wconf 89' lang='lat' dir='ltr'>domnus</span> <span class='ocrx_word' id='word_1_352' title='bbox 1544 5369 1739 5437; x_wconf 85' lang='lat' dir='ltr'>adelferius</span> <span class='ocrx_word' id='word_1_353' title='bbox 1772 5370 1883 5438; x_wconf 90' lang='lat' dir='ltr'>abbas</span> <span class='ocrx_word' id='word_1_354' title='bbox 1912 5369 2060 5456; x_wconf 89' lang='lat' dir='ltr'>eiusque</span> <span class='ocrx_word' id='word_1_355' title='bbox 2083 5387 2163 5438; x_wconf 89' lang='lat' dir='ltr'>suc-</span> 
     </span>
     <span class='ocr_line' id='line_1_30' title="bbox 313 5516 2161 5609; baseline 0 -19"><span class='ocrx_word' id='word_1_356' title='bbox 313 5539 468 5592; x_wconf 88' lang='lat' dir='ltr'>cessores</span> <span class='ocrx_word' id='word_1_357' title='bbox 490 5523 649 5590; x_wconf 90' lang='lat' dir='ltr'>habeant</span> <span class='ocrx_word' id='word_1_358' title='bbox 672 5525 707 5588; x_wconf 91' lang='lat' dir='ltr'>et</span> <span class='ocrx_word' id='word_1_359' title='bbox 729 5519 945 5605; x_wconf 91' lang='lat' dir='ltr'>possideant,</span> <span class='ocrx_word' id='word_1_360' title='bbox 969 5521 1005 5586; x_wconf 90' lang='lat' dir='ltr'>et</span> <span class='ocrx_word' id='word_1_361' title='bbox 1027 5516 1199 5604; x_wconf 82' lang='lat' dir='ltr'>frudient,</span> <span class='ocrx_word' id='word_1_362' title='bbox 1222 5527 1260 5587; x_wconf 92' lang='lat' dir='ltr'>et</span> <span class='ocrx_word' id='word_1_363' title='bbox 1281 5519 1324 5588; x_wconf 89' lang='lat' dir='ltr'>de</span> <span class='ocrx_word' id='word_1_364' title='bbox 1349 5516 1435 5605; x_wconf 82' lang='lat' dir='ltr'>ipsis</span> <span class='ocrx_word' id='word_1_365' title='bbox 1458 5517 1587 5589; x_wconf 86' lang='lat' dir='ltr'>frudiis</span> <span class='ocrx_word' id='word_1_366' title='bbox 1609 5520 1746 5589; x_wconf 85' lang='lat' dir='ltr'>faciant</span> <span class='ocrx_word' id='word_1_367' title='bbox 1770 5523 1892 5591; x_wconf 88' lang='lat' dir='ltr'>omnia</span> <span class='ocrx_word' id='word_1_368' title='bbox 1924 5541 2016 5609; x_wconf 90' lang='lat' dir='ltr'>quae</span> <span class='ocrx_word' id='word_1_369' title='bbox 2042 5521 2161 5591; x_wconf 91' lang='lat' dir='ltr'>volue-</span> 
     </span>
     <span class='ocr_line' id='line_1_31' title="bbox 312 5665 2164 5763; baseline 0.002 -20"><span class='ocrx_word' id='word_1_370' title='bbox 312 5675 413 5762; x_wconf 88' lang='lat' dir='ltr'>rint,</span> <span class='ocrx_word' id='word_1_371' title='bbox 437 5677 571 5762; x_wconf 87' lang='lat' dir='ltr'>absque</span> <span class='ocrx_word' id='word_1_372' title='bbox 594 5673 689 5740; x_wconf 92' lang='lat' dir='ltr'>omni</span> <span class='ocrx_word' id='word_1_373' title='bbox 714 5677 838 5740; x_wconf 89' lang='lat' dir='ltr'>nostra</span> <span class='ocrx_word' id='word_1_374' title='bbox 862 5673 1051 5756; x_wconf 88' lang='lat' dir='ltr'>nostreque</span> <span class='ocrx_word' id='word_1_375' title='bbox 1075 5669 1296 5757; x_wconf 89' lang='lat' dir='ltr'>reipublicae</span> <span class='ocrx_word' id='word_1_376' title='bbox 1319 5677 1585 5744; x_wconf 89' lang='lat' dir='ltr'>contrarietate.</span> <span class='ocrx_word' id='word_1_377' title='bbox 1610 5676 1657 5743; x_wconf 87' lang='lat' dir='ltr'>Et</span> <span class='ocrx_word' id='word_1_378' title='bbox 1679 5693 1796 5763; x_wconf 92' lang='lat' dir='ltr'>neque</span> <span class='ocrx_word' id='word_1_379' title='bbox 1820 5695 1842 5745; x_wconf 92' lang='lat' dir='ltr'>a</span> <span class='ocrx_word' id='word_1_380' title='bbox 1866 5679 1999 5746; x_wconf 89' lang='lat' dir='ltr'>nostris</span> <span class='ocrx_word' id='word_1_381' title='bbox 2034 5665 2164 5746; x_wconf 89' lang='lat' dir='ltr'>iudici·</span> 
     </span>
    </p>
   </div>
   <div class='ocr_carea' id='block_1_9' title="bbox 313 5822 2169 5916">
    <p class='ocr_par' dir='ltr' id='par_1_10' title="bbox 313 5822 2169 5916">
     <span class='ocr_line' id='line_1_32' title="bbox 313 5822 2169 5916; baseline 0.002 -22"><span class='ocrx_word' id='word_1_382' title='bbox 313 5828 403 5916; x_wconf 88' lang='lat' dir='ltr'>bus,</span> <span class='ocrx_word' id='word_1_383' title='bbox 426 5827 626 5913; x_wconf 89' lang='lat' dir='ltr'>comitibus,</span> <span class='ocrx_word' id='word_1_384' title='bbox 658 5822 861 5911; x_wconf 88' lang='lat' dir='ltr'>castaldeis,</span> <span class='ocrx_word' id='word_1_385' title='bbox 886 5823 939 5892; x_wconf 92' lang='lat' dir='ltr'>vel</span> <span class='ocrx_word' id='word_1_386' title='bbox 963 5842 986 5892; x_wconf 91' lang='lat' dir='ltr'>a</span> <span class='ocrx_word' id='word_1_387' title='bbox 1009 5823 1289 5910; x_wconf 90' lang='lat' dir='ltr'>quibuscumque</span> <span class='ocrx_word' id='word_1_388' title='bbox 1312 5824 1527 5912; x_wconf 85' lang='lat' dir='ltr'>agentibus,</span> <span class='ocrx_word' id='word_1_389' title='bbox 1552 5826 1741 5914; x_wconf 89' lang='lat' dir='ltr'>patiantur</span> <span class='ocrx_word' id='word_1_390' title='bbox 1764 5827 1924 5914; x_wconf 88' lang='lat' dir='ltr'>aliquam</span> <span class='ocrx_word' id='word_1_391' title='bbox 1948 5829 2169 5899; x_wconf 88' lang='lat' dir='ltr'>molestatio·</span> 
     </span>
    </p>
   </div>
   <div class='ocr_carea' id='block_1_10' title="bbox 0 0 2709 7088">
    <p class='ocr_par' dir='ltr' id='par_1_11' title="bbox 0 0 2709 7088">
     <span class='ocr_line' id='line_1_33' title="bbox 0 0 2709 7088; baseline 0 0"><span class='ocrx_word' id='word_1_392' title='bbox 0 0 2709 7088; x_wconf 95' lang='lat' dir='ltr'> </span> 
     </span>
    </p>
   </div>
  </div>
 </body>
</html>
