5408 7108
899 479 903 486 ’
988 474 1402 556 urrnouarrcus
1740 565 1743 574 .
2014 459 2092 588 nor

283 724 379 793 sicut
403 719 545 790 illorum
569 715 709 786 cartule
732 713 919 808 continent
941 729 1011 800 que
1033 711 1164 797 scripte
1187 710 1272 816 sunt
1289 669 1357 796 vper
1381 683 1568 812 iaquintus
1591 699 1765 788 notarius,
1793 699 1958 770 roborate
1980 715 2044 785 per
2082 697 2138 786 ip·
2157 709 2161 719 ‘
2186 668 2189 674 ⁵

211 923 216 932 -
286 868 673 960 sumragemprandus
695 867 807 936 iudex
828 869 865 935 et
886 865 993 954 aliis,
1017 867 1054 933 ct
1088 865 1310 933 remanserat
1342 877 1466 928 eorum
1501 859 1596 928 iuter
1626 857 1755 962 illalet
1792 853 1857 924 illa
1891 821 2138 964 venditionem

280 1023 469 1110 aliquanta
492 1019 700 1106 terricella,
724 1022 760 1087 et
782 1019 876 1086 sicut
899 1033 1099 1104 congruum
1122 1015 1242 1082 fuerat
1264 1013 1376 1100 ipsius
1399 1009 1521 1100 gisulfi
1534 1060 1545 1097 ,
1568 1029 1634 1081 sua
1658 1013 1750 1080 bona
1773 1008 1959 1078 boluntatc
1983 1025 2047 1096 por
2081 1024 2142 1077 ea·

283 1173 363 1244 dem
385 1171 560 1242 cartulam
584 1176 668 1240 ante
690 1169 828 1238 idoneis
850 1168 1058 1236 hominibus
1082 1165 1213 1236 donabi
1241 1165 1356 1250 adque
1379 1163 1425 1232 ad
1455 1182 1590 1250 semper
1617 1161 1794 1232 ebandum
1818 1161 2027 1231 confirmabi
2047 1162 2141 1248 ipso·

236 1339 238 1342 ·
282 1342 364 1394 rum
390 1321 559 1392 iamdicto
581 1321 890 1391 arechisiabbate
913 1323 949 1388 et
972 1317 1129 1405 predicto
1152 1317 1296 1386 arnandi
1327 1317 1404 1402 ipsa
1437 1314 1616 1385 torricella
1637 1335 1706 1402 que
1729 1315 1762 1380 ei
1786 1321 2011 1384 remanserat
2040 1317 2136 1384 inter

282 1475 349 1546 illa
372 1478 408 1543 et
432 1471 497 1541 illa
519 1489 642 1542 eorum
666 1459 867 1558 paratione,
890 1473 927 1539 et
950 1469 1086 1538 nullam
1111 1470 1145 1538 ei
1169 1468 1300 1537 ibidem
1324 1471 1560 1556 remanserat,
1579 1473 1632 1537 set
1655 1469 1817 1554 funditus
1841 1468 1922 1537 illut
1943 1486 2067 1536 eorum
2081 1468 2142 1536 do·

173 1667 176 1672 -
284 1628 448 1712 naberat,
473 1625 566 1692 sicut
590 1625 668 1712 ipsa
691 1623 835 1694 cartula
858 1591 1018 1692 continet
1043 1641 1111 1709 que
1133 1623 1267 1710 scripta
1289 1625 1343 1690 est
1365 1640 1429 1708 per
1453 1625 1569 1708 ipsum
1594 1620 1781 1708 iaquintus
1803 1622 1989 1708 notarius,
2012 1625 2048 1689 et
2072 1622 2141 1690 ibi-

282 1781 362 1851 dem
387 1779 516 1866 scripti
540 1778 700 1858 ademari
724 1778 889 1847 notarius
911 1781 947 1845 et
970 1777 1114 1849 alfanus
1137 1773 1313 1844 notarius.
1339 1773 1461 1843 Tertia
1484 1771 1627 1841 cartula
1650 1778 1704 1840 est
1724 1774 1927 1840 continens:
1955 1774 2136 1842 tricesimo

224 1953 227 1960 ⁴
258 1885 261 1890 v
283 1934 437 2000 hoctabo
462 1948 558 2000 anno
580 1930 805 2017 principatus
824 1929 949 1998 domni
974 1929 1089 2010 nostri
1111 1925 1308 2016 guaimarii
1325 1925 1361 1992 et
1376 1941 1470 1990 nono
1492 1940 1587 1992 anno
1610 1924 1730 1992 domni
1754 1926 1950 2010 guaimarii
1966 1928 2043 1994 eius
2059 1927 2143 2017 filii,

283 2083 433 2174 gloriosi
457 2084 707 2172 principibus,
731 2100 852 2151 mense
875 2047 1080 2160 nobemben
1105 2079 1243 2150 decima
1268 2078 1488 2165 indictione,
1512 2077 1647 2164 scripta
1678 2080 1820 2150 cartula
1849 2079 2006 2180 ipsaper
2023 2081 2139 2168 ipsum

287 2240 481 2326 iaquintus
505 2199 670 2306 notarius
693 2241 730 2305 et
752 2213 883 2305 ibidem
907 2235 1032 2322 scripti
1056 2213 1172 2321 ipsum
1194 2199 1358 2303 ¹ademari
1382 2236 1545 2304 notarius
1559 2239 1595 2304 et
1610 2235 1753 2304 alfanus
1776 2191 1953 2306 notarius.
1978 2240 2064 2342 Cum
2081 2258 2144 2308 au-

162 2459 168 2469 ,
287 2385 359 2460 tem
385 2389 525 2460 cartule
550 2389 624 2476 ipse
648 2389 795 2457 fuerunt
823 2387 938 2473 lecte;
962 2405 1161 2474 congruum
1190 2369 1363 2456 est'mihi
1393 2386 1454 2474 qui
1486 2369 1596 2475 supra
1625 2388 1775 2457 iohanni
1805 2393 1880 2490 tota
1903 2393 1941 2458 et
1964 2390 2144 2486 integram

250 2513 252 2518 ,
287 2544 404 2630 ipsam
428 2547 527 2614 terra
551 2560 630 2609 cum
655 2558 739 2611 casa
760 2540 894 2608 fabrita
917 2540 1204 2609 commutationis
1226 2541 1376 2609 hordine
1398 2541 1504 2628 dare;
1528 2545 1565 2612 et
1589 2543 1678 2630 ideo,
1704 2543 1798 2610 sicut
1815 2544 1911 2612 -mihi
1942 2559 2139 2632 congruum

286 2701 353 2782 est,
378 2700 471 2768 bona
493 2715 573 2766 mea
597 2696 780 2765 boluntate
803 2714 867 2781 per
890 2699 986 2765 hanc
1009 2694 1187 2765 cartulam
1209 2699 1294 2766 ante
1318 2697 1502 2782 presentia
1527 2697 1636 2764 amati
1670 2695 1780 2764 iudici
1804 2697 1952 2765 missum
1978 2697 2147 2794 supradi-
2193 2663 2199 2674 ’

287 2854 426 2918 ciorum
451 2848 686 2935 gloriosorum
710 2846 912 2934 principum
935 2850 971 2915 et
993 2845 1106 2932 ducis,
1129 2865 1237 2932 quern
1260 2847 1354 2915 inter
1379 2865 1443 2915 nos
1466 2849 1603 2916 direxit
1626 2848 1828 2935 assandum,
1854 2849 2146 2918 commutationis

293 2999 445 3069 hordine
470 2959 602 3069 tradidi
626 2997 701 3066 tivi'
716 2998 844 3066 domno
868 2997 1036 3069 iohannis
1058 2998 1253 3067 venerabili
1286 3001 1408 3084 abbati
1439 3000 1646 3070 monasterii
1672 3005 1794 3070 sancte
1818 3003 1915 3090 sude,
1940 3003 2034 3088 quod
2059 3020 2141 3071 con-

287 3157 465 3230 structum
490 3157 544 3222 est
568 3154 667 3220 intus
690 3153 787 3220 hanc
811 3151 1009 3238 predictam
1032 3130 1227 3236 civitatem,
1253 3149 1378 3220 inclita
1402 3150 1479 3238 ipsa
1500 3145 1600 3250 terra
1617 3172 1696 3219 cum
1715 3172 1804 3237 ¹casa
1820 3155 1966 3241 fabrita,
1985 3135 2144 3242 qualiter
2208 3113 2210 3118 Ι

289 3305 378 3373 mihi
403 3306 562 3392 predicto
585 3306 736 3374 iohanni
760 3311 813 3374 est
836 3307 1021 3392 pertinens
1044 3322 1107 3390 per
1130 3302 1372 3389 supradictam
1394 3301 1583 3389 cartulam,
1602 3303 1667 3371 tivi
1691 3303 1820 3372 domno
1843 3305 1991 3374 iohanni
2009 3308 2146 3378 abbate

263 3431 369 3527 'dedi
392 3462 427 3527 ct
450 3457 583 3534 tradidi
606 3459 897 3526 commutationis
927 3457 1078 3528 hordine
1108 3474 1173 3544 pro
1201 3439 1303 3543 parte
1332 3456 1445 3542 ipsius
1475 3457 1684 3528 monasterii
1715 3461 1819 3527 sante
1848 3461 1961 3548 „sunm
1987 3460 2146 3547 qualiter

268 3607 368 3699 'ipsa
391 3629 475 3680 casa
498 3611 662 3679 conciata
686 3615 725 3688 et
745 3610 913 3680 edificata
936 3615 989 3679 est
1011 3629 1091 3679 cum
1114 3609 1234 3680 omnia
1259 3611 1357 3679 intra
1381 3613 1582 3680 scabentes
1605 3614 1840 3698 omnibusque
1861 3615 1936 3680 suis
1957 3607 2143 3698 pertinen·

289 3763 350 3832 tiis
372 3769 409 3832 et
431 3781 512 3831 curn
535 3763 611 3832 rice
633 3763 676 3832 de
700 3766 761 3832 via
784 3782 850 3834 sua
873 3782 938 3852 pro
955 3770 1057 3852 parte
1080 3765 1276 3852 supradicti
1303 3767 1510 3835 monasterii
1534 3764 1600 3834 tivi
1617 3767 1760 3835 exdicto
1782 3767 1912 3835 domno
1928 3769 2050 3837 abbati
2067 3769 2148 3836 dedi

289 3925 324 3988 et
346 3919 495 4004 tradidi,
518 3919 563 3989 ad
587 3920 761 3988 securiter
785 3920 992 3988 e't'flrmiter
1015 3920 1141 3989 amodo
1163 3925 1198 3988 et
1221 3877 1450 4006 semperpro
1474 3935 1558 4006 pars
1584 3919 1698 4006 ipsius
1725 3921 1938 3989 monasterii
1964 3922 2041 4008 ipsa
2064 3941 2149 3993 casa
2219 3948 2222 3957 ·
2332 3933 2338 3948 ·

291 4072 469 4140 abendum
486 4077 522 4140 et
539 4071 801 4158 possidendum,
826 4080 862 4141 et
884 4075 1003 4142 omnia
1027 4070 1110 4140 inde
1132 4071 1338 4142 faciendum
1354 4092 1441 4161 pars
1464 4074 1616 4162 predicti
1643 4075 1853 4144 monasterii
1873 4076 1964 4162 quod
1981 4078 2148 4164 boluerit,
2264 4077 2267 4084 '

177 4211 179 4214 ’
294 4228 426 4312 absque
449 4244 529 4295 mea
553 4201 655 4295 etde
679 4229 768 4297 meis
793 4227 960 4296 eredibus
988 4230 1245 4298 contrarietate
1269 4229 1324 4296 vel
1349 4228 1596 4312 requisitione.
1623 4229 1669 4296 Et
1693 4248 1757 4316 pro
1780 4230 2049 4300 confirmatione
2067 4233 2150 4300 uius
2264 4207 2270 4219 ⁸

291 4385 583 4482 commutationis
606 4401 669 4470 per
693 4381 802 4452 aliam
825 4381 1000 4454 cartulam
1022 4381 1203 4452 tradidisti
1226 4381 1316 4448 mihi
1333 4384 1372 4449 tu
1386 4379 1568 4467 predictus
1582 4379 1732 4449 domnus
1750 4361 1861 4450 abbas
1876 4400 1940 4468 per
1955 4381 2149 4453 absolutio·

291 4555 373 4605 nem
398 4537 682 4624 supradictorum
706 4537 940 4624 gloriosorum
965 4537 1169 4623 principum
1193 4539 1230 4603 et
1253 4535 1354 4602 ducis
1378 4553 1486 4621 quam
1518 4539 1554 4604 et
1578 4535 1697 4630 dompi
1722 4535 1866 4622 paldolfi
1898 4537 2063 4624 germani
2089 4553 2149 4604 su-

293 4689 449 4774 pradicti
472 4689 592 4755 domni
618 4687 800 4792 guaimari
823 4688 999 4774 gloriosus
1021 4689 1184 4774 princeps
1207 4694 1243 4756 et
1265 4688 1352 4772 dux,
1388 4686 1492 4754 cuius
1526 4687 1685 4773 pertinet
1721 4687 1837 4774 ipsum
1872 4688 2148 4776 monasterium,
2266 4779 2271 4792 .

243 4831 247 4838 ’
292 4841 366 4911 alia
390 4845 586 4910 terrarum
604 4859 688 4910 casa
711 4841 845 4910 fabrita
864 4841 1103 4929 pertinentem
1120 4839 1325 4926 supradicto
1342 4838 1556 4908 monasterio
1573 4839 1670 4908 intus
1686 4840 1832 4908 exdicta
1856 4841 1950 4907 cives
1975 4859 1998 4909 a
2020 4803 2150 4907 subtus

293 4991 413 5078 platea
436 5009 505 5077 que
529 4991 626 5060 vadit
649 4991 694 5059 ad
718 4995 822 5078 porta
846 4991 973 5079 helini,
996 4992 1291 5062 anteecclesiam
1314 4995 1430 5062 sancti
1455 4993 1577 5081 angeli
1601 4996 1764 5063 subiecta
1789 4996 1900 5080 ipsius
1916 4996 2151 5082 monasterii,

293 5162 361 5230 que
385 5154 439 5214 est
464 5149 542 5232 ipsa
564 5149 662 5214 terra
685 5162 765 5213 cum
790 5163 874 5215 casa
897 5162 961 5231 per
984 5164 1024 5214 as
1047 5145 1136 5212 fines
1159 5149 1194 5214 et
1217 5163 1415 5216 mensuras:
1434 5147 1477 5216 de
1493 5167 1565 5217 una
1580 5151 1683 5234 parte
1701 5147 1772 5248 fluo
1794 5151 1894 5216 terra
1908 5151 1944 5215 et
1960 5146 2152 5216 curticella

294 5298 356 5366 ubi
372 5303 522 5386 puteum
539 5304 604 5386 est,
621 5301 658 5368 et
673 5303 726 5368 est
742 5301 821 5387 ipsa
836 5297 1024 5368 curticella
1039 5304 1075 5368 et
1091 5303 1238 5386 puteum
1255 5302 1475 5386 pertinentes
1489 5298 1625 5369 exdicti
1644 5299 1867 5386 monasterii,
1902 5302 1986 5368 abet
2010 5298 2144 5367 exinde

297 5448 454 5520 latitudo
478 5451 583 5552 pedes
607 5450 798 5538 quadtuor,
821 5455 857 5520 et
879 5451 1021 5554 datalia
1044 5457 1146 5538 parte
1168 5460 1222 5519 est
1244 5453 1314 5519 fine
1337 5407 1469 5537 andei,
1495 5469 1563 5536 que
1585 5455 1639 5518 est
1663 5453 1759 5518 inter
1777 5451 1845 5519 ista
1862 5425 1960 5519 terra
1982 5456 2018 5520 et
2040 5429 2151 5538 casa,

293 5609 330 5672 et
353 5579 449 5672 inter
473 5609 572 5672 terra
595 5609 631 5672 et
655 5621 735 5674 case
757 5603 801 5672 de
826 5603 947 5672 eredes
972 5605 1112 5673 iohanni
1137 5603 1272 5691 comiti,
1288 5604 1380 5673 abet
1404 5601 1486 5670 inde
1506 5602 1543 5668 in
1568 5602 1792 5689 longitudine
1808 5602 1913 5688 pedes
1932 5603 2062 5689 viginti
2074 5621 2146 5672 sex

295 5759 416 5825 minus
440 5759 545 5827 uncie
569 5757 758 5844 quadtuor.
785 5759 832 5826 De
856 5759 964 5826 tertia
988 5723 1088 5842 parte
1112 5757 1183 5825 tine
1206 5756 1279 5826 alia
1302 5763 1501 5825 terra-cum
1526 5755 1726 5842 curticella,
1751 5762 1786 5824 et
1812 5756 1900 5824 inde
1929 5758 2012 5826 abet
2046 5755 2150 5825 sirni-

342 5955 346 5962 ·
436 5941 509 5998 forr.
530 5951 568 5998 rr.
1083 5960 1088 5967 ·
1189 5971 1194 5982 ·
1663 6020 1665 6023 Ι
1972 5938 2006 5993 31
