5456 7096
1034 555 1435 630 DIPLOMATIGUS

1078 977 1080 982 ,
1110 923 1354 1008 GMLVI·

1093 1217 1152 1293 A·
1179 1216 1234 1292 D.
1262 1217 1396 1292 1040.

363 1444 400 1585 †
429 1497 469 1564 ln
492 1496 639 1567 nomine
662 1497 796 1566 domini
821 1499 1164 1570 vicesimosecundo
1188 1519 1283 1570 anno
1298 1503 1520 1590 principatus
1537 1503 1680 1574 salerno
1694 1505 1815 1576 domni
1838 1511 1950 1578 nostri
1974 1509 2172 1598 Guaimari,

319 1656 357 1722 et
378 1652 532 1722 secundo
553 1651 780 1739 principatus
802 1651 881 1721 eius
904 1671 1028 1740 capue,
1052 1657 1088 1722 et
1111 1653 1263 1721 secundo
1286 1656 1313 1736 ¹)
1336 1671 1432 1722 anno
1454 1654 1605 1724 ducatus
1638 1657 1716 1724 eius
1749 1656 1870 1726 amalfi
1905 1674 1968 1725 seu
2003 1661 2174 1748 surrenti,

321 1819 442 1872 mense
466 1803 668 1879 ianuarius‚
694 1805 843 1873 hoctaba
865 1803 1069 1873 indictione.
1095 1805 1240 1873 Declaro
1262 1821 1328 1890 ego
1362 1803 1536 1872 Iohannes
1569 1807 1678 1873 abbas
1712 1807 1927 1876 monasterio
1963 1809 2077 1878 sancti
2116 1829 2177 1880 ar·

321 1955 502 2042 changeii,
528 1956 591 2040 qui
614 1953 724 2022 situm
747 1954 862 2026 estin
885 1958 1007 2023 monte
1029 1955 1145 2024 coraci
1168 1955 1211 2030 de
1234 1955 1376 2041 cilento,
1400 1957 1466 2025 heo
1489 1956 1583 2043 quod
1606 1975 1667 2044 per
1683 1953 1950 2044 combe'nientia
1969 1979 2079 2030 unam
2096 1980 2176 2029 cum

325 2107 482 2178 alefanto
517 2108 728 2176 abbocatore
762 2105 919 2196 predicto
954 2108 1170 2176 monasterio
1204 2111 1289 2176 ante
1316 2106 1462 2192 ydoneis
1484 2108 1675 2194 subscripti
1706 2109 1911 2178 hominibus
1932 2111 2082 2181 tradidit
2106 2130 2178 2182 una
2276 2139 2278 2144 ’

324 2261 425 2348 pocla
449 2259 492 2330 de
513 2265 612 2329 terra
634 2260 677 2329 de
700 2262 807 2329 rebus
830 2259 988 2347 predicto
1012 2259 1228 2327 monasterio
1251 2279 1274 2328 a
1295 2277 1403 2345 super
1423 2235 1504 2344 ipsa
1528 2260 1589 2327 via
1612 2259 1716 2329 iuxta
1739 2279 1833 2348 aqua
1855 2261 1898 2330 de
1927 2262 2096 2331 sisinbrio
2131 2264 2178 2333 ad

324 2414 379 2482 leo
401 2411 497 2481 fliius
520 2413 696 2500 quondam
720 2411 938 2498 bisinianisi,
964 2413 1025 2479 ubi
1050 2413 1124 2498 ipse
1147 2417 1201 2479 ost
1222 2411 1451 2504 residentem,
1474 2419 1510 2480 et
1533 2413 1785 2499 pastinationis
1807 2413 1982 2501 hordine,
2007 2419 2091 2484 nato
2115 2435 2180 2485 na·
2267 2391 2270 2398 λ

325 2563 472 2650 sciente,
498 2569 538 2632 ut
562 2563 675 2632 licead
699 2565 813 2649 ipsum
837 2561 892 2630 leo
915 2562 1058 2648 suisque
1080 2561 1281 2649 heredibus,
1306 2567 1391 2631 nato
1415 2564 1611 2650 nasciente,
1635 2565 1665 2630 si
1690 2564 1843 2633 boluerit
1865 2539 1970 2651 super
1994 2565 2111 2651 ipsum
2128 2586 2182 2642 re·

327 2718 394 2784 bns
416 2717 586 2803 residere,
610 2714 795 2784 dominare
817 2716 936 2782 lovere
959 2713 1080 2802 binea,
1104 2732 1207 2800 poma
1230 2713 1357 2784 salices
1378 2717 1581 2804 pastinare,
1606 2719 1642 2784 et
1663 2716 1780 2784 omnis
1803 2735 1865 2784 sue
1894 2717 2065 2788 utilitatis
2091 2719 2185 2786 hibi·

339 2869 417 2939 dem
442 2868 574 2956 faeere,
597 2872 634 2937 et
658 2867 827 2955 quioquid
850 2868 976 2935 vinum
1001 2868 1055 2936 vel
1079 2867 1183 2954 fruge
1206 2869 1331 2936 amodo
1355 2888 1466 2957 usque
1490 2872 1528 2938 in
1545 2875 1677 2958 septem
1700 2853 1789 2938 anni
1807 2869 1889 2938 inde
1903 2869 2047 2957 exierit,
2071 2873 2185 2939 totum

276 3074 279 3080 .
328 3020 417 3090 illud
440 3024 517 3110 ipse
541 3023 594 3092 leo
616 3027 654 3092 et
677 3023 751 3092 suis
774 3015 937 3090 eredibus
960 3019 1098 3091 habead
1120 3022 1156 3089 et
1178 3020 1291 3090 licead
1314 3039 1385 3110 eos,
1410 3027 1494 3092 nato
1516 3024 1713 3109 nasciente,
1737 3023 1776 3088 in
1800 3023 1907 3090 rebus
1930 3021 2088 3108 predicto
2113 3040 2187 3092 mo·

329 3175 490 3244 nestorio
506 3173 657 3242 introire
673 3174 777 3244 iuxta
791 3175 943 3262 ratione,
960 3173 1105 3241 arbores
1121 3171 1202 3241 inde
1219 3173 1374 3243 incidere
1391 3193 1453 3261 pro
1465 3174 1674 3262 pedamento
1686 3180 1723 3243 et
1738 3173 1910 3244 clusoria.
1925 3179 2003 3260 post
2021 3175 2186 3262 completi

331 3326 399 3416 ipsi
436 3334 570 3414 septem
604 3319 719 3396 annos
757 3327 831 3413 ipse
867 3325 920 3393 leo
943 3325 1087 3410 suisque
1110 3325 1275 3393 eredibus
1298 3343 1362 3411 per
1384 3329 1556 3412 tempore,
1580 3328 1641 3395 ubi
1666 3329 1782 3413 ipsum
1805 3329 1927 3395 vinum
1953 3330 2006 3396 vel
2030 3327 2188 3413 quolivet

334 3483 439 3570 fruge
461 3482 505 3551 de
527 3484 634 3551 rebus
658 3483 735 3568 ipsa
754 3475 901 3566 exient,
924 3481 1095 3547 conbocet
1117 3495 1204 3565 pars
1228 3477 1386 3564 predicto
1410 3477 1625 3546 monasterio
1648 3479 1795 3565 eiusque
1814 3479 2011 3546 rectoribus
2044 3483 2081 3546 et
2096 3478 2189 3546 diui-

336 3635 426 3706 dant
448 3633 570 3701 uinum
594 3638 632 3702 et
654 3632 758 3720 fruge
780 3631 820 3699 in
842 3635 916 3698 tres
939 3634 1061 3699 sortes:
1089 3649 1162 3698 una
1185 3633 1298 3699 sortes
1321 3629 1422 3700 tollat
1445 3648 1530 3718 pars
1553 3631 1711 3718 predicto
1735 3631 1977 3717 monasterio,
2000 3629 2075 3716 ipso
2101 3631 2189 3697 iam·

333 3787 428 3856 dicto
452 3786 506 3854 leo
527 3755 566 3855 et
586 3787 730 3871 suisque
753 3783 944 3852 heredibus
965 3784 1123 3852 habeant
1146 3781 1230 3850 indo
1253 3782 1330 3870 ipse
1345 3782 1414 3851 due
1429 3787 1554 3869 sortes,
1570 3782 1616 3852 ad
1631 3782 1834 3851 laciendum
1851 3780 1934 3849 inde
1951 3780 2071 3849 omnia
2095 3778 2187 3866 quod

339 3956 463 4010 eorum
485 3939 677 4028 placuerit,
701 3935 836 4025 absquo
858 3935 954 4006 omni
977 3935 1234 4007 contrarietate
1256 3953 1335 4005 mea
1356 3933 1498 4021 meique
1524 3931 1790 4022 posterioribus;
1806 3935 1843 4002 et
1857 3931 2041 4002 amodoet
2056 3949 2191 4015 semper

337 4113 405 4184 ego
439 4093 665 4182 supradictus
698 4094 809 4164 abbas
842 4093 983 4177 meique
1018 4087 1281 4158 successoribus
1313 4090 1350 4155 et
1372 4104 1455 4172 pars
1476 4083 1631 4172 predicto
1656 4085 1871 4153 monasterio
1896 4082 2118 4152 defensemus
2143 4081 2190 4151 ad
2235 4081 2246 4104 ’

338 4251 453 4337 ipsum
480 4248 533 4317 leo
557 4252 593 4318 el
615 4247 660 4318 ad
684 4234 764 4317 eius
785 4245 975 4316 heredibus
997 4243 1132 4328 omnia,
1158 4240 1250 4328 quod
1274 4243 1312 4307 in
1337 4238 1415 4325 ipsa
1437 4240 1543 4307 rebus
1566 4236 1798 4306 hedificatum
1820 4237 1942 4324 fuerit,
1959 4234 2005 4306 da
2026 4232 2193 4305 omnibus

342 4401 547 4468 hominibus
569 4400 616 4468 ab
639 4397 806 4483 omnique
829 4397 1004 4483 partibus,
1031 4413 1110 4463 cum
1126 4393 1243 4460 omnis
1258 4391 1296 4459 in
1311 4409 1348 4459 se
1362 4391 1519 4474 habente
1535 4391 1573 4458 et
1589 4389 1666 4456 vice
1681 4387 1725 4457 de
1741 4388 1823 4474 viis3
1840 4407 1937 4474 nam,
1949 4387 2093 4474 quando
2110 4386 2194 4455 inde

341 4555 445 4622 exire
461 4541 684 4636 ¹hemonini,
722 4546 905 4618 licentiam
928 4547 1086 4616 habeant
1108 4543 1191 4612 inde
1213 4545 1313 4613 exire
1335 4545 1372 4612 et
1397 4545 1562 4613 excutere
1585 4539 1706 4608 omnia
1727 4557 1792 4609 sna
1817 4537 1961 4608 mobilia
1983 4543 2020 4608 et
2044 4553 2193 4624 pergere

345 4703 433 4772 hubi
458 4704 527 4788 ipsi
551 4701 722 4784 boluerit,
746 4699 877 4782 absque
901 4695 997 4762 omni
1020 4711 1114 4780 mea,
1139 4692 1196 4761 vel
1218 4692 1261 4760 de
1288 4692 1377 4760 meis
1391 4691 1655 4779 posterioribus,
1671 4689 1725 4759 vel
1741 4690 1784 4759 de
1800 4707 1883 4776 pars
1898 4688 2057 4776 predicto
2072 4705 2194 4758 mona·

346 4854 455 4921 sterio
478 4850 745 4935 contrarietale3
769 4865 854 4917 nam
879 4847 910 4914 si
933 4863 1046 4932 nsque
1068 4861 1181 4914 annos
1203 4847 1279 4912 tres
1299 4845 1339 4912 in
1363 4843 1442 4931 ipsa
1463 4845 1569 4912 rebus
1591 4841 1726 4911 rebersi
1749 4847 1833 4910 sunt
1845 4889 1856 4928 ,
1892 4845 1980 4908 tunc
2003 4837 2049 4909 ad
2071 4855 2195 4908 eorum

346 5005 494 5075 redeant
517 5002 717 5090 potestatis,
741 4999 863 5087 qualis
883 4999 924 5066 in
939 4998 996 5067 die
1013 4996 1077 5066 illa
1093 4995 1183 5064 illud
1200 4995 1415 5082 imbeuierit‚
1432 4996 1471 5061 in
1486 4993 1696 5080 supradicta
1712 4993 1852 5065 ratione
1868 4989 1957 5059 illud
1979 4990 2197 5063 habendum.

351 5155 498 5242 quodsi
522 5153 645 5224 taliter
667 5152 788 5222 omnia
813 5154 1059 5238 suprascripta
1083 5167 1148 5237 per
1171 5145 1377 5235 supradicto
1400 5145 1550 5214 hordine
1574 5145 1650 5231 ipse
1671 5143 1726 5212 leo
1748 5144 1893 5230 suisque
1914 5142 2107 5212 heredibus
2134 5144 2200 5210 mi·

350 5306 408 5375 chi
435 5305 627 5377 iamdictus
651 5307 824 5375 iohannes
848 5303 962 5372 abbas
984 5299 1141 5388 meisque
1166 5297 1420 5388 posterioribus
1445 5300 1481 5366 et
1503 5295 1548 5367 ad
1570 5313 1655 5382 pars
1688 5295 1845 5384 predicto
1878 5294 2092 5364 monasterio
2126 5310 2198 5362 non

353 5587 778 5607 ψ

399 5799 426 5884 ¹)
446 5802 546 5882 Lege:
566 5803 689 5882 primo.
