5456 7096
615 497 680 569 130
1239 495 1419 617 01111ΕΧ
1457 494 1724 570 GAVENSlS

311 735 312 738 ’
429 744 432 750 ’
555 722 599 790 do
625 721 713 808 ipsis
736 723 940 811 comitibus,
963 723 1025 809 qui
1048 724 1133 789 sunt
1155 721 1303 788 dominii
1329 718 1439 807 ipsius
1462 722 1621 810 ecclesie,
1645 741 1708 808 per
1733 741 1802 791 unc
1826 722 1986 792 libellum
2001 723 2173 810 scriptum
2188 721 2322 792 tradidi
2345 723 2404 790 bo·

558 875 615 939 bis
639 872 818 942 nominati
842 873 974 942 stefani
1001 873 1188 960 presbiteri
1214 879 1249 942 et
1271 875 1434 961 iohanni,
1459 875 1519 962 qui
1543 876 1588 944 ad
1612 876 1771 944 ordinem
1794 877 1966 946 clericatu
1991 877 2177 961 pervenire
2200 877 2344 964 queris,
2368 881 2405 944 et
2454 857 2458 864 ¹

559 1026 643 1095 sitis
666 1031 770 1114 pater
795 1031 829 1095 et
854 1027 963 1113 filius,
989 1026 1026 1093 in
1052 1025 1263 1095 beneficium
1287 1032 1370 1097 ante
1392 1028 1508 1115 ipsum
1533 1029 1753 1097 ademarium
1777 1030 1885 1099 iudex
1914 1033 1950 1098 et
1973 1029 2056 1098 aliis
2078 1030 2226 1116 ydoneis
2250 1028 2404 1097 homini-

559 1181 639 1267 bus,
664 1181 725 1266 qui
752 1181 846 1249 inter
870 1197 934 1247 nos
956 1181 1142 1249 essendum
1166 1182 1449 1268 conbocabimuS,
1474 1185 1545 1250 tote
1567 1187 1603 1250 et
1627 1180 1750 1250 inclite
1773 1181 1847 1269 ipse
1864 1186 1935 1251 tres
1952 1185 2050 1268 pecie
2066 1182 2110 1250 de
2123 1182 2231 1251 terris
2247 1201 2328 1250 cum
2344 1202 2404 1253 ar·

483 1321 484 1324 ’
570 1333 683 1398 bustis
706 1328 749 1398 de
773 1331 886 1398 locum
912 1350 983 1420 pau
1007 1339 1090 1401 actu
1112 1331 1256 1400 nucerie
1279 1351 1341 1418 per
1366 1333 1550 1402 iamdictas
1573 1333 1662 1400 fines
1685 1336 1720 1400 et
1743 1348 1938 1408 mensuras,
1962 1335 2135 1400 61101111
2169 1336 2207 1400 et
2243 1331 2404 1400 inclitum

567 1485 683 1569 ipsum
710 1485 922 1551 beneficium
944 1483 987 1552 de
1011 1485 1348 1570 monte-corbinum,
1366 1465 1520 1570 qualiter
1537 1487 1703 1572 superius
1715 1483 1951 1554 clarificatum
1968 1489 2034 1571 est,
2050 1489 2086 1554 et
2102 1482 2257 1571 qualiter
2270 1487 2309 1552 tu
2327 1501 2405 1570 pre·

560 1633 680 1704 dictus
703 1638 865 1706 stefanus
889 1637 971 1717 illut
994 1636 1037 1704 de
1061 1641 1179 1704 monte
1203 1637 1389 1704 corbinum
1414 1653 1525 1722 usque
1551 1589 1655 1704 modo
1673 1635 1820 1706 tenuisti
1844 1641 1881 1706 61
1902 1636 2092 1705 dominasti
2116 1636 2155 1704 in
2172 1636 2404 1722 beneficium,

564 1789 687 1889 taliter
712 1788 877 1857 inclitum
901 1787 985 1856 illut
1007 1791 1104 1857 robis
1127 1793 1229 1876 pater
1253 1795 1289 1858 et
1312 1790 1406 1856 filius
1423 1786 1646 1879 tradidimus
1663 1809 1743 1856 curn
1760 1789 1877 1857 omnia
1894 1790 1991 1858 infra
2006 1808 2044 1858 se
2064 1789 2278 1860 habentibus
2292 1789 2407 1858 omni·

563 1952 700 2035 busque
724 1948 802 2015 suis
825 1949 1055 2034 pertinentiis
1080 1957 1115 2016 et
1141 1966 1221 2014 cum
1249 1949 1323 2014 1106
1347 1947 1389 2014 de
1414 1947 1481 2015 biis
1504 1947 1590 2023 suis,
1616 1945 1786 2014 securiter
1809 1947 1844 2010 et
1866 1943 2016 2010 firmiter
2040 1941 2165 2010 diebus
2188 1942 2262 2010 1116
2286 1944 2407 2007 nostre

560 2108 645 2174 illut
669 2104 862 2174 tenendum
887 2101 929 2172 in'
951 2105 1176 2190 beneficium,
1200 2108 1236 2172 61
1262 2102 1342 2170 11111
1366 2101 1528 2170 frudietis
1552 2105 1587 2168 et
1610 2101 1653 2168 de
1671 2103 1745 2185 ipso
1761 2098 1882 2166 frudiu
1897 2099 2037 2190 faciatis
2053 2097 2406 2182 omniaquodvolue·

560 2260 656 2345 ritis;
681 2263 718 2326 et
743 2259 926 2326 licentiam
950 2255 1088 2325 abeatis
1112 2255 1189 2340 ipsa
1212 2253 1267 2322 vel
1290 2273 1336 2322 ex
1361 2256 1437 2338 ipsa
1461 2252 1633 2320 beneficia
1656 2251 1742 2319 dare
1765 2250 1808 2320 ad
1826 2249 2061 2320 laborandum
2084 2253 2120 2317 et
2142 2247 2404 2334 ordinandum,

473 2423 476 2438 '
559 2416 652 2481 sicut
677 2429 770 2478 unus
793 2416 829 2480 61
851 2411 941 2480 61161
965 2413 1077 2478 bonus
1100 2409 1251 2476 clericus
1276 2407 1363 2476 16011
1385 2407 1427 2475 de
1451 2425 1553 2476 suum
1578 2407 1788 2474 beneficium
1812 2403 1904 2489 quod
1928 2407 2036 2489 tenet,
2061 2407 2182 2488 etque
2199 2417 2343 2470 censum
2370 2401 2406 2469 et

559 2565 746 2634 dationem
771 2565 855 2631 inde
878 2563 1002 2630 tollere
1026 2563 1229 2649 potueritis,
1258 2565 1377 2628 vestre
1401 2562 1447 2628 sit
1470 2560 1656 2645 potestatis
1679 2555 1878 2626 iaciendum
1902 2554 1992 2640 quod
2016 2553 2212 2638 volueritis,
2229 2557 2266 2620 et
2289 2553 2406 2640 qualis

556 2736 604 2788 ex
629 2716 729 2782 vobis
753 2716 940 2784 defunctus
963 2715 1082 2799 fuerit,
1106 2675 1285 2783 succedad
1303 2713 1343 2780 ei
1368 2711 1440 2796 1116,
1465 2713 1526 2800 qui
1550 2710 1805 2799 supravixerit,
1829 2709 1868 2774 in
1893 2710 2007 2775 totum
2031 2706 2106 2792 ipso
2129 2705 2340 2774 beneficium
2357 2709 2410 2773 te·

559 2869 714 2940 nendum
738 2875 774 2937 61
796 2867 1025 2936 frudiandum
1049 2865 1121 2932 illis
1144 2864 1268 2934 diebus
1294 2867 1367 2935 1116
1390 2885 1452 2934 sue
1475 2867 1576 2934 etde
1599 2871 1712 2934 totum
1737 2865 1810 2950 ipso
1834 2862 1987 2931 srudium
2011 2861 2215 2931 faciendum
2231 2858 2325 2944 quod
2341 2877 2400 2925 ro·

558 3019 705 3106 luerint,
729 3021 759 3087 si
785 3017 857 3086 illis
872 3018 1129 3129 xciticiaberint
1151 3019 1189 3086 in
1213 3018 1291 3106 ipsa
1314 3017 1475 3088 ecclesia.
1502 3018 1594 3087 unde
1609 3033 1671 3105 per
1688 3015 1985 3085 combenientiam
2000 3033 2065 3103 ego
2082 3013 2262 3101 predictus
2279 3015 2403 3082 iohan-

560 3190 626 3240 nes
650 3173 762 3241 abbas
786 3191 849 3259 per
875 3171 1066 3260 largietate
1082 3177 1119 3241 et
1142 3172 1362 3241 absolutione
1385 3169 1428 3238 dc
1452 3171 1520 3259 ipsi
1542 3171 1689 3240 dominii
1716 3171 1827 3256 ipsius
1849 3169 1996 3238 ecclesie
2017 3165 2152 3256 guadia
2177 3167 2275 3234 vobis
2294 3165 2409 3232 nomi·

556 3324 635 3394 nati
660 3326 794 3394 stefani
820 3325 1009 3428 presbiteri
1032 3330 1069 3392 61
1093 3325 1247 3393 iohanni
1274 3327 1434 3412 pateret
1458 3324 1550 3392 lilius
1572 3324 1743 3402 dedimus,
1768 3331 1804 3392 et
1831 3323 2035 3398 fideiussore
2048 3319 2143 3389 vobis
2158 3321 2341 3409 posuimus
2357 3320 2408 3386 io·

561 3481 702 3558 hannes
724 3479 874 3548 clericus
890 3477 987 3548 tilius
1003 3480 1179 3567 quondam
1205 3479 1348 3564 arnolfi3
1373 3484 1407 3548 et
1425 3497 1487 3565 per
1504 3480 1580 3564 ipsa
1603 3475 1739 3564 guadia
1760 3475 1901 3564 obbligo
1916 3495 1972 3544 me
1988 3479 2024 3543 et
2041 3476 2129 3544 meis
2145 3474 2410 3544 successoribus

558 3636 594 3698 et
618 3650 700 3718 pars
724 3632 840 3718 ipsius
868 3631 1017 3698 ecclesie
1042 3631 1205 3699 omnibus
1228 3630 1350 3699 diebus
1373 3634 1444 3699 1110
1468 3635 1582 3700 vestre
1606 3631 1790 3699 defensare
1814 3629 1909 3697 vobis
1937 3629 2109 3699 nominati
2134 3633 2236 3716 pater
2259 3633 2296 3697 et
2311 3628 2409 3697 lilius

559 3787 635 3852 tota
660 3783 789 3851 inclita
812 3784 1018 3871 supradicta
1041 3783 1298 3869 traditionem,
1315 3783 1476 3869 qualiter
1493 3781 1657 3868 superius
1679 3780 1777 3849 vobis
1802 3779 2016 3848 tradidimus
2039 3778 2078 3846 in
2102 3780 2339 3867 beneficium,
2364 3782 2411 3850 ab

559 3934 726 4002 omnibus
749 3934 954 4002 hominibus
976 3935 1142 4022 omnique
1166 3936 1343 4021 partibus;
1368 3941 1403 4003 61
1426 3935 1456 4002 si
1480 3933 1603 4002 taliter
1627 3932 2269 4002 (11611111161661161111110116101
2288 3935 2412 4004 defen-

562 4086 778 4174 saberimus,
801 4091 837 4155 et
860 4087 991 4174 aliquit
1015 4086 1097 4154 inde
1121 4089 1301 4156 remobere
1325 4091 1389 4155 aut
1412 4091 1578 4155 contrare
1601 4088 1849 4174 quesierimus,
1874 4104 2084 4172 componere
2111 4085 2229 4172 obligo
2253 4105 2309 4156 me
2344 4039 2413 4174 ego

563 4240 704 4326 meique
730 4257 947 4308 successores
970 4247 1005 4309 et
1032 4259 1113 4326 pars
1135 4241 1248 4324 ipsius
1272 4240 1431 4325 ecclesie,
1456 4239 1552 4307 vobis
1576 4241 1752 4310 nominati
1777 4245 1879 4327 pater
1903 4245 1937 4308 61
1961 4241 2057 4308 lilius
2081 4245 2224 4308 centum
2248 4242 2329 4310 auri
2353 4257 2407 4308 so·

565 4392 656 4461 lidos
680 4393 913 4462 costantinos.
939 4393 997 4461 Sic
1018 4398 1153 4478 tamen,
1179 4397 1218 4461 ut
1242 4411 1302 4462 vos
1327 4395 1500 4463 nominati
1524 4396 1683 4480 pateret
1707 4390 1803 4460 lilius
1825 4389 1948 4460 diebus
1971 4391 2042 4459 vite
2067 4393 2187 4459 vostre
2204 4391 2243 4459 in
2266 4392 2411 4479 ipsaec·

563 4545 673 4613 clesia
696 4545 869 4631 officietis,
892 4544 985 4614 sicut
1008 4545 1105 4612 vobis
1128 4544 1214 4614 deus
1239 4543 1367 4614 melius
1391 4543 1580 4633 largierit3
1605 4545 1640 4611 61
1664 4546 1695 4611 si
1717 4561 1777 4611 vos
1801 4542 1879 4630 ipsa
1901 4543 2052 4612 ecclesia
2075 4541 2284 4630 relinquitis
2307 4548 2345 4612 61
2365 4543 2412 4614 ad

563 4694 673 4764 aliam
697 4694 884 4764 ecclesiam
907 4695 1103 4766 trasactibe
1126 4696 1171 4766 ad
1194 4695 1420 4766 officiandum
1444 4698 1686 4784 perrexeritis,
1702 4701 1788 4766 tunc
1802 4695 1927 4765 inolita
1945 4697 2020 4784 ipsa
2037 4695 2267 4767 traditionem
2285 4699 2406 4769 rebar·

563 4845 628 4915 tad
648 4846 693 4916 ad
709 4851 917 4934 potestatem
942 4849 1053 4935 ipsius
1076 4853 1197 4917 nostre
1221 4851 1379 4936 ecclesie,
1396 4853 1433 4918 et
1448 4865 1511 4916 nos
1534 4849 1682 4935 predicti
1700 4849 1858 4918 ademari
1879 4847 1998 4935 iudex,
2015 4848 2238 4938 etalbertus,
2255 4854 2412 4938 613161-

564 5000 657 5068 mari
682 5001 874 5068 comitibus
898 5019 959 5086 per
983 5001 1280 5070 combenientiam
1303 4999 1502 5087 obligamus
1524 5019 1589 5069 nos
1611 5006 1648 5068 et
1678 5007 1813 5070 nostros
1835 5001 1957 5070 eredes
1970 5051 1980 5086 ,
2006 5007 2047 5071 ut
2070 5006 2100 5072 si
2132 5004 2256 5073 taliter
2290 5007 2413 5075 omnia

572 5154 821 5239 suprascripta
844 5169 907 5238 per
932 5151 1139 5237 supradicto
1164 5152 1314 5222 hordine
1338 5155 1435 5222 vobis
1458 5149 1630 5223 nominati
1653 5159 1754 5239 pater
1776 5158 1812 5223 61
1841 5154 1945 5223 filius·
1970 5174 2041 5224 non
2073 5147 2411 5245 adimpleberimus,

573 5308 610 5372 61
623 5305 756 5391 aliquit
773 5305 855 5374 inde
877 5309 1060 5375 remobere
1074 5311 1138 5376 aut
1153 5311 1318 5376 contrare
1341 5307 1586 5394 quesierimus,
1603 5305 1656 5377 vel
1673 5311 1703 5377 si
1720 5327 1960 5396 quascumque
1975 5311 2198 5380 causationes
2214 5310 2299 5380 inde
2317 5313 2413 5381 vobis

574 5459 814 5545 omiserimus,
841 5477 906 5546 per
929 5459 1226 5528 combenientiam
1249 5477 1457 5547 componere
1473 5459 1710 5547 obligabimus
1725 5479 1788 5529 nos
1804 5464 1841 5530 et
1856 5465 1995 5529 nostros
2010 5462 2133 5531 eredes
2157 5465 2254 5531 vobis
2282 5464 2409 5534 iamdi-

568 5608 618 5676 cti
646 5615 809 5695 pateret
833 5609 928 5680 lilius
953 5611 1016 5681 alii
1042 5616 1185 5682 centnm
1208 5613 1290 5682 auri
1314 5611 1418 5680 solidi
1442 5611 1650 5680 costantini.
1674 5613 1825 5682 'lantum
1846 5617 2071 5701 sceptuamus
2087 5614 2130 5684 de
2145 5616 2262 5704 ipsum
2279 5617 2410 5686 benefl-

565 5761 659 5829 cium
682 5762 726 5831 de
748 5763 1080 5850 monte-corbinum,
1104 5764 1196 5851 quod
1220 5762 1320 5832 vobis
1343 5763 1622 5853 condedimus,
1645 5765 1870 5836 medietatem
1892 5766 1936 5836 de
1960 5767 2038 5854 ipsa
2062 5769 2167 5838 vinea
2181 5767 2224 5838 de
2253 5768 2340 5857 pede
2367 5769 2411 5840 de
