5456 7096
587 467 632 540 96
1236 457 1411 532 CODEX
1444 393 1710 533 GAVENSI'S

539 712 607 763 nos
632 692 802 762 tollamus
825 692 909 763 inde
934 690 1173 798 medietatem,
1199 695 1236 761 et
1259 689 1331 759 illis
1354 693 1593 778 medietatem
1616 695 1653 762 et
1674 687 1836 780 quicquit
1852 687 1902 755 ibi
1919 685 2146 773 seminaberi,
2171 681 2281 754 deant
2304 681 2387 753 inde

545 845 650 914 nobis
674 844 883 915 terraticum
907 844 1103 914 seeundum
1127 844 1343 928 consuetudo
1365 845 1408 914 de
1432 846 1507 934 ipso
1531 845 1659 932 locum,
1683 843 1829 912 missum
1856 843 2028 926 nostrum,
2051 837 2136 906 dum
2161 836 2210 904 ibi
2230 835 2388 912 steterit,

542 993 617 1064 illis
641 1015 725 1064 eum
748 997 884 1067 notrire
907 1015 976 1084 pro.
993 997 1189 1066 tollendum
1212 996 1288 1084 ipse
1312 997 1476 1066 abellane
1498 1001 1534 1065 et
1557 997 1633 1084 ipso
1657 997 1884 1065 terraticum.
1911 995 1955 1062 de
1977 1012 2050 1081 qua
2066 1010 2129 1079 per
2141 991 2236 1059 bona
2251 987 2392 1058 combe-

546 1152 689 1220 nientia
712 1151 847 1239 guadia
870 1151 979 1220 michi
1003 1151 1084 1219 dedi
1099 1155 1185 1221 ante
1200 1155 1384 1239 presentia
1401 1153 1513 1240 ipsius
1529 1151 1649 1220 domni
1666 1119 1802 1238 abbati,
1819 1153 1855 1219 et
1867 1149 2062 1218 mediatore
2078 1146 2167 1214 mihi
2184 1145 2288 1232 posui
2306 1159 2390 1212 urso

545 1303 706 1376 bellense
730 1305 805 1375 fllio
831 1306 1010 1393 quondam
1036 1303 1143 1392 mele3
1166 1309 1204 1374 et
1227 1323 1292 1392 per
1316 1305 1393 1392 ipsa
1414 1305 1546 1394 guadia
1569 1303 1740 1392 obligavit
1762 1320 1800 1370 se
1823 1303 1898 1389 ipse
1922 1303 2045 1388 petrus
2069 1295 2221 1366 clericus
2242 1295 2286 1364 de
2320 1309 2391 1364 nu·

541 1465 644 1532 ceria
667 1468 704 1532 et
725 1481 807 1532 suos
829 1464 965 1552 eredes,
990 1467 1031 1532 ut
1053 1465 1084 1532 si
1107 1464 1150 1532 de
1174 1465 1294 1532 omnia
1317 1463 1560 1548 suprascripta
1591 1458 1681 1528 mihi
1713 1457 1766 1526 vel
1800 1456 1839 1523 in
1873 1473 1957 1544 pars
1991 1453 2105 1542 ipsius
2140 1451 2289 1522 ecclesie
2322 1463 2396 1516 non

542 1617 770 1706 adinpleberi
794 1623 830 1688 et
853 1617 984 1706 aliquit
1007 1618 1091 1687 inde
1115 1615 1397 1704 contradisscrit,
1421 1633 1484 1701 per
1507 1614 1587 1701 ipsa
1609 1613 1744 1700 guadie
1767 1629 1976 1697 componere
1999 1609 2116 1696 nobis
2142 1603 2276 1694 biginti
2305 1603 2392 1674 auri

549 1770 652 1842 solidi
677 1771 895 1842 constantini
919 1775 955 1840 et
977 1771 1099 1840 omnia
1122 1772 1369 1857 suprascripta
1391 1767 1494 1836 nobis
1516 1767 1723 1854 adimplere,
1747 1769 1782 1835 et
1805 1784 1871 1853 ego
1894 1768 1930 1834 et
1952 1783 2036 1852 pars
2060 1761 2217 1850 predicte
2240 1757 2389 1829 ecclesie

549 1926 628 2012 ipsa
652 1928 758 1994 rebus
781 1905 923 1994 illorum
946 1926 1169 1994 defensemus
1190 1923 1237 1992 da
1261 1925 1378 1992 omnis
1402 1921 1537 1992 omines
1552 1943 1633 1992 cum
1646 1926 1723 1992 bice
1735 1923 1779 1992 de
1794 1921 1856 1990 bie
1872 1940 1950 2008 sua,
1964 1923 2001 1989 et
2015 1937 2085 1987 unc
2103 1919 2248 1987 brebem
2263 1913 2391 2003 scripsi

542 2097 608 2168 ego
632 2080 833 2149 romoaldus
857 2078 1032 2151 notarius.

591 2203 622 2322 †
650 2235 726 2322 Ego
749 2233 949 2303 romoaldus
971 2253 1028 2302 me
1050 2231 1244 2320 subscripsi

594 2363 625 2480 †
649 2393 726 2480 Ego
751 2391 915 2461 alderissi
941 2391 1102 2460 notarius
1124 2409 1180 2458 me
1204 2390 1410 2458 subscribsi.

1313 2782 1672 2866 CMXXXVI.

1321 3051 1379 3126 A.
1408 3050 1462 3125 D.
1492 3050 1620 3126 1039.

594 3253 630 3394 †
654 3307 692 3374 ln
717 3308 861 3375 nomine
883 3306 1019 3375 domini
1037 3307 1204 3375 vicesimo
1221 3307 1335 3394 primo
1352 3325 1448 3376 anno
1464 3307 1688 3396 principatus
1703 3307 1837 3378 salerni
1854 3307 1975 3376 domni
1991 3308 2106 3376 nostri
2123 3305 2306 3396 guaimari
2323 3308 2400 3398 glo-

543 3461 639 3531 rioso
662 3463 838 3551 principe,
856 3467 893 3532 et
909 3463 1025 3552 primo
1041 3483 1141 3533 annu
1157 3465 1381 3553 principatus
1398 3465 1475 3533 eius
1491 3483 1617 3553 capue,
1635 3483 1754 3534 mense
1772 3463 1916 3552 aprelis,
1933 3464 2083 3551 septima
2101 3464 2308 3534 indictione.
2323 3483 2397 3535 me·

547 3617 779 3687 moretonium
802 3619 934 3687 sactum
959 3638 982 3688 a
1003 3637 1059 3687 me
1083 3617 1137 3686 leo
1159 3618 1309 3688 diacono
1333 3618 1407 3686 lilio
1430 3619 1607 3705 quondam
1630 3618 1775 3706 stefani,
1800 3634 1841 3685 eo
1865 3618 1957 3704 quod
1974 3621 2058 3688 ante
2075 3577 2257 3704 presentia
2280 3619 2399 3687 domni

549 3769 698 3841 adelferi
722 3771 893 3843 diaconus
916 3775 953 3841 et
976 3775 1087 3841 abbas
1108 3775 1145 3841 et
1167 3771 1443 3859 archipresbiter
1465 3773 1609 3841 ecclesie
1632 3775 1747 3842 sancti
1771 3773 1922 3844 maximi
1955 3792 2018 3861 per
2055 3774 2250 3844 iussionem
2285 3775 2398 3862 ipsius

549 3925 670 3994 domni
695 3926 817 3995 abbati
841 3926 886 3995 ad
909 3926 1104 3994 tenendum
1126 3931 1162 3994 et
1185 3925 1418 3996 lavorandum
1441 3926 1572 3997 tradidi
1597 3946 1662 4014 ego
1685 3941 1862 3996 unacum
1886 3931 2027 3996 amatus
2059 3927 2169 3997 iudex
2205 3927 2396 3999 adbocator

548 4078 700 4147 eundem
716 4079 867 4148 ecclesie
882 4077 1027 4147 landoni
1044 4079 1086 4148 de
1103 4083 1337 4167 epus-monte,
1356 4080 1430 4147 filio
1446 4080 1625 4167 quondam
1641 4079 1785 4168 godeni,
1802 4098 1876 4148 una
1891 4079 1996 4167 pecia
2012 4079 2056 4149 de
2076 4081 2174 4150 terra
2189 4098 2271 4148 cum
2287 4084 2396 4151 arbu-

545 4229 613 4300 stis
635 4233 774 4320 vitetis,
798 4233 892 4320 quod
915 4251 999 4318 pars
1023 4235 1135 4320 ipsius
1158 4233 1307 4312 ecclesie
1330 4236 1414 4302 abet
1439 4238 1476 4301 in
1500 4232 1621 4302 eodem
1645 4231 1762 4300 locum
1784 4235 2024 4322 epus-monte,
2050 4234 2110 4302 ubi
2135 4253 2263 4322 campu
2297 4233 2343 4305 da
2367 4233 2403 4304 la

548 4385 677 4472 padule
700 4383 847 4474 dicitur,
871 4386 963 4474 quod
987 4405 1053 4475 ego
1076 4388 1131 4456 leo
1152 4387 1324 4458 diaconus
1347 4389 1386 4455 in
1409 4387 1618 4457 veneficium
1643 4386 1725 4454 illut
1749 4386 1886 4456 retineo
1909 4405 2033 4471 apars
2047 4387 2204 4474 predicte
2227 4387 2390 4476 ecclesie,

548 4540 663 4607 otest
687 4537 768 4626 ipsa
790 4541 896 4606 rebus
919 4557 982 4625 per
1004 4558 1044 4609 as
1066 4541 1151 4608 linis
1172 4545 1209 4610 et
1232 4541 1423 4610 mensurio:
1449 4562 1472 4610 a
1494 4559 1577 4628 pars
1599 4542 1790 4613 occidentis
1813 4542 1885 4610 fine
1908 4541 2023 4629 ipsius
2045 4539 2214 4630 ecclesie,
2245 4544 2282 4612 et
2305 4540 2389 4610 inde

544 4693 629 4758 sunt
652 4691 748 4777 passi
772 4691 962 4781 sexaginta
986 4711 1108 4762 unum:
1136 4715 1158 4763 a
1182 4699 1283 4783 parte
1299 4695 1447 4788 meridie
1462 4694 1630 4762 similiter
1646 4695 1717 4764 llne
1734 4695 1846 4782 ipsius
1859 4693 2018 4783 ecclesie,
2036 4698 2071 4763 et
2089 4695 2173 4762 inde
2189 4697 2276 4763 sunt
2297 4693 2395 4782 passi

543 4844 698 4932 triginta
722 4848 910 4932 quadtuor:
935 4869 957 4918 a
980 4868 1060 4934 pars
1083 4850 1231 4918 orientis
1254 4849 1417 4918 similiter
1441 4851 1512 4917 flne
1534 4847 1645 4936 ipsius
1668 4847 1830 4935 ecclesie,
1855 4851 1891 4916 et
1907 4847 2086 4915 indesunt
2100 4847 2198 4934 passi
2217 4847 2396 4936 quinqua·

543 4999 648 5086 ginta
670 5019 792 5068 unum:
819 5020 842 5070 a
866 5001 1131 5088 septemtrionis
1153 5002 1317 5072 similiter
1341 5005 1412 5071 fine
1436 5001 1751 5089 predicleecclesie
1768 5004 1804 5068 et
1819 5001 2065 5087 coniungeute
2085 5018 2123 5068 se
2140 5000 2187 5070 ad
2205 5001 2285 5088 ipsa
2302 4999 2397 5088 prio·

543 5171 587 5223 ra
609 5153 694 5240 fine,
718 5158 754 5223 et
775 5153 858 5224 inde
880 5159 965 5224 sunt
988 5157 1083 5242 passi
1107 5157 1371 5244 quadraginta,
1396 5160 1509 5224 totum
1533 5131 1778 5224 mensuratum
1801 5151 1848 5221 ad
1872 5152 1966 5220 iusto
1991 5169 2138 5240 passum
2163 5152 2313 5220 omnini.
2340 5152 2389 5219 Ec

543 5325 625 5376 vero
647 5308 808 5394 predicta
830 5310 931 5398 pecia
954 5310 997 5378 de
1020 5313 1120 5379 terra
1142 5327 1221 5378 cum
1246 5309 1400 5378 arbustis
1425 5327 1486 5395 per
1504 5309 1670 5377 iamdicte
1686 5308 1768 5376 linis
1783 5311 1820 5376 et
1837 5307 2032 5394 mensurio,
2050 5293 2268 5377 cumomnia
2299 5306 2399 5375 intro

544 5484 582 5535 se
605 5468 795 5536 abentibus
818 5470 855 5536 et
878 5487 960 5536 cum
982 5468 1059 5536 vice
1081 5467 1125 5535 de
1148 5467 1208 5536 via
1231 5486 1309 5555 sua,
1333 5467 1496 5536 inclitum
1519 5449 1601 5535 illut
1624 5433 1689 5554 ego
1714 5483 1788 5535 una
1813 5484 1895 5534 cum
1911 5464 2026 5554 ipsum
2043 5471 2184 5536 amatus
2200 5465 2396 5536 advocator

544 5621 657 5709 ipsius
680 5619 828 5690 ecclesie
851 5641 915 5708 per
939 5621 1164 5711 largietatem
1188 5626 1225 5692 et
1249 5621 1507 5691 absolutionem
1532 5621 1643 5708 ipsius
1666 5615 1788 5689 domni
1813 5619 1960 5689 adelferi
1979 5613 2152 5690 diaconus
2176 5623 2213 5689 et
2229 5623 2348 5693 abbas
2362 5625 2400 5691 et

544 5774 834 5866 archipresbiter,
858 5777 921 5866 qui
945 5781 999 5847 est
1020 5794 1134 5845 unum
1156 5775 1200 5846 de
1223 5777 1371 5846 dominii
1394 5773 1437 5842 de
1461 5775 1539 5862 ipsa
1563 5777 1714 5846 ecclesia
1738 5777 1834 5844 santi
1851 5774 2003 5845 maximi
2021 5773 2134 5862 ipsius
2150 5776 2298 5847 landoni
2319 5781 2394 5847 tra·
