5456 7096
941 503 950 518 ·
1005 473 1460 549 DlPLOMATlOUS
2044 474 2115 552 llo.

298 701 433 790 omnia,
456 701 549 770 sicut
575 719 686 790 supra
709 701 854 792 legitur,
880 720 943 770 nos
967 707 1002 774 et
1026 703 1158 771 nostris
1181 702 1346 770 eredibus
1368 701 1415 772 ad
1438 703 1576 789 partem
1599 700 1837 789 predictorum
1855 703 2154 772 monasteriorum

306 853 521 940 illorumque
546 857 700 924 rectores
724 872 796 922 non
821 853 1133 941 adimpleberimus
1157 857 1193 921 et
1209 853 1290 922 illut
1307 855 1360 922 vel
1378 853 1509 924 exinde
1526 854 1762 940 quesierimus
1778 855 1970 940 remobere‚
1989 871 2052 940 per
2069 870 2159 922 com·

305 1003 522 1076 bonientiam
545 1025 608 1093 per
631 1007 708 1093 ipsa
733 1006 864 1094 guadia
888 1023 1097 1093 componere
1121 1007 1360 1094 obligavimus
1382 1024 1446 1074 nos
1461 1006 1655 1094 supradicti
1672 1010 1794 1094 petrus
1810 1006 1962 1075 clericus
1986 1009 2023 1074 et
2046 1003 2158 1094 gria,
2229 1007 2236 1024 '

304 1157 361 1226 vir
385 1162 421 1226 et
444 1175 549 1234 uxor,
574 1162 611 1226 et
633 1157 767 1226 nostris
790 1157 958 1226 eredibus
982 1157 1027 1227 ad
1051 1163 1188 1244 partem
1212 1158 1373 1245 predicta
1397 1162 1617 1230 monasteria
1640 1159 1853 1247 illorumque
1877 1123 2075 1230 rectoribus
2089 1159 2160 1228 tre·

302 1313 425 1378 centos
448 1309 530 1378 auri
555 1308 684 1377 solidos
707 1311 961 1380 constantines.
988 1313 1033 1380 Et
1055 1329 1120 1398 pro
1142 1329 1249 1396 quam
1274 1312 1351 1397 ipsa
1373 1313 1479 1378 rebus
1502 1313 1589 1380 abeo
1611 1329 1678 1398 ego
1696 1311 1882 1400 predictus
1906 1317 2028 1399 petrus
2051 1310 2158 1379 cleri·

304 1481 368 1532 cus
392 1463 513 1532 datam
538 1463 689 1532 Iohanni
714 1462 786 1556 tilio
809 1463 988 1550 quondam
1012 1463 1095 1531 miri
1119 1464 1164 1532 ad
1189 1461 1380 1530 tenendum
1404 1466 1440 1530 et
1463 1429 1709 1550 laborantium,
1728 1465 1831 1530 natos
1855 1465 2053 1548 nascentes,
2079 1460 2162 1529 illut

303 1614 510 1684 cultandum
535 1623 572 1684 et
596 1617 815 1702 operandum
840 1620 875 1685 et
899 1614 1131 1704 surgendum,
1147 1615 1243 1704 ,sicut
1258 1616 1444 1701 meruerit,
1462 1619 1497 1682 et
1513 1613 1738 1701 cludendum,
1754 1615 1815 1683 ubi
1832 1617 2018 1703 meruerit,
2036 1618 2072 1684 et
2088 1615 2162 1686 olu-

304 1787 386 1837 sum
410 1767 494 1836 illut
518 1769 664 1856 habere,
688 1774 724 1837 et
746 1788 808 1838 sue
833 1769 1005 1838 utilitatis
1029 1769 1124 1838 iusta
1148 1769 1323 1836 rationem
1347 1767 1396 1834 ibi
1420 1765 1550 1854 facere,
1573 1765 1832 1853 etalipergum
1849 1769 1924 1836 sibe
1940 1786 2023 1838 casa
2040 1769 2090 1835 ibi
2108 1769 2158 1839 ia·

303 1939 397 2009 cere,
424 1925 461 1989 et
483 1921 646 1990 homines
672 1921 722 1988 ibi
747 1921 791 1990 ad
815 1921 1037 1990 residendum
1063 1926 1098 1990 et
1122 1920 1354 1988 laborandum
1378 1921 1534 2005 mittere,
1559 1924 1595 1987 et
1612 1921 1705 1988 sicut
1722 1919 1804 1989 illut
1820 1919 2012 2004 laboraret,
2029 1923 2070 1989 ut
2085 1937 2164 2006 pro·

307 2074 429 2142 ficeret
453 2077 489 2142 et
512 2090 582 2139 non
607 2073 808 2160 disperiret,
834 2076 870 2140 et
893 2071 995 2140 daret
1018 2073 1119 2139 nobis
1143 2072 1217 2160 ipse
1240 2072 1403 2142 abelleno
1420 2073 1525 2141 secke
1540 2091 1603 2158 per
1626 2091 1761 2141 annum
1786 2073 1836 2139 ibi
1860 2072 2100 2150 medietatem,
2124 2077 2161 2142 et

303 2227 453 2312 quercia
469 2241 531 2290 seu
557 2223 668 2292 alium
693 2223 852 2310 frugium
876 2222 1027 2310 indeque
1052 2223 1217 2294 similiter
1240 2223 1467 2292 medietatem
1491 2221 1592 2292 nobis
1615 2223 1718 2293 daret
1743 2229 1779 2293 et
1806 2227 2014 2338 terraticum
2038 2243 2165 2294 secun-

311 2378 395 2448 dum
422 2376 714 2445 consu'etudinem
739 2374 781 2442 de
806 2375 880 2459 ipso
905 2373 1030 2460 locum,
1054 2377 1090 2440 et
1107 2374 1252 2441 missum
1277 2377 1438 2442 nostrum
1462 2376 1610 2462 notrire,
1635 2375 1745 2443 donec
1768 2378 1908 2446 steterit
1924 2377 1976 2446 ibi
1999 2395 2064 2464 pro
2087 2379 2165 2464 ipsa

309 2532 432 2618 frugia
455 2529 671 2615 recipiendo,
697 2531 748 2597 sic
772 2533 1008 2615 permaneant
1032 2527 1114 2596 inde
1137 2548 1220 2615 pars
1244 2529 1402 2616 ipsorum
1427 2530 1722 2599 monasteriorum
1746 2549 1826 2598 cum
1850 2530 1966 2618 ipsum
1990 2531 2161 2615 iohannes

307 2685 344 2751 et
367 2699 448 2750 cum
475 2679 574 2748 illius
599 2680 733 2768 eredes²
758 2680 853 2748 sicut
876 2695 940 2746 nos
963 2697 1043 2746 cum
1067 2677 1138 2746 illis
1162 2679 1245 2746 inde
1268 2679 1454 2747 debuimus
1477 2698 1700 2766 permanere.
1725 2681 1770 2748 Et
1792 2699 1856 2748 nos
1879 2685 1914 2748 ct
1930 2683 2061 2749 nostris
2084 2699 2161 2750 ere-

309 2835 414 2903 dibus
439 2831 555 2920 ipsum
580 2831 753 2900 iohannes
776 2833 813 2899 et
836 2829 934 2899 illius
957 2831 1079 2900 credes
1102 2832 1187 2900 inde
1209 2832 1387 2901 iaciamus
1414 2831 1637 2921 adimplere,
1671 2839 1712 2901 ut
1739 2833 1983 2920 supradictum
2011 2840 2089 2920 cst,
2125 2839 2161 2902 et

308 2985 430 3055 omnia
456 2991 495 3052 ut
518 2987 620 3053 nobis
644 2985 727 3053 iude
750 2983 899 3070 obligati
924 2989 1010 3052 sunt
1034 2985 1078 3054 ad
1102 3003 1186 3071 pars
1209 2987 1367 3070 ipsorum
1391 2985 1714 3074 monasteriorum
1748 2989 1785 3054 et
1817 2986 1849 3054 si
1884 2952 1969 3073 pars
2003 2987 2166 3074 ipsorum

308 3139 604 3208 monasteriorum
627 3159 708 3208 cum
732 3141 847 3224 ipsum
871 3140 1054 3224 iohannes,
1079 3138 1134 3206 vel
1158 3159 1238 3208 cum
1263 3140 1359 3208 illius
1382 3142 1515 3220 eredes,
1533 3144 1777 3230 quodcumque
1793 3144 1993 3212 linitionem
2012 3163 2094 3212 cum
2113 3143 2166 3230 ip·

308 3310 388 3360 sum
414 3294 589 3364 iohannes
611 3297 751 3378 etcum
775 3291 873 3360 illius
895 3292 1016 3360 eredes
1040 3291 1122 3358 inde
1146 3292 1263 3360 facere
1287 3293 1493 3380 potuerint,
1530 3293 1667 3410 nullam
1691 3296 1986 3364 contrarietatem
2010 3297 2093 3364 inde
2116 3297 2168 3365 eis

309 3449 455 3518 siamus.
492 3450 565 3516 Hec
602 3446 724 3514 omnia
758 3445 1001 3532 suprascripta
1035 3463 1100 3514 nos
1131 3452 1166 3515 et
1189 3446 1322 3512 nostris
1345 3447 1510 3514 eredibus
1533 3445 1578 3516 ad
1602 3453 1740 3534 partem
1763 3449 1924 3536 predicta
1946 3449 2166 3520 monasteria

310 3599 575 3688 adimpleamus
596 3619 660 3687 per
683 3600 853 3670 iamdicta
876 3601 1010 3690 guadio
1034 3607 1070 3670 et
1094 3602 1253 3688 obligata
1277 3619 1401 3696 poepa.
1426 3602 1473 3667 De
1497 3599 1626 3686 quibus
1642 3605 1714 3668 tres
1731 3602 1867 3670 cartule
1882 3602 1925 3670 de
1948 3619 2019 3668 uuo
2041 3606 2166 3670 tenore

314 3751 399 3822 inde
434 3755 592 3822 scribere
628 3755 798 3822 fecimus:
835 3756 904 3822 ista
933 3753 1025 3840 quod
1048 3753 1094 3822 ad
1118 3755 1275 3821 nostram
1299 3751 1496 3820 retinemus
1518 3754 1740 3838 potestatem,
1764 3755 1801 3820 et
1823 3751 1933 3821 aliam
1955 3751 2065 3821 talem
2084 3751 2166 3822 inde

311 3907 499 3976 emisimus
523 3907 567 3976 ad
591 3911 727 3994 partem
750 3909 900 3995 predicti
924 3909 1130 3977 monasterii
1153 3909 1270 3976 sancti
1295 3905 1386 3992 petri
1411 3905 1599 3991 abendam,
1622 3909 1659 3974 et
1682 3906 1792 3974 aliam
1818 3906 1926 3976 talem
1958 3908 2041 3976 inde
2075 3907 2165 3976 emi·

313 4061 429 4128 simus
454 4059 498 4127 ad
523 4062 662 4146 partem
686 4059 838 4146 predicti
863 4061 1070 4129 monasterii
1094 4063 1217 4130 sancte
1232 4061 1418 4130 trinitatis.
1436 4059 1548 4136 Quam
1564 4059 1720 4129 scribere
1735 4059 1941 4147 rogabimus
1958 4062 1994 4129 tc
2017 4060 2170 4130 romoal·
2239 4141 2243 4152 Ι

312 4210 379 4278 dus
401 4213 577 4281 notarius.
602 4215 729 4282 Actum
753 4215 905 4284 salerno.

360 4333 391 4452 †
416 4363 491 4452 Ego
513 4363 575 4452 qui
600 4383 709 4453 supra
733 4366 906 4435 iohannes
928 4363 1051 4440 ludex.

1029 4648 1455 4666 m

1135 4948 1352 5031 CMLII.

1097 5242 1153 5316 A.
1179 5242 1233 5317 D.
1261 5241 1387 5319 1039.

368 5531 475 5604 Aliud
499 5530 700 5618 exemplum
725 5531 873 5603 chartae
897 5527 1140 5615 praecedentis
1162 5529 1330 5597 emissum
1352 5529 1559 5616 odoarium
1581 5533 1792 5600 monasterti
1815 5519 1882 5601 SS.
1904 5533 2116 5602 Trinitatis.

1000 5748 1424 5770 Ἣ
