5456 7096
1021 522 1428 600 [ilPLOMATiCUS

1092 1029 1365 1112 CMLXV·

1080 1327 1139 1402 A.
1167 1327 1221 1400 D.
1252 1322 1378 1400 1041.

283 1639 286 1648 ·
348 1566 384 1705 †
409 1618 447 1684 in
472 1617 615 1685 nomine
639 1615 773 1686 domini
798 1617 964 1686 vicesimo
988 1619 1094 1685 tertio
1117 1633 1213 1685 anno
1237 1616 1461 1703 principatus
1484 1613 1603 1682 domni
1631 1613 1740 1681 nostri
1765 1613 1962 1700 guaimarii
2000 1612 2156 1700 glorioso

304 1772 474 1858 princeps
495 1769 575 1839 eius
598 1769 794 1857 salernum,
818 1775 855 1840 et
878 1769 986 1839 tertio
1009 1790 1105 1840 anno
1130 1771 1356 1858 principatus
1378 1771 1456 1838 eius
1472 1789 1599 1858 capue,
1623 1788 1734 1857 quam
1756 1773 1793 1838 et
1816 1769 1969 1836 secundo
1986 1767 2161 1836 annodu·
2240 1773 2244 1780 '

304 1931 385 1996 cato
401 1915 509 1994 ¹illius
532 1926 654 1994 amalfi
678 1928 715 1994 et
736 1926 887 2012 sirento,
910 1944 1030 1994 mense
1061 1926 1279 2013 ianuarius,
1316 1943 1412 1992 nona
1448 1923 1657 1992 indictione.
1683 1922 1832 2009 Ideoque
1855 1940 1920 1990 nos
1943 1939 2027 1990 urso
2062 1921 2160 1989 iilius

230 2115 235 2126 ·
305 2077 485 2163 quondam
502 2077 668 2164 oprandi,
684 2077 745 2165 qui
763 2079 896 2146 dicitur
914 2078 1184 2167 terrabendeca,
1201 2078 1285 2146 dum
1302 2076 1389 2144 mihi
1408 2083 1442 2145 te
1459 2075 1588 2144 mulier
1605 2078 1748 2144 nomine
1764 2075 1870 2144 auria
1888 2074 1965 2144 iiiia
1979 2075 2159 2162 quondam

305 2231 451 2302 landoni
476 2237 516 2301 at
540 2249 725 2319 meumque
748 2231 881 2302 sociavi
908 2233 1088 2320 coniugio,
1113 2237 1199 2300 tunc
1225 2233 1262 2299 in
1286 2232 1360 2302 alia
1383 2233 1440 2300 die
1456 2233 1666 2302 nubtiarum
1689 2236 1774 2300 ante
1791 2237 1958 2319 parentes
1975 2237 2011 2301 et
2027 2233 2162 2302 amicos

308 2389 451 2454 nostros
476 2384 670 2452 secundum
696 2387 788 2453 ritus
812 2385 933 2473 gentis
956 2394 1075 2452 nostre
1100 2384 1414 2473 langobardorum,
1438 2384 1524 2472 quia
1548 2404 1611 2470 per
1628 2403 1699 2453 unc
1716 2385 1858 2452 firmum
1875 2384 2051 2472 scriptum
2068 2403 2161 2452 mor·

313 2538 473 2624 gincabh
497 2539 668 2607 confirmo
692 2543 798 2625 atquc
823 2538 925 2608 trado
948 2538 1013 2606 tivi
1035 2543 1221 2608 nominate
1247 2540 1349 2608 uxori
1375 2558 1451 2608 mee
1475 2543 1607 2626 quarta
1630 2539 1726 2606 enim
1750 2544 1853 2624 parte
1876 2537 1919 2606 de
1935 2541 2162 2606 exomnibus

315 2657 421 2760 rebus
444 2693 664 2760 substantiis
686 2697 723 2760 et
746 2693 936 2762 movilibus
960 2695 1062 2781 meiS,
1087 2695 1178 2762 idest
1201 2695 1244 2762 de
1267 2696 1360 2764 casis
1384 2713 1491 2780 quam
1514 2698 1551 2761 et
1576 2691 1794 2761 intrinsecus
1818 2693 1922 2780 casis,
1947 2695 2073 2778 curtis,
2105 2709 2162 2758 or·

313 2844 414 2934 tales,
438 2846 636 2935 territorio,
661 2849 817 2918 arbustis
840 2848 973 2935 vitatis,
1004 2849 1140 2936 vineis,
1178 2848 1352 2935 vinealis,
1390 2849 1546 2934 oliveta,
1582 2847 1804 2924 castanieta,
1841 2821 2046 2936 quertieta‚
2070 2851 2166 2917 cam·

315 2999 382 3088 pis,
406 3000 522 3088 silvis,
547 3005 674 3090 pratis,
700 3003 843 3090 pascuis
866 3007 902 3071 et
929 3005 1046 3090 aquis,
1071 3004 1155 3072 finis
1178 3009 1214 3072 et
1237 3005 1307 3072 biis
1329 3003 1417 3087 suiS,
1443 3004 1482 3070 in
1504 3003 1685 3072 montibus
1708 3021 1817 3089 quam
1833 3007 1868 3071 ct
1885 3003 1924 3070 in
1941 3002 2074 3089 planis,
2091 3003 2165 3072 oui-

317 3160 397 3223 tum
420 3159 528 3244 atque
552 3155 741 3244 incultum,
766 3154 897 3225 movile
921 3155 976 3224 vel
1001 3156 1194 3241 immovile,
1218 3157 1261 3224 de
1284 3157 1399 3224 servis
1414 3163 1450 3224 et
1473 3157 1516 3225 de
1538 3154 1696 3244 ancillis,
1718 3161 1754 3224 et
1776 3175 1858 3225 cum
1881 3158 1974 3225 husu
1997 3158 2163 3244 aquario,

318 3312 355 3377 et
379 3309 423 3378 de
445 3308 588 3397 peculia
611 3329 744 3399 magna
768 3315 804 3380 et
829 3329 952 3397 parva,
976 3311 1021 3379 de
1042 3312 1164 3379 omnia
1187 3329 1271 3378 vero
1286 3315 1323 3378 et
1340 3313 1378 3376 in
1393 3309 1568 3396 omnibus,
1583 3327 1652 3396 que
1668 3327 1764 3376 nunc
1781 3309 1882 3379 modo
1899 3312 1987 3378 abeo
2001 3311 2059 3379 vel
2075 3311 2170 3399 quod

315 3463 353 3530 in
377 3465 487 3531 antea
510 3479 640 3550 parare
663 3466 726 3532 aut
749 3463 966 3551 conquidere
989 3464 1221 3552 potuerimus,
1246 3481 1309 3533 seu
1332 3463 1425 3551 quod
1448 3470 1502 3532 est
1524 3467 1676 3551 paterna
1694 3463 1747 3533 vel
1765 3463 1987 3554 paternaque
2003 3469 2169 3536 substan·

295 3591 394 3702 tiis,
420 3619 457 3683 et
480 3633 549 3704 que
572 3618 710 3705 iegibus
732 3617 821 3685 mihi
846 3616 992 3686 ebenire
1016 3617 1150 3703 debuit,
1174 3617 1218 3685 de
1241 3623 1352 3685 totum
1376 3617 1439 3684 tivi
1473 3616 1520 3684 sit
1555 3619 1736 3686 nominate
1771 3617 1875 3686 uxori
1900 3635 1996 3694 mee;
2035 3624 2169 3705 quarta

322 3771 420 3838 enim
445 3774 548 3857 parte
570 3773 636 3839 tivi
663 3769 811 3840 tradidit
835 3771 901 3838 sub
925 3788 968 3838 ea
990 3769 1135 3858 quidem
1159 3771 1322 3841 videlicet
1347 3743 1508 3860 ratione,
1534 3777 1574 3840 ut
1606 3774 1651 3842 ab
1685 3771 1870 3840 odiernum
1893 3771 1951 3840 die
1982 3773 2019 3842 et
2043 3777 2081 3842 at
2106 3779 2171 3842 tua

319 3942 388 4010 que
412 3942 523 4012 supra
546 3923 649 3993 uxori
667 3943 744 3995 mee
760 3929 835 3995 sint
852 3927 1050 4014 potestatis,
1075 3929 1173 4032 iusta
1197 3927 1313 4014 legem
1337 3924 1466 3995 exinde
1491 3924 1692 3995 iaciendum
1715 3925 1837 3994 omnia
1859 3943 1929 4013 que
1944 3926 2009 3994 tivi
2026 3926 2171 4014 placue-

318 4077 382 4146 rit.
410 4081 531 4167 Neque
554 4099 577 4148 a
600 4098 657 4148 me
679 4079 845 4168 superius
869 4080 984 4149 dictus
1008 4097 1092 4148 urso
1115 4081 1191 4149 viro
1215 4083 1290 4166 tuo,
1316 4081 1436 4166 Neque
1459 4098 1482 4149 a
1506 4077 1639 4148 nostris
1662 4078 1840 4167 aradibus,
1865 4083 1987 4168 Neque
2011 4081 2174 4151 anullus

321 4249 536 4319 quemquam
559 4230 765 4301 hominibus
790 4233 961 4302 abeamus
984 4227 1178 4320 aliquando
1200 4232 1323 4320 aliqua
1346 4233 1582 4322 requisitione
1608 4239 1672 4304 aut
1707 4234 2018 4324 repreensionem‚
2043 4239 2098 4306 set
2133 4237 2173 4306 in

320 4385 500 4472 perpetuis
533 4385 754 4475 temporibus
777 4403 902 4456 securo
924 4388 1068 4455 nomine
1090 4403 1149 4455 eos
1172 4387 1295 4466 abere¹
1312 4393 1347 4456 et
1371 4387 1548 4475 possidere
1583 4387 1758 4466 baleatis3
1783 4389 1875 4477 quod
1909 4409 1993 4461 vero
2027 4389 2174 4460 firmum

321 4539 496 4628 scriptum
519 4541 754 4630 morgincabh
778 4542 817 4610 in
840 4559 882 4610 eo
905 4541 1052 4611 hordine
1076 4545 1285 4629 perpetuum
1310 4541 1454 4609 firmum
1478 4547 1712 4630 permaneat,
1735 4561 1843 4630 quam
1869 4545 1967 4616 enim
1991 4550 2026 4614 te
2051 4549 2175 4632 petrus

322 4693 589 4779 protonotarius
612 4693 770 4761 scribere
793 4695 1013 4783 rogavimus,
1030 4700 1149 4766 actum
1173 4694 1281 4764 huius
1305 4695 1463 4764 nucerie.

370 4816 401 4934 †
426 4847 502 4936 Ego
524 4852 647 4934 petrus
671 4846 823 4917 clericus
843 4851 879 4918 et
894 4849 1056 4918 notarius
1080 4867 1136 4918 me
1161 4849 1367 4936 subscripsi.

368 4973 399 5090 †
423 5005 499 5092 Ego
522 5011 642 5094 petrus
665 5023 720 5074 me
751 5005 957 5093 subscripsi.
