5402 7088
966 563 1424 668 erruouurtc'us
2030 590 2078 664 35

275 815 418 878 amatus
439 809 549 881 iudex
571 811 759 884 adbocator
783 814 941 901 predicte
964 815 1149 903 hecclesie,
1167 833 1230 903 per
1253 815 1517 886 cumvenientia
1541 813 1672 886 tradidi
1696 815 1742 884 ad
1770 817 2023 914 tenendumet
2045 836 2126 906 pre·

276 959 515 1033 ordinandum
530 964 623 1051 petri
639 963 780 1055 clerice,
798 965 872 1034 filio
887 965 1063 1054 quondam
1088 967 1245 1054 iaquinti
1254 964 1462 1069 presbiteri,
1479 971 1515 1036 et
1530 966 1679 1072 iohanni
1695 960 1838 1054 clerice,
1854 966 1930 1034 filio
1944 968 2123 1054 quondam

234 1067 253 1100 ⁰
277 1110 430 1202 falconi,
457 1112 579 1184 inclite
602 1107 711 1185 terris
735 1135 815 1186 cum
839 1117 998 1188 arbustis
1020 1121 1058 1188 et
1080 1096 1187 1187 terris
1210 1117 1347 1206 bacibe,
1372 1121 1409 1186 et
1432 1115 1561 1204 silbis,
1584 1119 1620 1186 et
1642 1115 1861 1188 abellanieta
1874 1167 1885 1206 ,
1909 1087 1949 1188 et
1967 1117 2148 1206 insiteta,·
2281 1215 2284 1224 Ι

277 1268 315 1333 et
338 1266 555 1354 castanieta,
579 1266 672 1354 qued
695 1285 779 1355 pars
801 1267 958 1356 predicte
981 1268 1127 1340 ecclesie
1150 1271 1233 1341 abet
1255 1289 1318 1357 per
1341 1270 1560 1356 pertinentia
1582 1269 1625 1337 de
1640 1272 1791 1340 nuceria
1812 1270 1858 1340 da
1873 1269 1990 1338 locum
2006 1271 2122 1347 ferma

275 1416 314 1484 in
336 1405 438 1486 subto
460 1423 496 1488 et
518 1436 629 1506 usque
652 1419 770 1488 locum
793 1417 903 1510 stabi,
928 1420 1143 1509 ubicumque
1167 1422 1298 1492 exinde
1322 1421 1489 1492 iubentus
1511 1421 1649 1493 dederit
1664 1425 1820 1511 per-ipse
1843 1421 1959 1491 locum
1974 1425 2126 1494 nuceria

275 1573 312 1638 et
333 1570 439 1658 stabi,
464 1572 558 1646 sicut
580 1572 753 1660 diximus,
778 1571 942 1642 inclitum
964 1573 1046 1644 illut
1068 1591 1189 1643 eornm
1212 1574 1343 1644 tradidi
1361 1575 1406 1644 ad
1431 1575 1622 1644 tenendum
1638 1579 1674 1644 et
1690 1576 2009 1664 preordinandum,
2025 1595 2124 1666 scep-

279 1727 419 1791 tuatum
444 1723 574 1792 exinde
599 1723 642 1793 de
666 1724 744 1813 ipsa
767 1727 873 1794 rebus
895 1724 987 1812 quod
1009 1726 1049 1794 in
1073 1725 1281 1796 veneficium
1306 1730 1438 1797 retinet
1459 1729 1648 1815 presbiteri
1671 1733 1708 1796 et
1731 1727 1853 1797 clerici
1876 1729 1922 1798 da
1947 1747 2031 1816 pars
2045 1748 2124 1816 pre·

146 1893 148 1898 ’
278 1873 371 1942 dicte
393 1841 554 1944 ecdesie:
580 1874 656 1963 ipso
679 1876 771 1946 aliut
794 1876 957 1945 inclitum
980 1894 1104 1948 eorum
1127 1879 1278 1949 tradidit
1303 1881 1341 1948 in
1364 1880 1431 1951 tali
1455 1880 1608 1968 ordine,
1633 1879 1680 1948 ud
1704 1880 1828 1950 amodo
1850 1887 1886 1951 et
1908 1899 2020 1969 nsque
2034 1853 2124 1952 duoss
2224 1941 2231 1955 .

172 2029 185 2050 '
281 2003 396 2096 decim
420 2029 507 2097 an'ni
532 2028 697 2118 completi
722 2029 836 2099 licead
859 2029 932 2099 illis
954 2034 991 2099 et
1013 2031 1087 2099 suis
1109 2031 1299 2100 heredibus
1321 2030 1527 2119 supradicta
1549 2013 1657 2101 rebus
1680 2033 1781 2120 qued·
1796 2051 1916 2102 eorum
1938 2034 2119 2122 tradidit,

274 2201 337 2251 sue
359 2183 544 2270 potestatis
567 2190 689 2254 tenere
712 2191 748 2256 et
770 2147 954 2294 dominare
977 2191 1014 2256 et
1035 2202 1158 2254 omnes
1183 2185 1352 2255 utilitatis
1376 2185 1519 2254 illorum
1542 2187 1646 2255 iuxta
1670 2187 1809 2256 ratione
1833 2187 1964 2255 ibidem
1988 2185 2124 2274 lacere,

280 2342 316 2406 et
338 2334 416 2423 ipsa
439 2329 545 2406 rebus
568 2342 779 2426 potestatem
802 2331 950 2410 aberent
972 2340 1019 2409 ad
1041 2338 1276 2408 laborandum
1299 2338 1398 2427 dare,
1423 2343 1459 2408 et
1475 2339 1707 2427 preordinare
1723 2342 1846 2410 amodo
1864 2347 1900 2412 et
1916 2361 2027 2430 usque
2042 2343 2125 2430 ipso

281 2489 526 2577 constitutum,
550 2489 706 2578 qualiter
729 2491 895 2578 voluerit,
917 2495 955 2559 et
976 2493 1087 2559 totum
1110 2491 1236 2558 binum
1259 2493 1295 2559 et
1317 2489 1513 2578 abellanae,
1539 2491 1665 2560 insitas
1687 2494 1724 2560 et
1746 2495 1927 2578 castanea,
1951 2491 2045 2578 quod
2070 2499 2126 2564 est

274 2643 565 2735 sortioneipsius
587 2643 747 2722 ecclesie,
773 2642 981 2713 annualiter
1002 2644 1138 2712 saciant
1160 2643 1233 2712 illis
1256 2661 1315 2712 eos
1337 2662 1530 2732 precurare
1552 2647 1589 2713 et
1622 2661 1794 2730 reponere
1829 2643 1909 2712 illut
1942 2644 2126 2714 ominibus

275 2796 360 2882 illis,
385 2798 446 2884 qui
470 2755 552 2883 ipsa
569 2797 674 2865 rebus
697 2794 744 2864 ad
767 2795 1001 2864 laborandum
1025 2797 1188 2864 retinunt
1208 2813 1275 2882 per
1298 2793 1359 2861 illo
1382 2767 1506 2864 ordine
1528 2804 1565 2862 et
1582 2737 1736 2882 ratione,
1753 2813 1822 2881 que
1838 2799 1921 2862 sunt
1938 2796 2125 2864 continen-

276 2952 330 3016 tes
353 2949 453 3016 brebi
479 2947 592 3035 ipsius
615 2947 775 3035 ecclesie,
799 2951 837 3016 et
859 2947 903 3016 de
927 2947 995 3034 ipsi
1018 2945 1222 3015 hominibus
1245 2949 1282 3012 et
1303 2943 1425 3012 omnia
1440 2943 1510 3030 ipsi
1525 2943 1705 3012 ominibus
1729 2911 1967 3032 adimplerent
1983 2944 2023 3013 in
2037 2935 2122 3034 pars

278 3099 390 3186 ipsius
412 3099 571 3187 ecclesie,
595 3100 694 3168 sicud
718 3099 786 3188 ipsi
811 3101 909 3168 brebi
934 3104 1018 3168 sunt
1040 3101 1277 3187 continentes,
1291 3160 1294 3166 ,
1310 3109 1346 3168 et
1374 3101 1449 3188 ipse
1472 3099 1580 3170 terris
1604 3105 1781 3187 quesunt
1807 3075 2045 3188 pertinentem
2070 3104 2123 3190 ip·

274 3251 348 3319 sius
370 3251 530 3340 ecclesie,
554 3254 768 3340 ubicumque
789 3252 919 3322 exinde
941 3253 1112 3320 iubentus
1134 3251 1286 3338 dederit,
1310 3255 1414 3320 extra
1437 3249 1519 3320 illut
1537 3251 1628 3337 quod
1647 3251 1685 3318 in
1700 3252 1910 3320 veneficium
1933 3254 2058 3323 datum
2076 3259 2119 3326 tu
2240 3337 2248 3358 Ι

275 3409 310 3472 et
333 3375 417 3492 pars
440 3405 553 3492 ipsius
575 3406 735 3484 ecclesie,
760 3405 967 3476 annualiter
990 3383 1072 3476 ahto
1095 3409 1252 3490 tempore
1277 3421 1388 3489 usque
1411 3402 1488 3490 ipso
1522 3403 1754 3474 constitutum
1778 3404 1916 3476 faciant
1951 3408 2024 3477 illis
2059 3428 2120 3478 eos

248 3553 435 3628 'laborare
457 3562 493 3627 et
515 3561 706 3646 seminare,
731 3557 886 3645 qualiter
908 3555 1034 3624 melius
1057 3557 1225 3643 potuerit,
1248 3559 1285 3624 et
1301 3558 1418 3624 totum
1442 3555 1521 3642 ipso
1545 3555 1758 3626 terraticum
1789 3558 1832 3626 de
1856 3564 2034 3645 quantum
2055 3579 2121 3632 ex·

273 3705 356 3775 inde
379 3706 452 3776 illis
474 3705 599 3777 tollere
622 3707 793 3796 potuerit,
820 3705 1028 3778 annualiter
1051 3707 1134 3774 illut
1155 3707 1331 3796 adunare,
1355 3711 1392 3776 et
1413 3711 1526 3777 tetum
1551 3708 1633 3780 illut
1655 3713 1840 3797 portarent
1863 3711 1909 3780 ad
1933 3713 2120 3784 castellum

271 3861 313 3929 de
335 3861 492 3947 predicto
526 3845 640 3930 locum
664 3862 811 3932 nuceria
834 3862 880 3931 ad
902 3859 1045 3928 domum
1067 3861 1178 3946 ipsius
1200 3857 1350 3927 iohanni
1374 3858 1525 3946 clerici,
1551 3842 1661 3946 usque
1695 3859 1780 3927 dum
1815 3869 1965 3947 parutus
1987 3861 2114 3950 tuerit,

64 3991 70 3998 ⁵
173 4010 175 4014 ’
270 4013 361 4101 quod
384 4031 469 4102 pars
492 4014 604 4101 ipsius
625 4013 960 4096 ecclesieconciare
983 4010 1102 4082 faciad
1118 4011 1171 4080 ad
1193 3987 1385 4080 cellarium
1404 4013 1447 4082 de
1470 4013 1580 4100 parili
1605 4013 1648 4083 de
1672 4015 1748 4102 ipso
1782 4012 1898 4081 lecum
1933 4016 2114 4104 nuceria,

270 4170 306 4235 et
329 4166 391 4234 nbi
417 4160 494 4251 ipse
517 4163 662 4232 cellario
684 4163 884 4234 conciatum
909 4164 1017 4234 suerit
1039 4167 1076 4231 et
1100 4162 1252 4232 boluerit
1275 4183 1359 4250 pars
1383 4165 1494 4252 ipsius
1516 4163 1675 4252 ecclesie,
1701 4164 1775 4233 illis
1798 4169 1917 4234 autem
1943 4167 2019 4252 ipso
2041 4169 2138 4234 ter··

272 4317 426 4387 raticum
449 4316 581 4384 ibidem
605 4317 650 4385 ad
675 4316 750 4402 ipse
772 4289 957 4384 cellarium
982 4320 1125 4402 portare
1147 4334 1210 4402 per
1232 4333 1354 4383 omnes
1376 4335 1514 4385 annum
1536 4335 1648 4405 usque
1680 4315 1758 4406 ipso
1793 4318 2026 4388 constitutum
2046 4367 2056 4405 ,
2080 4322 2119 4387 et
2207 4381 2209 4387 .

270 4470 480 4540 annualiter
501 4470 625 4540 amodo
648 4477 684 4539 et
707 4488 819 4557 usque
842 4473 919 4558 ipso
940 4470 1176 4538 constitutum
1199 4467 1316 4538 faciad
1340 4467 1437 4554 illis,
1458 4467 1518 4570 ¹vel
1540 4469 1615 4538 suis
1638 4467 1803 4538 eredibus
1833 4471 1925 4538 scire
1949 4487 2034 4558 pars
2060 4472 2116 4558 ip·

269 4629 344 4694 sius
366 4624 527 4712 ecclesie,
553 4629 591 4694 ut
613 4622 744 4692 ibidem
766 4622 911 4710 dirigad
933 4620 1081 4690 missum
1105 4638 1222 4706 suum,
1243 4618 1291 4687 ud
1314 4617 1446 4688 exinde
1469 4618 1592 4688 tollere
1617 4617 1734 4690 laciad
1757 4637 1841 4706 pars
1866 4619 1977 4707 ipsius
2001 4621 2112 4689 eccle·

269 4779 323 4847 sie
345 4777 388 4846 de
410 4781 523 4846 totum
548 4775 624 4862 ipse
649 4774 861 4845 terraticum
883 4774 952 4843 due
975 4773 1095 4858 sertiS,
1113 4777 1149 4841 et
1165 4771 1238 4842 filis
1262 4771 1331 4841 sivi
1355 4775 1488 4842 abeant
1510 4772 1655 4842 tertiam
1679 4777 1817 4860 partem
1833 4771 1928 4862 inde,
1947 4774 1984 4842 et
2000 4791 2118 4860 quan·

268 4933 344 4998 turn
366 4931 552 4999 servitium
575 4929 700 4998 amodo
721 4931 759 4996 et
781 4945 893 5014 usque
915 4926 1074 5013 quinque
1097 4927 1186 4995 anni
1210 4924 1373 5012 completi
1396 4924 1440 4993 de
1474 4925 1548 5012 ipse
1582 4925 1689 4993 terris
1721 4923 1846 4993 bacibe
1881 4924 1953 4992 illis
1979 4899 2106 4994 tollere
2231 4972 2239 4987 „
2328 4956 2335 5012 g

266 5081 426 5168 potuerit
448 5100 512 5169 pro
534 5081 690 5151 dandum
715 5081 797 5148 illut
819 5079 866 5149 ad
888 5076 1148 5163 seminandum,
1171 5074 1298 5143 inclite
1320 5073 1389 5142 due
1411 5074 1518 5142 sortis
1540 5072 1612 5142 illis
1637 5072 1720 5142 inde
1735 5074 1865 5145 darent
1885 5073 1931 5144 ad
1954 5094 2038 5162 pars
2055 5077 2111 5164 ip·

266 5235 342 5302 sius
364 5233 539 5320 ecclesie,
564 5238 600 5302 et
623 5233 769 5302 tertiam
791 5235 931 5320 partem
955 5228 1039 5297 inde
1062 5226 1134 5296 illis
1157 5226 1227 5295 sibi
1252 5230 1407 5315 abeant,
1431 5229 1469 5296 et
1495 5227 1580 5295 dum
1601 5185 1743 5300 ibidem
1756 5229 1898 5297 'steterit
1928 5227 2004 5315 ipso
2027 5229 2112 5298 mis·

266 5379 344 5456 'sum
368 5387 411 5456 de
435 5327 529 5474 pars.
539 5383 697 5472 predicte
714 5381 890 5470 hecclesie
913 5397 977 5468 pro
994 5379 1069 5467 ipso
1084 5379 1309 5465 terraticum,
1326 5375 1399 5446 illis
1417 5395 1499 5446 eum
1514 5379 1649 5447 notrire
1665 5378 1859 5448 secundum
1874 5377 2020 5447 illorum
2035 5396 2114 5467 pos·

267 5533 492 5620 sibilitatem,
517 5537 554 5602 et
575 5531 795 5619 annualiter,
819 5531 962 5619 quando
985 5549 1050 5619 ege
1072 5528 1127 5598 vel
1151 5547 1371 5599 successores
1394 5547 1490 5598 meos
1505 5530 1645 5600 'ibidem
1659 5533 1925 5619 perrexerimus
1947 5551 2012 5620 pre
2027 5551 2108 5622 per·

267 5688 481 5777 quirendum
504 5687 582 5775 ipsa
606 5686 735 5775 frudia,
758 5686 804 5756 de
825 5687 903 5774 ipsa
925 5684 1044 5754 studia
1066 5681 1140 5751 illis
1161 5699 1225 5751 noe
1248 5682 1399 5770 notrire,
1422 5681 1522 5751 sicud
1545 5685 1741 5772 meruerit,
1764 5691 1801 5754 et
1823 5702 2005 5756 annonam
2035 5683 2110 5755 illis

270 5837 357 5909 dare
380 5838 426 5909 ad
450 5837 578 5909 caballi
601 5837 715 5906 nestri
739 5836 885 5922 ibidem3
909 5838 1030 5906 tamen
1054 5835 1182 5922 linum,
1199 5833 1291 5922 quod
1308 5835 1515 5906 annualiter
1538 5823 1717 5908 inde'illis
1739 5839 1863 5909 tollere
1879 5841 2050 5930 potueris,
2069 5839 2114 5910 il·
