<?xml version="1.0" encoding="UTF-8"?>
<!DOCTYPE html PUBLIC "-//W3C//DTD XHTML 1.0 Transitional//EN"
    "http://www.w3.org/TR/xhtml1/DTD/xhtml1-transitional.dtd">
<html xmlns="http://www.w3.org/1999/xhtml" xml:lang="en" lang="en">
 <head>
  <title>
</title>
<meta http-equiv="Content-Type" content="text/html;charset=utf-8" />
  <meta name='ocr-system' content='tesseract 3.04.00' />
  <meta name='ocr-capabilities' content='ocr_page ocr_carea ocr_par ocr_line ocrx_word'/>
</head>
<body>
  <div class='ocr_page' id='page_1' title='image "./codexdiplomatic04aragoog_0320.png"; bbox 0 0 5408 7108; ppageno 0'>
   <div class='ocr_carea' id='block_1_1' title="bbox 582 539 1710 624">
    <p class='ocr_par' dir='ltr' id='par_1_1' title="bbox 582 539 1710 624">
     <span class='ocr_line' id='line_1_1' title="bbox 582 539 1710 624; baseline 0.008 -11"><span class='ocrx_word' id='word_1_1' title='bbox 582 539 656 614; x_wconf 74' lang='lat'>280</span> <span class='ocrx_word' id='word_1_2' title='bbox 1230 545 1405 622; x_wconf 82' lang='lat' dir='ltr'>OODEX</span> <span class='ocrx_word' id='word_1_3' title='bbox 1439 547 1710 624; x_wconf 71' lang='lat' dir='ltr'>cavensis</span> 
     </span>
    </p>
   </div>
   <div class='ocr_carea' id='block_1_2' title="bbox 528 767 2399 3326">
    <p class='ocr_par' dir='ltr' id='par_1_2' title="bbox 528 767 2399 2698">
     <span class='ocr_line' id='line_1_2' title="bbox 535 767 2399 865; baseline 0.001 -27"><span class='ocrx_word' id='word_1_4' title='bbox 535 767 661 839; x_wconf 86' lang='lat' dir='ltr'>tribus</span> <span class='ocrx_word' id='word_1_5' title='bbox 684 773 773 841; x_wconf 90' lang='lat' dir='ltr'>meis</span> <span class='ocrx_word' id='word_1_6' title='bbox 796 793 860 861; x_wconf 91' lang='lat' dir='ltr'>per</span> <span class='ocrx_word' id='word_1_7' title='bbox 883 775 1088 863; x_wconf 85' lang='lat' dir='ltr'>supradicta</span> <span class='ocrx_word' id='word_1_8' title='bbox 1111 775 1377 865; x_wconf 88' lang='lat' dir='ltr'>conbenientia,</span> <span class='ocrx_word' id='word_1_9' title='bbox 1400 775 1494 865; x_wconf 89' lang='lat' dir='ltr'>quod</span> <span class='ocrx_word' id='word_1_10' title='bbox 1521 775 1614 845; x_wconf 91' lang='lat' dir='ltr'>inter</span> <span class='ocrx_word' id='word_1_11' title='bbox 1638 791 1703 842; x_wconf 90' lang='lat' dir='ltr'>nos</span> <span class='ocrx_word' id='word_1_12' title='bbox 1726 774 1825 842; x_wconf 86' lang='lat' dir='ltr'>stetit</span> <span class='ocrx_word' id='word_1_13' title='bbox 1848 774 1958 860; x_wconf 89' lang='lat' dir='ltr'>atque</span> <span class='ocrx_word' id='word_1_14' title='bbox 1981 772 2150 841; x_wconf 91' lang='lat' dir='ltr'>conbenit</span> <span class='ocrx_word' id='word_1_15' title='bbox 2163 820 2174 859; x_wconf 92' lang='lat'>,</span> <span class='ocrx_word' id='word_1_16' title='bbox 2202 774 2277 840; x_wconf 92' lang='lat' dir='ltr'>tam</span> <span class='ocrx_word' id='word_1_17' title='bbox 2302 769 2399 839; x_wconf 85' lang='lat' dir='ltr'>bicos</span> 
     </span>
     <span class='ocr_line' id='line_1_3' title="bbox 538 922 2390 1016; baseline -0.001 -26"><span class='ocrx_word' id='word_1_18' title='bbox 538 940 623 994; x_wconf 85' lang='lat' dir='ltr'>suas</span> <span class='ocrx_word' id='word_1_19' title='bbox 646 945 755 1012; x_wconf 88' lang='lat' dir='ltr'>quam</span> <span class='ocrx_word' id='word_1_20' title='bbox 777 933 814 994; x_wconf 90' lang='lat' dir='ltr'>et</span> <span class='ocrx_word' id='word_1_21' title='bbox 837 928 913 997; x_wconf 89' lang='lat' dir='ltr'>bice</span> <span class='ocrx_word' id='word_1_22' title='bbox 938 929 1092 999; x_wconf 90' lang='lat' dir='ltr'>iohanne</span> <span class='ocrx_word' id='word_1_23' title='bbox 1115 931 1266 1000; x_wconf 86' lang='lat' dir='ltr'>fratrem</span> <span class='ocrx_word' id='word_1_24' title='bbox 1289 935 1472 1016; x_wconf 86' lang='lat' dir='ltr'>nostrum,</span> <span class='ocrx_word' id='word_1_25' title='bbox 1495 927 1631 1015; x_wconf 78' lang='lat' dir='ltr'>guadio</span> <span class='ocrx_word' id='word_1_26' title='bbox 1655 925 1765 994; x_wconf 88' lang='lat' dir='ltr'>michi</span> <span class='ocrx_word' id='word_1_27' title='bbox 1788 923 1987 1010; x_wconf 86' lang='lat' dir='ltr'>dederunt,</span> <span class='ocrx_word' id='word_1_28' title='bbox 2012 925 2049 992; x_wconf 89' lang='lat' dir='ltr'>et</span> <span class='ocrx_word' id='word_1_29' title='bbox 2073 922 2305 990; x_wconf 82' lang='lat' dir='ltr'>mediatorem</span> <span class='ocrx_word' id='word_1_30' title='bbox 2329 937 2390 1009; x_wconf 93' lang='lat' dir='ltr'>po·</span> 
     </span>
     <span class='ocr_line' id='line_1_4' title="bbox 541 1073 2394 1167; baseline -0.001 -23"><span class='ocrx_word' id='word_1_31' title='bbox 541 1082 694 1148; x_wconf 81' lang='lat' dir='ltr'>suerunt</span> <span class='ocrx_word' id='word_1_32' title='bbox 716 1082 960 1167; x_wconf 87' lang='lat' dir='ltr'>supradictum</span> <span class='ocrx_word' id='word_1_33' title='bbox 985 1101 1067 1152; x_wconf 87' lang='lat' dir='ltr'>urso</span> <span class='ocrx_word' id='word_1_34' title='bbox 1090 1084 1343 1152; x_wconf 88' lang='lat' dir='ltr'>consobrinum</span> <span class='ocrx_word' id='word_1_35' title='bbox 1366 1086 1548 1167; x_wconf 80' lang='lat' dir='ltr'>nostrum3</span> <span class='ocrx_word' id='word_1_36' title='bbox 1572 1079 1689 1149; x_wconf 89' lang='lat' dir='ltr'>tinore</span> <span class='ocrx_word' id='word_1_37' title='bbox 1712 1077 1868 1167; x_wconf 90' lang='lat' dir='ltr'>quidem,</span> <span class='ocrx_word' id='word_1_38' title='bbox 1892 1081 1934 1145; x_wconf 87' lang='lat' dir='ltr'>ut</span> <span class='ocrx_word' id='word_1_39' title='bbox 1957 1077 1987 1143; x_wconf 91' lang='lat' dir='ltr'>si</span> <span class='ocrx_word' id='word_1_40' title='bbox 2011 1095 2150 1164; x_wconf 91' lang='lat' dir='ltr'>quoque</span> <span class='ocrx_word' id='word_1_41' title='bbox 2173 1073 2394 1145; x_wconf 88' lang='lat' dir='ltr'>atbenientis</span> 
     </span>
     <span class='ocr_line' id='line_1_5' title="bbox 536 1225 2394 1326; baseline -0.003 -23"><span class='ocrx_word' id='word_1_42' title='bbox 536 1240 699 1321; x_wconf 88' lang='lat' dir='ltr'>tempore</span> <span class='ocrx_word' id='word_1_43' title='bbox 723 1233 812 1322; x_wconf 82' lang='lat' dir='ltr'>ipsis</span> <span class='ocrx_word' id='word_1_44' title='bbox 828 1239 1001 1304; x_wconf 91' lang='lat' dir='ltr'>eteorum</span> <span class='ocrx_word' id='word_1_45' title='bbox 1024 1237 1184 1326; x_wconf 88' lang='lat' dir='ltr'>heredes,</span> <span class='ocrx_word' id='word_1_46' title='bbox 1209 1235 1318 1306; x_wconf 90' lang='lat' dir='ltr'>michi</span> <span class='ocrx_word' id='word_1_47' title='bbox 1344 1234 1399 1305; x_wconf 87' lang='lat' dir='ltr'>vel</span> <span class='ocrx_word' id='word_1_48' title='bbox 1416 1235 1462 1304; x_wconf 90' lang='lat' dir='ltr'>ad</span> <span class='ocrx_word' id='word_1_49' title='bbox 1479 1236 1568 1302; x_wconf 91' lang='lat' dir='ltr'>meis</span> <span class='ocrx_word' id='word_1_50' title='bbox 1589 1233 1796 1319; x_wconf 82' lang='lat' dir='ltr'>heredibus,</span> <span class='ocrx_word' id='word_1_51' title='bbox 1821 1231 2016 1300; x_wconf 88' lang='lat' dir='ltr'>sortionem</span> <span class='ocrx_word' id='word_1_52' title='bbox 2035 1225 2143 1298; x_wconf 88' lang='lat' dir='ltr'>islam</span> <span class='ocrx_word' id='word_1_53' title='bbox 2166 1229 2394 1316; x_wconf 83' lang='lat' dir='ltr'>dirrumpere</span> 
     </span>
     <span class='ocr_line' id='line_1_6' title="bbox 539 1385 2390 1477; baseline -0.001 -23"><span class='ocrx_word' id='word_1_54' title='bbox 539 1386 596 1456; x_wconf 88' lang='lat' dir='ltr'>vel</span> <span class='ocrx_word' id='word_1_55' title='bbox 619 1390 839 1458; x_wconf 89' lang='lat' dir='ltr'>commobere</span> <span class='ocrx_word' id='word_1_56' title='bbox 864 1387 1044 1460; x_wconf 90' lang='lat' dir='ltr'>boluerint</span> <span class='ocrx_word' id='word_1_57' title='bbox 1066 1395 1102 1460; x_wconf 92' lang='lat' dir='ltr'>et</span> <span class='ocrx_word' id='word_1_58' title='bbox 1124 1390 1168 1460; x_wconf 91' lang='lat' dir='ltr'>de</span> <span class='ocrx_word' id='word_1_59' title='bbox 1188 1395 1312 1459; x_wconf 85' lang='lat' dir='ltr'>nostra</span> <span class='ocrx_word' id='word_1_60' title='bbox 1335 1393 1508 1477; x_wconf 74' lang='lat' dir='ltr'>potestate</span> <span class='ocrx_word' id='word_1_61' title='bbox 1530 1387 1653 1458; x_wconf 86' lang='lat' dir='ltr'>tollere</span> <span class='ocrx_word' id='word_1_62' title='bbox 1676 1387 1731 1458; x_wconf 85' lang='lat' dir='ltr'>vel</span> <span class='ocrx_word' id='word_1_63' title='bbox 1754 1391 1933 1473; x_wconf 75' lang='lat' dir='ltr'>contrane,</span> <span class='ocrx_word' id='word_1_64' title='bbox 1958 1385 2014 1454; x_wconf 92' lang='lat' dir='ltr'>vel</span> <span class='ocrx_word' id='word_1_65' title='bbox 2039 1385 2069 1454; x_wconf 88' lang='lat' dir='ltr'>si</span> <span class='ocrx_word' id='word_1_66' title='bbox 2092 1386 2200 1456; x_wconf 84' lang='lat' dir='ltr'>aliter</span> <span class='ocrx_word' id='word_1_67' title='bbox 2218 1385 2317 1453; x_wconf 90' lang='lat' dir='ltr'>illum</span> <span class='ocrx_word' id='word_1_68' title='bbox 2334 1386 2390 1454; x_wconf 91' lang='lat' dir='ltr'>di-</span> 
     </span>
     <span class='ocr_line' id='line_1_7' title="bbox 537 1538 2390 1630; baseline 0.001 -22"><span class='ocrx_word' id='word_1_69' title='bbox 537 1539 660 1609; x_wconf 89' lang='lat' dir='ltr'>bidere</span> <span class='ocrx_word' id='word_1_70' title='bbox 684 1541 877 1628; x_wconf 76' lang='lat' dir='ltr'>doluerint,</span> <span class='ocrx_word' id='word_1_71' title='bbox 895 1547 961 1613; x_wconf 90' lang='lat' dir='ltr'>aut</span> <span class='ocrx_word' id='word_1_72' title='bbox 977 1563 1146 1614; x_wconf 87' lang='lat' dir='ltr'>mensura</span> <span class='ocrx_word' id='word_1_73' title='bbox 1170 1549 1288 1614; x_wconf 90' lang='lat' dir='ltr'>traere</span> <span class='ocrx_word' id='word_1_74' title='bbox 1310 1547 1347 1613; x_wconf 88' lang='lat' dir='ltr'>et</span> <span class='ocrx_word' id='word_1_75' title='bbox 1369 1543 1546 1630; x_wconf 89' lang='lat' dir='ltr'>adequate</span> <span class='ocrx_word' id='word_1_76' title='bbox 1569 1559 1713 1629; x_wconf 91' lang='lat' dir='ltr'>ponere,</span> <span class='ocrx_word' id='word_1_77' title='bbox 1735 1547 1772 1611; x_wconf 87' lang='lat' dir='ltr'>et</span> <span class='ocrx_word' id='word_1_78' title='bbox 1788 1561 1851 1630; x_wconf 91' lang='lat' dir='ltr'>per</span> <span class='ocrx_word' id='word_1_79' title='bbox 1876 1542 1991 1629; x_wconf 87' lang='lat' dir='ltr'>legem</span> <span class='ocrx_word' id='word_1_80' title='bbox 2008 1545 2044 1610; x_wconf 90' lang='lat' dir='ltr'>et</span> <span class='ocrx_word' id='word_1_81' title='bbox 2061 1540 2288 1610; x_wconf 83' lang='lat' dir='ltr'>causationes</span> <span class='ocrx_word' id='word_1_82' title='bbox 2305 1538 2390 1609; x_wconf 91' lang='lat' dir='ltr'>inde</span> 
     </span>
     <span class='ocr_line' id='line_1_8' title="bbox 537 1693 2395 1786; baseline -0.003 -22"><span class='ocrx_word' id='word_1_83' title='bbox 537 1696 707 1764; x_wconf 87' lang='lat' dir='ltr'>miserint</span> <span class='ocrx_word' id='word_1_84' title='bbox 736 1697 790 1764; x_wconf 89' lang='lat' dir='ltr'>vel</span> <span class='ocrx_word' id='word_1_85' title='bbox 817 1697 1029 1785; x_wconf 86' lang='lat' dir='ltr'>compellere</span> <span class='ocrx_word' id='word_1_86' title='bbox 1053 1698 1228 1786; x_wconf 84' lang='lat' dir='ltr'>fecerint,</span> <span class='ocrx_word' id='word_1_87' title='bbox 1250 1697 1383 1785; x_wconf 80' lang='lat' dir='ltr'>biginti</span> <span class='ocrx_word' id='word_1_88' title='bbox 1407 1695 1508 1764; x_wconf 88' lang='lat' dir='ltr'>solidi</span> <span class='ocrx_word' id='word_1_89' title='bbox 1534 1697 1637 1764; x_wconf 91' lang='lat' dir='ltr'>aurei</span> <span class='ocrx_word' id='word_1_90' title='bbox 1670 1713 1763 1782; x_wconf 87' lang='lat' dir='ltr'>pena</span> <span class='ocrx_word' id='word_1_91' title='bbox 1786 1713 1849 1782; x_wconf 87' lang='lat' dir='ltr'>per</span> <span class='ocrx_word' id='word_1_92' title='bbox 1879 1693 2088 1782; x_wconf 88' lang='lat' dir='ltr'>supradicta</span> <span class='ocrx_word' id='word_1_93' title='bbox 2122 1693 2256 1782; x_wconf 82' lang='lat' dir='ltr'>guadia</span> <span class='ocrx_word' id='word_1_94' title='bbox 2292 1693 2395 1759; x_wconf 85' lang='lat' dir='ltr'>nobis</span> 
     </span>
     <span class='ocr_line' id='line_1_9' title="bbox 534 1848 2398 1940; baseline -0.001 -24"><span class='ocrx_word' id='word_1_95' title='bbox 534 1867 753 1936; x_wconf 87' lang='lat' dir='ltr'>componere</span> <span class='ocrx_word' id='word_1_96' title='bbox 772 1850 831 1934; x_wconf 18' lang='lat' dir='ltr'>*illi</span> <span class='ocrx_word' id='word_1_97' title='bbox 857 1869 894 1920; x_wconf 88' lang='lat' dir='ltr'>se</span> <span class='ocrx_word' id='word_1_98' title='bbox 918 1852 1191 1940; x_wconf 83' lang='lat' dir='ltr'>obligaberunt,</span> <span class='ocrx_word' id='word_1_99' title='bbox 1216 1850 1340 1920; x_wconf 91' lang='lat' dir='ltr'>etalii</span> <span class='ocrx_word' id='word_1_100' title='bbox 1364 1851 1496 1940; x_wconf 88' lang='lat' dir='ltr'>biginti</span> <span class='ocrx_word' id='word_1_101' title='bbox 1522 1849 1561 1918; x_wconf 91' lang='lat' dir='ltr'>in</span> <span class='ocrx_word' id='word_1_102' title='bbox 1588 1901 1596 1918; x_wconf 91' lang='lat'><strong>.</strong></span> <span class='ocrx_word' id='word_1_103' title='bbox 1625 1901 1634 1919; x_wconf 92' lang='lat'><strong>.</strong></span> <span class='ocrx_word' id='word_1_104' title='bbox 1662 1901 1670 1918; x_wconf 91' lang='lat'><strong><em>.</em></strong></span> <span class='ocrx_word' id='word_1_105' title='bbox 1699 1897 1709 1916; x_wconf 86' lang='lat'><strong>.</strong></span> <span class='ocrx_word' id='word_1_106' title='bbox 1733 1855 1770 1918; x_wconf 90' lang='lat' dir='ltr'>et</span> <span class='ocrx_word' id='word_1_107' title='bbox 1793 1851 1832 1917; x_wconf 90' lang='lat' dir='ltr'>in</span> <span class='ocrx_word' id='word_1_108' title='bbox 1855 1856 1963 1920; x_wconf 89' lang='lat' dir='ltr'>antea</span> <span class='ocrx_word' id='word_1_109' title='bbox 1985 1848 2204 1918; x_wconf 88' lang='lat' dir='ltr'>sortionibus</span> <span class='ocrx_word' id='word_1_110' title='bbox 2229 1849 2298 1915; x_wconf 87' lang='lat' dir='ltr'>iste</span> <span class='ocrx_word' id='word_1_111' title='bbox 2321 1851 2398 1916; x_wconf 88' lang='lat' dir='ltr'>sta·</span> 
     </span>
     <span class='ocr_line' id='line_1_10' title="bbox 538 2001 2396 2092; baseline -0.002 -21"><span class='ocrx_word' id='word_1_112' title='bbox 538 2001 622 2071; x_wconf 88' lang='lat' dir='ltr'>bilis</span> <span class='ocrx_word' id='word_1_113' title='bbox 645 2004 796 2072; x_wconf 87' lang='lat' dir='ltr'>manead</span> <span class='ocrx_word' id='word_1_114' title='bbox 820 2006 918 2073; x_wconf 91' lang='lat' dir='ltr'>inter</span> <span class='ocrx_word' id='word_1_115' title='bbox 941 2022 1005 2072; x_wconf 90' lang='lat' dir='ltr'>nos</span> <span class='ocrx_word' id='word_1_116' title='bbox 1028 2005 1125 2071; x_wconf 90' lang='lat' dir='ltr'>omni</span> <span class='ocrx_word' id='word_1_117' title='bbox 1156 2008 1314 2092; x_wconf 90' lang='lat' dir='ltr'>tempore</span> <span class='ocrx_word' id='word_1_118' title='bbox 1337 2003 1476 2073; x_wconf 89' lang='lat' dir='ltr'>inbitis.</span> <span class='ocrx_word' id='word_1_119' title='bbox 1504 2006 1549 2073; x_wconf 83' lang='lat' dir='ltr'>Et</span> <span class='ocrx_word' id='word_1_120' title='bbox 1572 2007 1611 2073; x_wconf 93' lang='lat' dir='ltr'>in</span> <span class='ocrx_word' id='word_1_121' title='bbox 1635 2023 1676 2074; x_wconf 92' lang='lat' dir='ltr'>eo</span> <span class='ocrx_word' id='word_1_122' title='bbox 1705 2005 1821 2072; x_wconf 91' lang='lat' dir='ltr'>tinore</span> <span class='ocrx_word' id='word_1_123' title='bbox 1851 2004 1926 2091; x_wconf 83' lang='lat' dir='ltr'>ipae</span> <span class='ocrx_word' id='word_1_124' title='bbox 1954 2003 2018 2092; x_wconf 90' lang='lat' dir='ltr'>qui</span> <span class='ocrx_word' id='word_1_125' title='bbox 2051 2020 2162 2089; x_wconf 90' lang='lat' dir='ltr'>supra</span> <span class='ocrx_word' id='word_1_126' title='bbox 2186 2001 2396 2070; x_wconf 85' lang='lat' dir='ltr'>nominatus</span> 
     </span>
     <span class='ocr_line' id='line_1_11' title="bbox 538 2155 2390 2245; baseline -0.001 -21"><span class='ocrx_word' id='word_1_127' title='bbox 538 2157 714 2227; x_wconf 88' lang='lat' dir='ltr'>mediator</span> <span class='ocrx_word' id='word_1_128' title='bbox 739 2165 904 2225; x_wconf 88' lang='lat' dir='ltr'>nostrum</span> <span class='ocrx_word' id='word_1_129' title='bbox 928 2159 1055 2227; x_wconf 87' lang='lat' dir='ltr'>tribuit</span> <span class='ocrx_word' id='word_1_130' title='bbox 1070 2177 1107 2226; x_wconf 89' lang='lat' dir='ltr'>se</span> <span class='ocrx_word' id='word_1_131' title='bbox 1125 2157 1233 2226; x_wconf 91' lang='lat' dir='ltr'>michi</span> <span class='ocrx_word' id='word_1_132' title='bbox 1256 2159 1414 2245; x_wconf 87' lang='lat' dir='ltr'>meisque</span> <span class='ocrx_word' id='word_1_133' title='bbox 1438 2158 1629 2226; x_wconf 89' lang='lat' dir='ltr'>heredibus</span> <span class='ocrx_word' id='word_1_134' title='bbox 1644 2176 1845 2245; x_wconf 80' lang='lat' dir='ltr'>saeuosque</span> <span class='ocrx_word' id='word_1_135' title='bbox 1860 2156 2034 2226; x_wconf 88' lang='lat' dir='ltr'>heredum</span> <span class='ocrx_word' id='word_1_136' title='bbox 2056 2156 2241 2225; x_wconf 87' lang='lat' dir='ltr'>licentiam</span> <span class='ocrx_word' id='word_1_137' title='bbox 2262 2155 2390 2244; x_wconf 83' lang='lat' dir='ltr'>pigne·</span> 
     </span>
     <span class='ocr_line' id='line_1_12' title="bbox 534 2308 2395 2401; baseline 0.001 -27"><span class='ocrx_word' id='word_1_138' title='bbox 534 2308 640 2377; x_wconf 92' lang='lat' dir='ltr'>randi</span> <span class='ocrx_word' id='word_1_139' title='bbox 667 2327 731 2396; x_wconf 92' lang='lat' dir='ltr'>per</span> <span class='ocrx_word' id='word_1_140' title='bbox 757 2311 879 2380; x_wconf 91' lang='lat' dir='ltr'>omnia</span> <span class='ocrx_word' id='word_1_141' title='bbox 901 2329 1051 2379; x_wconf 89' lang='lat' dir='ltr'>suarum</span> <span class='ocrx_word' id='word_1_142' title='bbox 1074 2330 1202 2381; x_wconf 91' lang='lat' dir='ltr'>causas</span> <span class='ocrx_word' id='word_1_143' title='bbox 1225 2315 1261 2379; x_wconf 94' lang='lat' dir='ltr'>et</span> <span class='ocrx_word' id='word_1_144' title='bbox 1285 2311 1500 2400; x_wconf 83' lang='lat' dir='ltr'>pignerandi</span> <span class='ocrx_word' id='word_1_145' title='bbox 1525 2312 1689 2400; x_wconf 80' lang='lat' dir='ltr'>legitima</span> <span class='ocrx_word' id='word_1_146' title='bbox 1712 2319 1748 2380; x_wconf 89' lang='lat' dir='ltr'>et</span> <span class='ocrx_word' id='word_1_147' title='bbox 1773 2310 1974 2401; x_wconf 80' lang='lat' dir='ltr'>inlegitima</span> <span class='ocrx_word' id='word_1_148' title='bbox 2001 2314 2079 2379; x_wconf 90' lang='lat' dir='ltr'>sine</span> <span class='ocrx_word' id='word_1_149' title='bbox 2097 2309 2337 2398; x_wconf 91' lang='lat' dir='ltr'>appellatione</span> <span class='ocrx_word' id='word_1_150' title='bbox 2355 2316 2395 2378; x_wconf 90' lang='lat' dir='ltr'>et</span> 
     </span>
     <span class='ocr_line' id='line_1_13' title="bbox 534 2461 2392 2551; baseline 0.002 -23"><span class='ocrx_word' id='word_1_151' title='bbox 534 2461 755 2548; x_wconf 91' lang='lat' dir='ltr'>calumpnia.</span> <span class='ocrx_word' id='word_1_152' title='bbox 781 2463 827 2530; x_wconf 89' lang='lat' dir='ltr'>Et</span> <span class='ocrx_word' id='word_1_153' title='bbox 849 2464 945 2530; x_wconf 91' lang='lat' dir='ltr'>huno</span> <span class='ocrx_word' id='word_1_154' title='bbox 969 2464 1112 2532; x_wconf 89' lang='lat' dir='ltr'>brebem</span> <span class='ocrx_word' id='word_1_155' title='bbox 1135 2465 1354 2551; x_wconf 87' lang='lat' dir='ltr'>Rogabimus</span> <span class='ocrx_word' id='word_1_156' title='bbox 1376 2466 1532 2533; x_wconf 87' lang='lat' dir='ltr'>scribere</span> <span class='ocrx_word' id='word_1_157' title='bbox 1557 2469 1592 2533; x_wconf 89' lang='lat' dir='ltr'>to</span> <span class='ocrx_word' id='word_1_158' title='bbox 1616 2465 1669 2534; x_wconf 91' lang='lat' dir='ltr'>leo</span> <span class='ocrx_word' id='word_1_159' title='bbox 1692 2465 1931 2536; x_wconf 87' lang='lat' dir='ltr'>subdiaconus</span> <span class='ocrx_word' id='word_1_160' title='bbox 1959 2471 1996 2536; x_wconf 87' lang='lat' dir='ltr'>ot</span> <span class='ocrx_word' id='word_1_161' title='bbox 2019 2463 2183 2536; x_wconf 86' lang='lat' dir='ltr'>notarius</span> <span class='ocrx_word' id='word_1_162' title='bbox 2207 2463 2245 2531; x_wconf 94' lang='lat' dir='ltr'>in</span> <span class='ocrx_word' id='word_1_163' title='bbox 2271 2463 2392 2550; x_wconf 89' lang='lat' dir='ltr'>predi-</span> 
     </span>
     <span class='ocr_line' id='line_1_14' title="bbox 528 2614 1582 2698; baseline 0.003 -16"><span class='ocrx_word' id='word_1_164' title='bbox 528 2617 590 2684; x_wconf 91' lang='lat' dir='ltr'>cta</span> <span class='ocrx_word' id='word_1_165' title='bbox 614 2614 777 2686; x_wconf 87' lang='lat' dir='ltr'>cibitate.</span> <span class='ocrx_word' id='word_1_166' title='bbox 804 2620 932 2686; x_wconf 85' lang='lat' dir='ltr'>Actum</span> <span class='ocrx_word' id='word_1_167' title='bbox 957 2636 1076 2686; x_wconf 86' lang='lat' dir='ltr'>mense</span> <span class='ocrx_word' id='word_1_168' title='bbox 1100 2622 1137 2688; x_wconf 90' lang='lat' dir='ltr'>et</span> <span class='ocrx_word' id='word_1_169' title='bbox 1160 2619 1582 2698; x_wconf 84' lang='lat' dir='ltr'>indictionenominata.</span> 
     </span>
    </p>

    <p class='ocr_par' dir='ltr' id='par_1_3' title="bbox 582 2738 1116 2855">
     <span class='ocr_line' id='line_1_15' title="bbox 582 2738 1116 2855; baseline 0.009 -22"><span class='ocrx_word' id='word_1_170' title='bbox 582 2738 613 2855; x_wconf 95' lang='lat'><em>†</em></span> <span class='ocrx_word' id='word_1_171' title='bbox 637 2770 712 2855; x_wconf 87' lang='lat' dir='ltr'>Ego</span> <span class='ocrx_word' id='word_1_172' title='bbox 737 2769 920 2838; x_wconf 91' lang='lat' dir='ltr'>benedicto</span> <span class='ocrx_word' id='word_1_173' title='bbox 943 2771 1116 2840; x_wconf 89' lang='lat' dir='ltr'>diaconus</span> 
     </span>
    </p>

    <p class='ocr_par' dir='ltr' id='par_1_4' title="bbox 582 2890 1042 3010">
     <span class='ocr_line' id='line_1_16' title="bbox 582 2890 1042 3010; baseline 0.017 -24"><span class='ocrx_word' id='word_1_174' title='bbox 582 2890 613 3010; x_wconf 87' lang='lat'><em>†</em></span> <span class='ocrx_word' id='word_1_175' title='bbox 637 2922 713 3008; x_wconf 81' lang='lat' dir='ltr'>Ego</span> <span class='ocrx_word' id='word_1_176' title='bbox 736 2922 929 2994; x_wconf 92' lang='lat' dir='ltr'>delecterio</span> <span class='ocrx_word' id='word_1_177' title='bbox 951 2929 1042 2994; x_wconf 87' lang='lat' dir='ltr'>teste</span> 
     </span>
    </p>

    <p class='ocr_par' dir='ltr' id='par_1_5' title="bbox 584 3051 997 3168">
     <span class='ocr_line' id='line_1_17' title="bbox 584 3051 997 3168; baseline 0.012 -25"><span class='ocrx_word' id='word_1_178' title='bbox 584 3051 615 3168; x_wconf 88' lang='lat'><strong>†</strong></span> <span class='ocrx_word' id='word_1_179' title='bbox 638 3080 713 3166; x_wconf 82' lang='lat' dir='ltr'>Ego</span> <span class='ocrx_word' id='word_1_180' title='bbox 735 3097 882 3168; x_wconf 87' lang='lat' dir='ltr'>passaro</span> <span class='ocrx_word' id='word_1_181' title='bbox 908 3084 997 3149; x_wconf 85' lang='lat' dir='ltr'>testo</span> 
     </span>
    </p>

    <p class='ocr_par' dir='ltr' id='par_1_6' title="bbox 577 3207 939 3326">
     <span class='ocr_line' id='line_1_18' title="bbox 577 3207 939 3326; baseline 0 -24"><span class='ocrx_word' id='word_1_182' title='bbox 577 3207 608 3326; x_wconf 94' lang='lat'>†</span> <span class='ocrx_word' id='word_1_183' title='bbox 633 3229 710 3324; x_wconf 82' lang='lat' dir='ltr'>Ego</span> <span class='ocrx_word' id='word_1_184' title='bbox 733 3253 816 3303; x_wconf 91' lang='lat' dir='ltr'>urso</span> <span class='ocrx_word' id='word_1_185' title='bbox 840 3241 939 3307; x_wconf 85' lang='lat' dir='ltr'>teste.</span> 
     </span>
    </p>
   </div>
   <div class='ocr_carea' id='block_1_3' title="bbox 1374 3862 1522 3944">
    <p class='ocr_par' dir='ltr' id='par_1_7' title="bbox 1374 3862 1522 3944">
     <span class='ocr_line' id='line_1_19' title="bbox 1374 3862 1522 3944; baseline -0.068 -2"><span class='ocrx_word' id='word_1_186' title='bbox 1374 3862 1522 3944; x_wconf 90' lang='lat' dir='ltr'><strong>MLI.</strong></span> 
     </span>
    </p>
   </div>
   <div class='ocr_carea' id='block_1_4' title="bbox 1312 4163 1612 4241">
    <p class='ocr_par' dir='ltr' id='par_1_8' title="bbox 1312 4163 1612 4241">
     <span class='ocr_line' id='line_1_20' title="bbox 1312 4163 1612 4241; baseline -0.013 -3"><span class='ocrx_word' id='word_1_187' title='bbox 1312 4164 1370 4238; x_wconf 90' lang='lat' dir='ltr'>A.</span> <span class='ocrx_word' id='word_1_188' title='bbox 1397 4164 1453 4239; x_wconf 91' lang='lat' dir='ltr'>D.</span> <span class='ocrx_word' id='word_1_189' title='bbox 1483 4163 1612 4241; x_wconf 88' lang='grc'><strong>1045.</strong></span> 
     </span>
    </p>
   </div>
   <div class='ocr_carea' id='block_1_5' title="bbox 577 4394 2395 4544">
    <p class='ocr_par' dir='ltr' id='par_1_9' title="bbox 577 4394 2395 4544">
     <span class='ocr_line' id='line_1_21' title="bbox 577 4394 2395 4544; baseline 0.008 -32"><span class='ocrx_word' id='word_1_190' title='bbox 577 4394 614 4536; x_wconf 82' lang='lat'><em>†</em></span> <span class='ocrx_word' id='word_1_191' title='bbox 638 4447 678 4514; x_wconf 93' lang='lat' dir='ltr'>In</span> <span class='ocrx_word' id='word_1_192' title='bbox 702 4449 846 4515; x_wconf 89' lang='lat' dir='ltr'>nomine</span> <span class='ocrx_word' id='word_1_193' title='bbox 869 4450 1003 4518; x_wconf 92' lang='lat' dir='ltr'>domini</span> <span class='ocrx_word' id='word_1_194' title='bbox 1029 4451 1195 4518; x_wconf 79' lang='lat' dir='ltr'>vicesimo</span> <span class='ocrx_word' id='word_1_195' title='bbox 1218 4453 1368 4522; x_wconf 89' lang='lat' dir='ltr'>hoctabo</span> <span class='ocrx_word' id='word_1_196' title='bbox 1399 4471 1496 4521; x_wconf 92' lang='lat' dir='ltr'>anno</span> <span class='ocrx_word' id='word_1_197' title='bbox 1528 4453 1753 4541; x_wconf 88' lang='lat' dir='ltr'>principatus</span> <span class='ocrx_word' id='word_1_198' title='bbox 1776 4457 1909 4525; x_wconf 89' lang='lat' dir='ltr'>salerni</span> <span class='ocrx_word' id='word_1_199' title='bbox 1933 4455 2055 4524; x_wconf 90' lang='lat' dir='ltr'>domni</span> <span class='ocrx_word' id='word_1_200' title='bbox 2091 4459 2202 4526; x_wconf 88' lang='lat' dir='ltr'>nostri</span> <span class='ocrx_word' id='word_1_201' title='bbox 2225 4460 2395 4544; x_wconf 83' lang='lat' dir='ltr'>guaima-</span> 
     </span>
    </p>
   </div>
   <div class='ocr_carea' id='block_1_6' title="bbox 528 4603 2398 5320">
    <p class='ocr_par' dir='ltr' id='par_1_10' title="bbox 528 4603 2398 5320">
     <span class='ocr_line' id='line_1_22' title="bbox 530 4603 2387 4698; baseline 0.006 -28"><span class='ocrx_word' id='word_1_202' title='bbox 530 4603 576 4672; x_wconf 92' lang='lat' dir='ltr'>rii</span> <span class='ocrx_word' id='word_1_203' title='bbox 600 4603 759 4690; x_wconf 84' lang='lat' dir='ltr'>glorioso</span> <span class='ocrx_word' id='word_1_204' title='bbox 784 4604 955 4690; x_wconf 89' lang='lat' dir='ltr'>principe,</span> <span class='ocrx_word' id='word_1_205' title='bbox 973 4613 1008 4673; x_wconf 88' lang='lat' dir='ltr'>et</span> <span class='ocrx_word' id='word_1_206' title='bbox 1024 4608 1174 4675; x_wconf 91' lang='lat' dir='ltr'>hoctabo</span> <span class='ocrx_word' id='word_1_207' title='bbox 1197 4627 1293 4677; x_wconf 89' lang='lat' dir='ltr'>anno</span> <span class='ocrx_word' id='word_1_208' title='bbox 1317 4609 1542 4696; x_wconf 90' lang='lat' dir='ltr'>principatus</span> <span class='ocrx_word' id='word_1_209' title='bbox 1559 4609 1635 4678; x_wconf 89' lang='lat' dir='ltr'>eius</span> <span class='ocrx_word' id='word_1_210' title='bbox 1652 4629 1775 4697; x_wconf 85' lang='lat' dir='ltr'>capue,</span> <span class='ocrx_word' id='word_1_211' title='bbox 1801 4617 1836 4680; x_wconf 90' lang='lat' dir='ltr'>et</span> <span class='ocrx_word' id='word_1_212' title='bbox 1859 4610 1884 4698; x_wconf 83' lang='lat'>¹)</span> <span class='ocrx_word' id='word_1_213' title='bbox 1908 4612 2059 4680; x_wconf 84' lang='lat' dir='ltr'>ducatus</span> <span class='ocrx_word' id='word_1_214' title='bbox 2083 4613 2179 4680; x_wconf 89' lang='lat' dir='ltr'>illius</span> <span class='ocrx_word' id='word_1_215' title='bbox 2202 4612 2325 4682; x_wconf 84' lang='lat' dir='ltr'>amelii</span> <span class='ocrx_word' id='word_1_216' title='bbox 2348 4617 2387 4682; x_wconf 87' lang='lat' dir='ltr'>et</span> 
     </span>
     <span class='ocr_line' id='line_1_23' title="bbox 530 4754 2390 4855; baseline 0.006 -31"><span class='ocrx_word' id='word_1_217' title='bbox 530 4754 742 4844; x_wconf 66' lang='lat' dir='ltr'>adrentum,</span> <span class='ocrx_word' id='word_1_218' title='bbox 761 4763 796 4826; x_wconf 88' lang='lat' dir='ltr'>ot</span> <span class='ocrx_word' id='word_1_219' title='bbox 813 4764 941 4843; x_wconf 87' lang='lat' dir='ltr'>quarto</span> <span class='ocrx_word' id='word_1_220' title='bbox 965 4777 1062 4827; x_wconf 88' lang='lat' dir='ltr'>anno</span> <span class='ocrx_word' id='word_1_221' title='bbox 1086 4763 1409 4850; x_wconf 82' lang='lat' dir='ltr'>suprascriptorum</span> <span class='ocrx_word' id='word_1_222' title='bbox 1435 4763 1658 4850; x_wconf 89' lang='lat' dir='ltr'>principatus</span> <span class='ocrx_word' id='word_1_223' title='bbox 1681 4769 1717 4832; x_wconf 89' lang='lat' dir='ltr'>et</span> <span class='ocrx_word' id='word_1_224' title='bbox 1740 4763 1891 4835; x_wconf 86' lang='lat' dir='ltr'>ducatus</span> <span class='ocrx_word' id='word_1_225' title='bbox 1920 4766 2040 4834; x_wconf 92' lang='lat' dir='ltr'>domni</span> <span class='ocrx_word' id='word_1_226' title='bbox 2071 4767 2193 4855; x_wconf 82' lang='lat' dir='ltr'>gisulfi</span> <span class='ocrx_word' id='word_1_227' title='bbox 2217 4769 2295 4837; x_wconf 90' lang='lat' dir='ltr'>eius</span> <span class='ocrx_word' id='word_1_228' title='bbox 2319 4768 2390 4838; x_wconf 86' lang='lat' dir='ltr'>filii</span> 
     </span>
     <span class='ocr_line' id='line_1_24' title="bbox 529 4911 2390 5024; baseline 0.006 -44"><span class='ocrx_word' id='word_1_229' title='bbox 529 4913 656 4980; x_wconf 88' lang='lat' dir='ltr'>eximii</span> <span class='ocrx_word' id='word_1_230' title='bbox 682 4911 837 4999; x_wconf 91' lang='lat' dir='ltr'>principi</span> <span class='ocrx_word' id='word_1_231' title='bbox 862 4917 898 4981; x_wconf 92' lang='lat' dir='ltr'>et</span> <span class='ocrx_word' id='word_1_232' title='bbox 921 4911 1026 5001; x_wconf 92' lang='lat' dir='ltr'>duci,</span> <span class='ocrx_word' id='word_1_233' title='bbox 1050 4919 1086 4982; x_wconf 90' lang='lat' dir='ltr'>et</span> <span class='ocrx_word' id='word_1_234' title='bbox 1110 4915 1215 4983; x_wconf 86' lang='lat' dir='ltr'>tertio</span> <span class='ocrx_word' id='word_1_235' title='bbox 1240 4934 1337 4985; x_wconf 92' lang='lat' dir='ltr'>anno</span> <span class='ocrx_word' id='word_1_236' title='bbox 1360 4916 1509 4988; x_wconf 91' lang='lat' dir='ltr'>ducatus</span> <span class='ocrx_word' id='word_1_237' title='bbox 1536 4919 1677 4988; x_wconf 91' lang='lat' dir='ltr'>illorum</span> <span class='ocrx_word' id='word_1_238' title='bbox 1701 4921 1830 5008; x_wconf 90' lang='lat' dir='ltr'>apulea</span> <span class='ocrx_word' id='word_1_239' title='bbox 1853 4925 1889 4991; x_wconf 88' lang='lat' dir='ltr'>et</span> <span class='ocrx_word' id='word_1_240' title='bbox 1911 4921 2092 5010; x_wconf 88' lang='lat' dir='ltr'>calabria,</span> <span class='ocrx_word' id='word_1_241' title='bbox 2116 4941 2239 5024; x_wconf 83' lang='lat' dir='ltr'>mense</span> <span class='ocrx_word' id='word_1_242' title='bbox 2263 4926 2390 4992; x_wconf 89' lang='lat' dir='ltr'>hoctu-</span> 
     </span>
     <span class='ocr_line' id='line_1_25' title="bbox 528 5065 2390 5154; baseline 0.008 -18"><span class='ocrx_word' id='word_1_243' title='bbox 528 5069 606 5154; x_wconf 88' lang='lat' dir='ltr'>ber,</span> <span class='ocrx_word' id='word_1_244' title='bbox 624 5071 757 5153; x_wconf 87' lang='lat' dir='ltr'>quarta</span> <span class='ocrx_word' id='word_1_245' title='bbox 772 5065 981 5136; x_wconf 86' lang='lat' dir='ltr'>indictione.</span> <span class='ocrx_word' id='word_1_246' title='bbox 1008 5069 1298 5140; x_wconf 88' lang='lat' dir='ltr'>memoratorium</span> <span class='ocrx_word' id='word_1_247' title='bbox 1322 5072 1454 5141; x_wconf 86' lang='lat' dir='ltr'>sactum</span> <span class='ocrx_word' id='word_1_248' title='bbox 1478 5093 1501 5142; x_wconf 91' lang='lat' dir='ltr'>a</span> <span class='ocrx_word' id='word_1_249' title='bbox 1518 5091 1574 5140; x_wconf 91' lang='lat' dir='ltr'>me</span> <span class='ocrx_word' id='word_1_250' title='bbox 1598 5075 1773 5144; x_wconf 91' lang='lat' dir='ltr'>iohannes</span> <span class='ocrx_word' id='word_1_251' title='bbox 1789 5075 2002 5146; x_wconf 84' lang='lat' dir='ltr'>venerabilis</span> <span class='ocrx_word' id='word_1_252' title='bbox 2017 5080 2129 5149; x_wconf 90' lang='lat' dir='ltr'>abbas</span> <span class='ocrx_word' id='word_1_253' title='bbox 2145 5099 2193 5148; x_wconf 83' lang='lat' dir='ltr'>ex</span> <span class='ocrx_word' id='word_1_254' title='bbox 2210 5085 2390 5151; x_wconf 87' lang='lat' dir='ltr'>monaste·</span> 
     </span>
     <span class='ocr_line' id='line_1_26' title="bbox 532 5227 2398 5320; baseline 0.004 -26"><span class='ocrx_word' id='word_1_255' title='bbox 532 5227 581 5294; x_wconf 93' lang='lat' dir='ltr'>rii</span> <span class='ocrx_word' id='word_1_256' title='bbox 605 5232 729 5296; x_wconf 89' lang='lat' dir='ltr'>sancte</span> <span class='ocrx_word' id='word_1_257' title='bbox 753 5229 851 5314; x_wconf 84' lang='lat' dir='ltr'>solie,</span> <span class='ocrx_word' id='word_1_258' title='bbox 876 5248 980 5316; x_wconf 91' lang='lat' dir='ltr'>quem</span> <span class='ocrx_word' id='word_1_259' title='bbox 1005 5250 1027 5297; x_wconf 91' lang='lat' dir='ltr'>a</span> <span class='ocrx_word' id='word_1_260' title='bbox 1051 5231 1141 5296; x_wconf 93' lang='lat' dir='ltr'>nobo</span> <span class='ocrx_word' id='word_1_261' title='bbox 1165 5229 1374 5299; x_wconf 82' lang='lat' dir='ltr'>fundamine</span> <span class='ocrx_word' id='word_1_262' title='bbox 1398 5231 1602 5299; x_wconf 84' lang='lat' dir='ltr'>construxit</span> <span class='ocrx_word' id='word_1_263' title='bbox 1625 5229 1802 5317; x_wconf 89' lang='lat' dir='ltr'>quondam</span> <span class='ocrx_word' id='word_1_264' title='bbox 1825 5232 1982 5319; x_wconf 83' lang='lat' dir='ltr'>guaiferi</span> <span class='ocrx_word' id='word_1_265' title='bbox 2006 5231 2102 5300; x_wconf 89' lang='lat' dir='ltr'>filius</span> <span class='ocrx_word' id='word_1_266' title='bbox 2127 5231 2222 5302; x_wconf 92' lang='lat' dir='ltr'>idem</span> <span class='ocrx_word' id='word_1_267' title='bbox 2253 5231 2398 5320; x_wconf 80' lang='lat' dir='ltr'>guaife-</span> 
     </span>
    </p>
   </div>
   <div class='ocr_carea' id='block_1_7' title="bbox 529 5379 2393 5475">
    <p class='ocr_par' dir='ltr' id='par_1_11' title="bbox 529 5379 2393 5475">
     <span class='ocr_line' id='line_1_27' title="bbox 529 5379 2393 5475; baseline 0.005 -29"><span class='ocrx_word' id='word_1_268' title='bbox 529 5379 576 5447; x_wconf 89' lang='lat' dir='ltr'>rii</span> <span class='ocrx_word' id='word_1_269' title='bbox 601 5382 743 5451; x_wconf 91' lang='lat' dir='ltr'>comitis</span> <span class='ocrx_word' id='word_1_270' title='bbox 766 5383 804 5449; x_wconf 92' lang='lat' dir='ltr'>in</span> <span class='ocrx_word' id='word_1_271' title='bbox 830 5384 935 5451; x_wconf 90' lang='lat' dir='ltr'>rebus</span> <span class='ocrx_word' id='word_1_272' title='bbox 958 5402 1025 5452; x_wconf 88' lang='lat' dir='ltr'>sua</span> <span class='ocrx_word' id='word_1_273' title='bbox 1049 5381 1149 5450; x_wconf 84' lang='lat' dir='ltr'>intus</span> <span class='ocrx_word' id='word_1_274' title='bbox 1173 5383 1269 5454; x_wconf 90' lang='lat' dir='ltr'>cibes</span> <span class='ocrx_word' id='word_1_275' title='bbox 1292 5381 1440 5471; x_wconf 88' lang='lat' dir='ltr'>salerni,</span> <span class='ocrx_word' id='word_1_276' title='bbox 1465 5402 1506 5454; x_wconf 92' lang='lat' dir='ltr'>eo</span> <span class='ocrx_word' id='word_1_277' title='bbox 1528 5385 1621 5473; x_wconf 88' lang='lat' dir='ltr'>quod</span> <span class='ocrx_word' id='word_1_278' title='bbox 1645 5390 1729 5455; x_wconf 88' lang='lat' dir='ltr'>ante</span> <span class='ocrx_word' id='word_1_279' title='bbox 1752 5387 1942 5474; x_wconf 89' lang='lat' dir='ltr'>subscripti</span> <span class='ocrx_word' id='word_1_280' title='bbox 1967 5389 2076 5456; x_wconf 82' lang='lat' dir='ltr'>testes</span> <span class='ocrx_word' id='word_1_281' title='bbox 2095 5405 2157 5475; x_wconf 92' lang='lat' dir='ltr'>per</span> <span class='ocrx_word' id='word_1_282' title='bbox 2174 5387 2393 5456; x_wconf 90' lang='lat' dir='ltr'>conbenien-</span> 
     </span>
    </p>
   </div>
   <div class='ocr_carea' id='block_1_8' title="bbox 569 5886 1362 5968">
    <p class='ocr_par' dir='ltr' id='par_1_12' title="bbox 569 5886 1362 5968">
     <span class='ocr_line' id='line_1_28' title="bbox 569 5886 1362 5968; baseline 0.013 -22"><span class='ocrx_word' id='word_1_283' title='bbox 569 5886 592 5967; x_wconf 81' lang='lat'>¹)</span> <span class='ocrx_word' id='word_1_284' title='bbox 608 5903 693 5948; x_wconf 85' lang='lat' dir='ltr'>anno</span> <span class='ocrx_word' id='word_1_285' title='bbox 709 5887 848 5968; x_wconf 88' lang='lat' dir='ltr'>septimo</span> <span class='ocrx_word' id='word_1_286' title='bbox 865 5887 1004 5950; x_wconf 83' lang='lat' dir='ltr'>ducatus</span> <span class='ocrx_word' id='word_1_287' title='bbox 1020 5888 1148 5950; x_wconf 81' lang='lat' dir='ltr'>ameide</span> <span class='ocrx_word' id='word_1_288' title='bbox 1165 5894 1199 5951; x_wconf 90' lang='lat' dir='ltr'>et</span> <span class='ocrx_word' id='word_1_289' title='bbox 1213 5889 1362 5956; x_wconf 85' lang='lat' dir='ltr'>airrcnti.</span> 
     </span>
    </p>
   </div>
   <div class='ocr_carea' id='block_1_9' title="bbox 0 0 2708 7108">
    <p class='ocr_par' dir='ltr' id='par_1_13' title="bbox 0 0 2708 7108">
     <span class='ocr_line' id='line_1_29' title="bbox 0 0 2708 7108; baseline 0 5"><span class='ocrx_word' id='word_1_290' title='bbox 0 0 2708 7108; x_wconf 95' lang='lat' dir='ltr'> </span> 
     </span>
    </p>
   </div>
  </div>
 </body>
</html>
