<?xml version="1.0" encoding="UTF-8"?>
<!DOCTYPE html PUBLIC "-//W3C//DTD XHTML 1.0 Transitional//EN"
    "http://www.w3.org/TR/xhtml1/DTD/xhtml1-transitional.dtd">
<html xmlns="http://www.w3.org/1999/xhtml" xml:lang="en" lang="en">
 <head>
  <title>
</title>
<meta http-equiv="Content-Type" content="text/html;charset=utf-8" />
  <meta name='ocr-system' content='tesseract 3.04.00' />
  <meta name='ocr-capabilities' content='ocr_page ocr_carea ocr_par ocr_line ocrx_word'/>
</head>
<body>
  <div class='ocr_page' id='page_1' title='image "./codexdiplomatic04aragoog_0308.png"; bbox 0 0 5408 7108; ppageno 0'>
   <div class='ocr_carea' id='block_1_1' title="bbox 592 511 1700 640">
    <p class='ocr_par' dir='ltr' id='par_1_1' title="bbox 592 511 1700 640">
     <span class='ocr_line' id='line_1_1' title="bbox 592 511 1700 640; baseline 0.002 -30"><span class='ocrx_word' id='word_1_1' title='bbox 592 538 663 611; x_wconf 83' lang='lat' dir='ltr'><strong>sca</strong></span> <span class='ocrx_word' id='word_1_2' title='bbox 855 629 859 640; x_wconf 15' lang='grc' dir='ltr'><strong><em>Δ</em></strong></span> <span class='ocrx_word' id='word_1_3' title='bbox 1223 540 1396 612; x_wconf 79' lang='lat' dir='ltr'><strong>consu</strong></span> <span class='ocrx_word' id='word_1_4' title='bbox 1438 511 1700 614; x_wconf 79' lang='lat' dir='ltr'><strong>onvuums</strong></span> 
     </span>
    </p>
   </div>
   <div class='ocr_carea' id='block_1_2' title="bbox 537 733 2451 3153">
    <p class='ocr_par' dir='ltr' id='par_1_2' title="bbox 537 733 2451 3153">
     <span class='ocr_line' id='line_1_2' title="bbox 538 733 2451 856; baseline 0.003 -25"><span class='ocrx_word' id='word_1_5' title='bbox 538 769 594 832; x_wconf 90' lang='lat' dir='ltr'><strong>cte</strong></span> <span class='ocrx_word' id='word_1_6' title='bbox 618 765 734 852; x_wconf 83' lang='lat' dir='ltr'><strong>vinee,</strong></span> <span class='ocrx_word' id='word_1_7' title='bbox 760 764 852 833; x_wconf 90' lang='lat' dir='ltr'><strong>unde</strong></span> <span class='ocrx_word' id='word_1_8' title='bbox 877 784 942 835; x_wconf 91' lang='lat' dir='ltr'><strong>nec</strong></span> <span class='ocrx_word' id='word_1_9' title='bbox 965 765 1068 834; x_wconf 90' lang='lat' dir='ltr'><strong>nobis</strong></span> <span class='ocrx_word' id='word_1_10' title='bbox 1088 785 1203 853; x_wconf 88' lang='lat' dir='ltr'><strong>neque</strong></span> <span class='ocrx_word' id='word_1_11' title='bbox 1219 765 1291 836; x_wconf 91' lang='lat' dir='ltr'><strong>had</strong></span> <span class='ocrx_word' id='word_1_12' title='bbox 1306 766 1469 836; x_wconf 88' lang='lat' dir='ltr'><strong>eredibus</strong></span> <span class='ocrx_word' id='word_1_13' title='bbox 1493 758 1635 856; x_wconf 83' lang='lat' dir='ltr'><strong>nostris,</strong></span> <span class='ocrx_word' id='word_1_14' title='bbox 1651 733 1900 838; x_wconf 86' lang='lat' dir='ltr'><strong>verumetiam</strong></span> <span class='ocrx_word' id='word_1_15' title='bbox 1920 786 2035 854; x_wconf 90' lang='lat' dir='ltr'><strong>neque</strong></span> <span class='ocrx_word' id='word_1_16' title='bbox 2052 766 2098 836; x_wconf 92' lang='lat' dir='ltr'><strong>ad</strong></span> <span class='ocrx_word' id='word_1_17' title='bbox 2113 766 2252 835; x_wconf 90' lang='lat' dir='ltr'><strong>nullum</strong></span> <span class='ocrx_word' id='word_1_18' title='bbox 2268 786 2389 854; x_wconf 89' lang='lat' dir='ltr'><strong>quern·</strong></span> <span class='ocrx_word' id='word_1_19' title='bbox 2447 763 2451 768; x_wconf 82' lang='grc'><strong>’</strong></span> 
     </span>
     <span class='ocr_line' id='line_1_3' title="bbox 537 917 2396 1010; baseline 0.003 -26"><span class='ocrx_word' id='word_1_20' title='bbox 537 919 636 1006; x_wconf 91' lang='lat' dir='ltr'><strong>piam</strong></span> <span class='ocrx_word' id='word_1_21' title='bbox 670 920 850 988; x_wconf 90' lang='lat' dir='ltr'><strong>bominem</strong></span> <span class='ocrx_word' id='word_1_22' title='bbox 885 920 934 988; x_wconf 95' lang='lat' dir='ltr'><strong>ibi</strong></span> <span class='ocrx_word' id='word_1_23' title='bbox 958 917 1089 1006; x_wconf 82' lang='lat' dir='ltr'>aliquit</span> <span class='ocrx_word' id='word_1_24' title='bbox 1111 919 1226 1006; x_wconf 89' lang='lat' dir='ltr'><strong>portio</strong></span> <span class='ocrx_word' id='word_1_25' title='bbox 1249 921 1513 990; x_wconf 88' lang='lat' dir='ltr'><strong>resorbabimus</strong></span> <span class='ocrx_word' id='word_1_26' title='bbox 1549 922 1783 1010; x_wconf 90' lang='lat' dir='ltr'><strong>requirendi,</strong></span> <span class='ocrx_word' id='word_1_27' title='bbox 1819 927 1872 992; x_wconf 89' lang='lat' dir='ltr'><strong>set</strong></span> <span class='ocrx_word' id='word_1_28' title='bbox 1907 921 2065 1010; x_wconf 89' lang='lat' dir='ltr'><strong>qualiter</strong></span> <span class='ocrx_word' id='word_1_29' title='bbox 2100 921 2279 991; x_wconf 83' lang='lat' dir='ltr'><strong>edificiate</strong></span> <span class='ocrx_word' id='word_1_30' title='bbox 2310 926 2396 992; x_wconf 89' lang='lat' dir='ltr'><strong>sunt</strong></span> 
     </span>
     <span class='ocr_line' id='line_1_4' title="bbox 542 1072 2395 1162; baseline 0.004 -27"><span class='ocrx_word' id='word_1_31' title='bbox 542 1074 619 1158; x_wconf 86' lang='lat' dir='ltr'><strong>ipse</strong></span> <span class='ocrx_word' id='word_1_32' title='bbox 643 1072 814 1140; x_wconf 60' lang='lat' dir='ltr'><strong>iamdicto,</strong></span> <span class='ocrx_word' id='word_1_33' title='bbox 835 1073 938 1140; x_wconf 85' lang='lat' dir='ltr'><strong>vines</strong></span> <span class='ocrx_word' id='word_1_34' title='bbox 963 1090 1035 1140; x_wconf 90' lang='lat' dir='ltr'><strong>una</strong></span> <span class='ocrx_word' id='word_1_35' title='bbox 1060 1089 1140 1139; x_wconf 89' lang='lat' dir='ltr'><strong>cum</strong></span> <span class='ocrx_word' id='word_1_36' title='bbox 1165 1072 1292 1140; x_wconf 89' lang='lat' dir='ltr'><strong>mediis</strong></span> <span class='ocrx_word' id='word_1_37' title='bbox 1316 1073 1503 1160; x_wconf 68' lang='lat' dir='ltr'><strong>limitibus</strong></span> <span class='ocrx_word' id='word_1_38' title='bbox 1528 1083 1563 1145; x_wconf 89' lang='lat' dir='ltr'><strong>et</strong></span> <span class='ocrx_word' id='word_1_39' title='bbox 1587 1095 1668 1145; x_wconf 91' lang='lat' dir='ltr'><strong>cum</strong></span> <span class='ocrx_word' id='word_1_40' title='bbox 1695 1077 1763 1145; x_wconf 93' lang='lat' dir='ltr'><strong>biis</strong></span> <span class='ocrx_word' id='word_1_41' title='bbox 1789 1082 1825 1146; x_wconf 90' lang='lat' dir='ltr'><strong>et</strong></span> <span class='ocrx_word' id='word_1_42' title='bbox 1848 1074 2005 1145; x_wconf 89' lang='lat' dir='ltr'><strong>handita</strong></span> <span class='ocrx_word' id='word_1_43' title='bbox 2029 1093 2095 1144; x_wconf 88' lang='lat' dir='ltr'><strong>sua</strong></span> <span class='ocrx_word' id='word_1_44' title='bbox 2109 1123 2120 1162; x_wconf 89' lang='lat'>‚</span> <span class='ocrx_word' id='word_1_45' title='bbox 2143 1079 2180 1144; x_wconf 91' lang='lat' dir='ltr'><strong>et</strong></span> <span class='ocrx_word' id='word_1_46' title='bbox 2203 1093 2285 1144; x_wconf 92' lang='lat' dir='ltr'><strong>cum</strong></span> <span class='ocrx_word' id='word_1_47' title='bbox 2308 1075 2395 1162; x_wconf 82' lang='lat' dir='ltr'><strong>legi-</strong></span> 
     </span>
     <span class='ocr_line' id='line_1_5' title="bbox 538 1221 2389 1316; baseline 0.001 -24"><span class='ocrx_word' id='word_1_48' title='bbox 538 1221 629 1292; x_wconf 84' lang='lat' dir='ltr'><strong>tima</strong></span> <span class='ocrx_word' id='word_1_49' title='bbox 655 1221 819 1311; x_wconf 85' lang='lat' dir='ltr'><strong>ingressa</strong></span> <span class='ocrx_word' id='word_1_50' title='bbox 842 1227 877 1292; x_wconf 91' lang='lat' dir='ltr'><strong>et</strong></span> <span class='ocrx_word' id='word_1_51' title='bbox 899 1241 1063 1311; x_wconf 82' lang='lat' dir='ltr'><strong>regressa</strong></span> <span class='ocrx_word' id='word_1_52' title='bbox 1081 1243 1159 1312; x_wconf 89' lang='lat' dir='ltr'><strong>sua,</strong></span> <span class='ocrx_word' id='word_1_53' title='bbox 1175 1243 1256 1293; x_wconf 88' lang='lat' dir='ltr'><strong>cum</strong></span> <span class='ocrx_word' id='word_1_54' title='bbox 1280 1225 1379 1294; x_wconf 89' lang='lat' dir='ltr'><strong>uobis</strong></span> <span class='ocrx_word' id='word_1_55' title='bbox 1402 1230 1438 1306; x_wconf 88' lang='lat' dir='ltr'><strong>et</strong></span> <span class='ocrx_word' id='word_1_56' title='bbox 1460 1246 1604 1298; x_wconf 91' lang='lat' dir='ltr'><strong>carrum</strong></span> <span class='ocrx_word' id='word_1_57' title='bbox 1627 1235 1663 1298; x_wconf 86' lang='lat' dir='ltr'><strong>et</strong></span> <span class='ocrx_word' id='word_1_58' title='bbox 1685 1248 1759 1299; x_wconf 89' lang='lat' dir='ltr'><strong>una</strong></span> <span class='ocrx_word' id='word_1_59' title='bbox 1781 1231 1855 1298; x_wconf 90' lang='lat' dir='ltr'><strong>suis</strong></span> <span class='ocrx_word' id='word_1_60' title='bbox 1878 1229 2043 1296; x_wconf 89' lang='lat' dir='ltr'><strong>omnibus</strong></span> <span class='ocrx_word' id='word_1_61' title='bbox 2065 1229 2295 1316; x_wconf 88' lang='lat' dir='ltr'><strong>pertinentiis</strong></span> <span class='ocrx_word' id='word_1_62' title='bbox 2312 1227 2389 1294; x_wconf 88' lang='lat' dir='ltr'><strong>vin·</strong></span> 
     </span>
     <span class='ocr_line' id='line_1_6' title="bbox 540 1374 2394 1467; baseline 0.002 -23"><span class='ocrx_word' id='word_1_63' title='bbox 540 1376 702 1446; x_wconf 83' lang='lat' dir='ltr'>dedimus</span> <span class='ocrx_word' id='word_1_64' title='bbox 726 1374 785 1445; x_wconf 91' lang='lat' dir='ltr'><strong>ille</strong></span> <span class='ocrx_word' id='word_1_65' title='bbox 811 1377 876 1445; x_wconf 89' lang='lat' dir='ltr'><strong>tibi</strong></span> <span class='ocrx_word' id='word_1_66' title='bbox 900 1376 1007 1446; x_wconf 90' lang='lat' dir='ltr'><strong>lando</strong></span> <span class='ocrx_word' id='word_1_67' title='bbox 1030 1376 1210 1464; x_wconf 89' lang='lat' dir='ltr'><strong>imperiali</strong></span> <span class='ocrx_word' id='word_1_68' title='bbox 1235 1383 1421 1450; x_wconf 89' lang='lat' dir='ltr'><strong>trumarca</strong></span> <span class='ocrx_word' id='word_1_69' title='bbox 1443 1379 1560 1448; x_wconf 89' lang='lat' dir='ltr'><strong>entori</strong></span> <span class='ocrx_word' id='word_1_70' title='bbox 1583 1386 1706 1449; x_wconf 90' lang='lat' dir='ltr'><strong>nostro</strong></span> <span class='ocrx_word' id='word_1_71' title='bbox 1729 1381 1989 1467; x_wconf 88' lang='lat' dir='ltr'><strong>possidendum.</strong></span> <span class='ocrx_word' id='word_1_72' title='bbox 2016 1384 2063 1449; x_wconf 88' lang='lat' dir='ltr'><strong>De</strong></span> <span class='ocrx_word' id='word_1_73' title='bbox 2079 1399 2149 1467; x_wconf 91' lang='lat' dir='ltr'><strong>quo</strong></span> <span class='ocrx_word' id='word_1_74' title='bbox 2172 1398 2235 1466; x_wconf 93' lang='lat' dir='ltr'><strong>pro</strong></span> <span class='ocrx_word' id='word_1_75' title='bbox 2253 1384 2394 1448; x_wconf 86' lang='lat' dir='ltr'><strong>consta-</strong></span> 
     </span>
     <span class='ocr_line' id='line_1_7' title="bbox 539 1527 2397 1619; baseline 0.003 -25"><span class='ocrx_word' id='word_1_76' title='bbox 539 1527 774 1597; x_wconf 88' lang='lat' dir='ltr'><strong>biliscendam</strong></span> <span class='ocrx_word' id='word_1_77' title='bbox 797 1533 906 1616; x_wconf 88' lang='lat' dir='ltr'><strong>atque</strong></span> <span class='ocrx_word' id='word_1_78' title='bbox 929 1529 1210 1600; x_wconf 85' lang='lat' dir='ltr'><strong>confirmandam</strong></span> <span class='ocrx_word' id='word_1_79' title='bbox 1235 1531 1301 1599; x_wconf 89' lang='lat' dir='ltr'><strong>tibi</strong></span> <span class='ocrx_word' id='word_1_80' title='bbox 1325 1535 1420 1600; x_wconf 83' lang='lat' dir='ltr'><strong>hanc</strong></span> <span class='ocrx_word' id='word_1_81' title='bbox 1444 1537 1602 1602; x_wconf 88' lang='lat' dir='ltr'><strong>nostram</strong></span> <span class='ocrx_word' id='word_1_82' title='bbox 1627 1533 1866 1603; x_wconf 89' lang='lat' dir='ltr'><strong>benditionem</strong></span> <span class='ocrx_word' id='word_1_83' title='bbox 1890 1533 2071 1604; x_wconf 80' lang='lat' dir='ltr'><strong>manifesti</strong></span> <span class='ocrx_word' id='word_1_84' title='bbox 2096 1552 2231 1619; x_wconf 87' lang='lat' dir='ltr'><strong>sumus,</strong></span> <span class='ocrx_word' id='word_1_85' title='bbox 2255 1532 2350 1619; x_wconf 89' lang='lat' dir='ltr'><strong>quod</strong></span> <span class='ocrx_word' id='word_1_86' title='bbox 2374 1553 2397 1602; x_wconf 86' lang='lat' dir='ltr'><strong>a</strong></span> 
     </span>
     <span class='ocr_line' id='line_1_8' title="bbox 540 1680 2394 1771; baseline 0.003 -25"><span class='ocrx_word' id='word_1_87' title='bbox 540 1683 705 1768; x_wconf 80' lang='lat' dir='ltr'><strong>presente</strong></span> <span class='ocrx_word' id='word_1_88' title='bbox 728 1680 929 1766; x_wconf 80' lang='lat' dir='ltr'><strong>recepimus</strong></span> <span class='ocrx_word' id='word_1_89' title='bbox 952 1701 975 1750; x_wconf 86' lang='lat' dir='ltr'><strong>a</strong></span> <span class='ocrx_word' id='word_1_90' title='bbox 998 1687 1033 1750; x_wconf 92' lang='lat' dir='ltr'><strong>te</strong></span> <span class='ocrx_word' id='word_1_91' title='bbox 1054 1681 1238 1751; x_wconf 92' lang='lat' dir='ltr'><strong>nominato</strong></span> <span class='ocrx_word' id='word_1_92' title='bbox 1268 1682 1373 1752; x_wconf 88' lang='lat' dir='ltr'><strong>lando</strong></span> <span class='ocrx_word' id='word_1_93' title='bbox 1400 1689 1585 1754; x_wconf 88' lang='lat' dir='ltr'><strong>trumarca</strong></span> <span class='ocrx_word' id='word_1_94' title='bbox 1612 1687 1728 1753; x_wconf 91' lang='lat' dir='ltr'><strong>entori</strong></span> <span class='ocrx_word' id='word_1_95' title='bbox 1756 1686 1878 1751; x_wconf 90' lang='lat' dir='ltr'><strong>nostro</strong></span> <span class='ocrx_word' id='word_1_96' title='bbox 1905 1683 2003 1753; x_wconf 84' lang='lat' dir='ltr'><strong>infra</strong></span> <span class='ocrx_word' id='word_1_97' title='bbox 2030 1685 2218 1756; x_wconf 88' lang='lat' dir='ltr'><strong>hanbabus</strong></span> <span class='ocrx_word' id='word_1_98' title='bbox 2247 1683 2394 1771; x_wconf 89' lang='lat' dir='ltr'><strong>quinde-</strong></span> 
     </span>
     <span class='ocr_line' id='line_1_9' title="bbox 541 1834 2398 1924; baseline 0.001 -20"><span class='ocrx_word' id='word_1_99' title='bbox 541 1837 612 1904; x_wconf 89' lang='lat' dir='ltr'><strong>cim</strong></span> <span class='ocrx_word' id='word_1_100' title='bbox 635 1839 737 1907; x_wconf 90' lang='lat' dir='ltr'><strong>aurei</strong></span> <span class='ocrx_word' id='word_1_101' title='bbox 761 1837 864 1906; x_wconf 91' lang='lat' dir='ltr'><strong>solidi</strong></span> <span class='ocrx_word' id='word_1_102' title='bbox 888 1839 1175 1907; x_wconf 86' lang='lat' dir='ltr'><strong>constantiniani</strong></span> <span class='ocrx_word' id='word_1_103' title='bbox 1201 1840 1283 1905; x_wconf 90' lang='lat' dir='ltr'><strong>boni</strong></span> <span class='ocrx_word' id='word_1_104' title='bbox 1309 1837 1429 1908; x_wconf 85' lang='lat' dir='ltr'><strong>scifati</strong></span> <span class='ocrx_word' id='word_1_105' title='bbox 1455 1856 1518 1924; x_wconf 90' lang='lat' dir='ltr'><strong>per</strong></span> <span class='ocrx_word' id='word_1_106' title='bbox 1544 1841 1665 1924; x_wconf 88' lang='lat' dir='ltr'><strong>caput,</strong></span> <span class='ocrx_word' id='word_1_107' title='bbox 1682 1843 1718 1905; x_wconf 90' lang='lat' dir='ltr'><strong>et</strong></span> <span class='ocrx_word' id='word_1_108' title='bbox 1737 1855 1808 1905; x_wconf 89' lang='lat' dir='ltr'><strong>uno</strong></span> <span class='ocrx_word' id='word_1_109' title='bbox 1830 1836 1951 1922; x_wconf 82' lang='lat' dir='ltr'><strong>tari03</strong></span> <span class='ocrx_word' id='word_1_110' title='bbox 1975 1834 2117 1903; x_wconf 86' lang='lat' dir='ltr'><strong>finitum</strong></span> <span class='ocrx_word' id='word_1_111' title='bbox 2143 1835 2295 1904; x_wconf 85' lang='lat' dir='ltr'><strong>dicimus</strong></span> <span class='ocrx_word' id='word_1_112' title='bbox 2310 1841 2398 1922; x_wconf 87' lang='lat' dir='ltr'><strong>aput</strong></span> 
     </span>
     <span class='ocr_line' id='line_1_10' title="bbox 542 1989 2399 2097; baseline -0.001 -39"><span class='ocrx_word' id='word_1_113' title='bbox 542 2009 607 2060; x_wconf 89' lang='lat' dir='ltr'><strong>nos</strong></span> <span class='ocrx_word' id='word_1_114' title='bbox 630 1996 810 2078; x_wconf 87' lang='lat' dir='ltr'><strong>receptum</strong></span> <span class='ocrx_word' id='word_1_115' title='bbox 833 1994 967 2062; x_wconf 89' lang='lat' dir='ltr'><strong>habere</strong></span> <span class='ocrx_word' id='word_1_116' title='bbox 990 1993 1106 2080; x_wconf 90' lang='lat' dir='ltr'><strong>ipsum</strong></span> <span class='ocrx_word' id='word_1_117' title='bbox 1131 1992 1300 2078; x_wconf 86' lang='lat' dir='ltr'><strong>pretium,</strong></span> <span class='ocrx_word' id='word_1_118' title='bbox 1327 1994 1378 2060; x_wconf 85' lang='lat' dir='ltr'><strong>Ea</strong></span> <span class='ocrx_word' id='word_1_119' title='bbox 1401 1990 1540 2060; x_wconf 88' lang='lat' dir='ltr'><strong>seilicet</strong></span> <span class='ocrx_word' id='word_1_120' title='bbox 1564 1991 1717 2075; x_wconf 89' lang='lat' dir='ltr'><strong>ratione,</strong></span> <span class='ocrx_word' id='word_1_121' title='bbox 1736 1993 1776 2058; x_wconf 91' lang='lat' dir='ltr'><strong>ut</strong></span> <span class='ocrx_word' id='word_1_122' title='bbox 1791 1990 1948 2097; x_wconf 29' lang='lat' dir='ltr'><strong>hamodo·</strong></span> <span class='ocrx_word' id='word_1_123' title='bbox 1964 1995 2002 2058; x_wconf 89' lang='lat' dir='ltr'><strong>et</strong></span> <span class='ocrx_word' id='word_1_124' title='bbox 2027 2006 2165 2076; x_wconf 86' lang='lat' dir='ltr'><strong>semper</strong></span> <span class='ocrx_word' id='word_1_125' title='bbox 2188 1989 2314 2058; x_wconf 89' lang='lat' dir='ltr'><strong>eadem</strong></span> <span class='ocrx_word' id='word_1_126' title='bbox 2337 2006 2399 2056; x_wconf 90' lang='lat' dir='ltr'><strong>no-</strong></span> 
     </span>
     <span class='ocr_line' id='line_1_11' title="bbox 546 2141 2399 2234; baseline -0.003 -21"><span class='ocrx_word' id='word_1_127' title='bbox 546 2151 660 2215; x_wconf 89' lang='lat' dir='ltr'><strong>stram</strong></span> <span class='ocrx_word' id='word_1_128' title='bbox 684 2145 926 2214; x_wconf 90' lang='lat' dir='ltr'><strong>benditionem</strong></span> <span class='ocrx_word' id='word_1_129' title='bbox 951 2145 1145 2234; x_wconf 83' lang='lat' dir='ltr'><strong>integram,</strong></span> <span class='ocrx_word' id='word_1_130' title='bbox 1171 2146 1264 2214; x_wconf 90' lang='lat' dir='ltr'><strong>sicut</strong></span> <span class='ocrx_word' id='word_1_131' title='bbox 1286 2165 1395 2234; x_wconf 87' lang='lat' dir='ltr'><strong>supra</strong></span> <span class='ocrx_word' id='word_1_132' title='bbox 1419 2145 1566 2232; x_wconf 84' lang='lat' dir='ltr'><strong>legitur,</strong></span> <span class='ocrx_word' id='word_1_133' title='bbox 1591 2146 1725 2212; x_wconf 88' lang='lat' dir='ltr'><strong>habere</strong></span> <span class='ocrx_word' id='word_1_134' title='bbox 1742 2148 1778 2212; x_wconf 91' lang='lat' dir='ltr'><strong>et</strong></span> <span class='ocrx_word' id='word_1_135' title='bbox 1794 2145 1971 2231; x_wconf 89' lang='lat' dir='ltr'><strong>possidere</strong></span> <span class='ocrx_word' id='word_1_136' title='bbox 1996 2144 2173 2229; x_wconf 72' lang='lat' dir='ltr'><strong>bematis,</strong></span> <span class='ocrx_word' id='word_1_137' title='bbox 2197 2147 2233 2210; x_wconf 89' lang='lat' dir='ltr'><strong>et</strong></span> <span class='ocrx_word' id='word_1_138' title='bbox 2256 2141 2399 2211; x_wconf 82' lang='lat' dir='ltr'><strong>faciatis</strong></span> 
     </span>
     <span class='ocr_line' id='line_1_12' title="bbox 544 2275 2399 2385; baseline -0.002 -21"><span class='ocrx_word' id='word_1_139' title='bbox 544 2297 674 2366; x_wconf 88' lang='lat' dir='ltr'><strong>exinde</strong></span> <span class='ocrx_word' id='word_1_140' title='bbox 698 2317 766 2385; x_wconf 91' lang='lat' dir='ltr'><strong>que</strong></span> <span class='ocrx_word' id='word_1_141' title='bbox 790 2298 913 2367; x_wconf 91' lang='lat' dir='ltr'><strong>amodo</strong></span> <span class='ocrx_word' id='word_1_142' title='bbox 937 2299 1002 2366; x_wconf 93' lang='lat' dir='ltr'><strong>tibi</strong></span> <span class='ocrx_word' id='word_1_143' title='bbox 1028 2301 1151 2385; x_wconf 91' lang='lat' dir='ltr'><strong>tuique</strong></span> <span class='ocrx_word' id='word_1_144' title='bbox 1180 2297 1370 2366; x_wconf 87' lang='lat' dir='ltr'><strong>heredibus</strong></span> <span class='ocrx_word' id='word_1_145' title='bbox 1397 2297 1589 2385; x_wconf 78' lang='lat' dir='ltr'><strong>placuerit,</strong></span> <span class='ocrx_word' id='word_1_146' title='bbox 1618 2297 1697 2364; x_wconf 90' lang='lat' dir='ltr'><strong>sine</strong></span> <span class='ocrx_word' id='word_1_147' title='bbox 1714 2275 1972 2367; x_wconf 79' lang='lat' dir='ltr'><strong>contraditione</strong></span> <span class='ocrx_word' id='word_1_148' title='bbox 1996 2299 2119 2364; x_wconf 88' lang='lat' dir='ltr'><strong>nostra</strong></span> <span class='ocrx_word' id='word_1_149' title='bbox 2143 2295 2244 2362; x_wconf 92' lang='lat' dir='ltr'><strong>etde</strong></span> <span class='ocrx_word' id='word_1_150' title='bbox 2267 2295 2399 2362; x_wconf 89' lang='lat' dir='ltr'><strong>nostris</strong></span> 
     </span>
     <span class='ocr_line' id='line_1_13' title="bbox 543 2441 2395 2539; baseline -0.006 -19"><span class='ocrx_word' id='word_1_151' title='bbox 543 2451 735 2521; x_wconf 90' lang='lat' dir='ltr'><strong>heredibus</strong></span> <span class='ocrx_word' id='word_1_152' title='bbox 758 2449 1003 2537; x_wconf 85' lang='lat' dir='ltr'><strong>requisitione.</strong></span> <span class='ocrx_word' id='word_1_153' title='bbox 1029 2450 1127 2518; x_wconf 91' lang='lat' dir='ltr'><strong>Unde</strong></span> <span class='ocrx_word' id='word_1_154' title='bbox 1149 2451 1285 2539; x_wconf 81' lang='lat' dir='ltr'><strong>guadia</strong></span> <span class='ocrx_word' id='word_1_155' title='bbox 1308 2450 1376 2520; x_wconf 91' lang='lat' dir='ltr'><strong>tibi</strong></span> <span class='ocrx_word' id='word_1_156' title='bbox 1400 2450 1562 2518; x_wconf 87' lang='lat' dir='ltr'><strong>dedimus</strong></span> <span class='ocrx_word' id='word_1_157' title='bbox 1584 2453 1620 2517; x_wconf 90' lang='lat' dir='ltr'><strong>et</strong></span> <span class='ocrx_word' id='word_1_158' title='bbox 1642 2447 1874 2517; x_wconf 83' lang='lat' dir='ltr'><strong>mediatorem</strong></span> <span class='ocrx_word' id='word_1_159' title='bbox 1899 2447 2080 2534; x_wconf 89' lang='lat' dir='ltr'><strong>posuimus</strong></span> <span class='ocrx_word' id='word_1_160' title='bbox 2104 2444 2192 2532; x_wconf 86' lang='lat' dir='ltr'><strong>gilio</strong></span> <span class='ocrx_word' id='word_1_161' title='bbox 2217 2441 2314 2512; x_wconf 85' lang='lat' dir='ltr'><strong>nlius</strong></span> <span class='ocrx_word' id='word_1_162' title='bbox 2339 2461 2395 2510; x_wconf 91' lang='lat' dir='ltr'><strong>ro-</strong></span> 
     </span>
     <span class='ocr_line' id='line_1_14' title="bbox 544 2599 2397 2690; baseline -0.003 -22"><span class='ocrx_word' id='word_1_163' title='bbox 544 2605 630 2689; x_wconf 86' lang='lat' dir='ltr'><strong>lrit;</strong></span> <span class='ocrx_word' id='word_1_164' title='bbox 654 2607 691 2672; x_wconf 88' lang='lat' dir='ltr'><strong>et</strong></span> <span class='ocrx_word' id='word_1_165' title='bbox 714 2602 914 2690; x_wconf 84' lang='lat' dir='ltr'><strong>obligamus</strong></span> <span class='ocrx_word' id='word_1_166' title='bbox 938 2620 1002 2670; x_wconf 87' lang='lat' dir='ltr'><strong>nos</strong></span> <span class='ocrx_word' id='word_1_167' title='bbox 1024 2608 1092 2670; x_wconf 89' lang='lat' dir='ltr'><strong>etc.</strong></span> <span class='ocrx_word' id='word_1_168' title='bbox 1118 2606 1286 2688; x_wconf 79' lang='lat' dir='ltr'><strong>Sequitur</strong></span> <span class='ocrx_word' id='word_1_169' title='bbox 1311 2607 1476 2672; x_wconf 85' lang='lat' dir='ltr'><strong>consuetu</strong></span> <span class='ocrx_word' id='word_1_170' title='bbox 1504 2603 1690 2688; x_wconf 80' lang='lat' dir='ltr'><strong>formula,</strong></span> <span class='ocrx_word' id='word_1_171' title='bbox 1715 2605 1853 2670; x_wconf 85' lang='lat' dir='ltr'><strong>statuta</strong></span> <span class='ocrx_word' id='word_1_172' title='bbox 1881 2605 1993 2670; x_wconf 86' lang='lat' dir='ltr'><strong>multu</strong></span> <span class='ocrx_word' id='word_1_173' title='bbox 2020 2599 2285 2686; x_wconf 70' lang='lat' dir='ltr'><strong>quinquaqinta</strong></span> <span class='ocrx_word' id='word_1_174' title='bbox 2308 2601 2397 2664; x_wconf 83' lang='lat' dir='ltr'><strong>auri</strong></span> 
     </span>
     <span class='ocr_line' id='line_1_15' title="bbox 546 2735 2400 2831; baseline -0.005 -3"><span class='ocrx_word' id='word_1_175' title='bbox 546 2759 741 2828; x_wconf 84' lang='lat' dir='ltr'><strong>solidorum</strong></span> <span class='ocrx_word' id='word_1_176' title='bbox 763 2757 1152 2826; x_wconf 82' lang='lat' dir='ltr'><strong>constantinionorunu.</strong></span> <span class='ocrx_word' id='word_1_177' title='bbox 1172 2756 1283 2831; x_wconf 83' lang='lat' dir='ltr'><strong>Quem</strong></span> <span class='ocrx_word' id='word_1_178' title='bbox 1301 2761 1335 2824; x_wconf 88' lang='lat' dir='ltr'><strong>te</strong></span> <span class='ocrx_word' id='word_1_179' title='bbox 1353 2756 1499 2824; x_wconf 85' lang='lat' dir='ltr'><strong>adelferi</strong></span> <span class='ocrx_word' id='word_1_180' title='bbox 1517 2735 1680 2824; x_wconf 85' lang='lat' dir='ltr'><strong>notarius</strong></span> <span class='ocrx_word' id='word_1_181' title='bbox 1699 2757 1794 2824; x_wconf 91' lang='lat' dir='ltr'><strong>hano</strong></span> <span class='ocrx_word' id='word_1_182' title='bbox 1810 2757 1950 2823; x_wconf 90' lang='lat' dir='ltr'><strong>cartam</strong></span> <span class='ocrx_word' id='word_1_183' title='bbox 1968 2752 2185 2822; x_wconf 90' lang='lat' dir='ltr'><strong>benditionis</strong></span> <span class='ocrx_word' id='word_1_184' title='bbox 2202 2751 2400 2820; x_wconf 85' lang='lat' dir='ltr'><strong>asscribere</strong></span> 
     </span>
     <span class='ocr_line' id='line_1_16' title="bbox 546 2909 2043 2998; baseline -0.001 -21"><span class='ocrx_word' id='word_1_185' title='bbox 546 2912 752 2998; x_wconf 83' lang='lat' dir='ltr'><strong>rogavimus</strong></span> <span class='ocrx_word' id='word_1_186' title='bbox 776 2913 896 2998; x_wconf 89' lang='lat' dir='ltr'><strong>quiet</strong></span> <span class='ocrx_word' id='word_1_187' title='bbox 921 2909 1095 2978; x_wconf 85' lang='lat' dir='ltr'><strong>interluit.</strong></span> <span class='ocrx_word' id='word_1_188' title='bbox 1121 2911 1250 2977; x_wconf 78' lang='lat' dir='ltr'><strong>Actum</strong></span> <span class='ocrx_word' id='word_1_189' title='bbox 1274 2912 1310 2977; x_wconf 91' lang='lat' dir='ltr'><strong>in</strong></span> <span class='ocrx_word' id='word_1_190' title='bbox 1335 2909 1480 2980; x_wconf 88' lang='lat' dir='ltr'><strong>civitate</strong></span> <span class='ocrx_word' id='word_1_191' title='bbox 1505 2911 1639 2980; x_wconf 90' lang='lat' dir='ltr'><strong>luceria</strong></span> <span class='ocrx_word' id='word_1_192' title='bbox 1664 2911 1857 2980; x_wconf 89' lang='lat' dir='ltr'><strong>indictione</strong></span> <span class='ocrx_word' id='word_1_193' title='bbox 1880 2909 2043 2980; x_wconf 85' lang='lat' dir='ltr'><strong>feliciter.</strong></span> 
     </span>
     <span class='ocr_line' id='line_1_17' title="bbox 593 3036 1228 3153; baseline 0.002 -22"><span class='ocrx_word' id='word_1_194' title='bbox 593 3036 623 3153; x_wconf 92' lang='lat'>†</span> <span class='ocrx_word' id='word_1_195' title='bbox 648 3067 722 3153; x_wconf 82' lang='lat' dir='ltr'><strong>Ego</strong></span> <span class='ocrx_word' id='word_1_196' title='bbox 745 3063 809 3152; x_wconf 93' lang='lat' dir='ltr'><strong>qui</strong></span> <span class='ocrx_word' id='word_1_197' title='bbox 832 3083 942 3152; x_wconf 88' lang='lat' dir='ltr'><strong>supra</strong></span> <span class='ocrx_word' id='word_1_198' title='bbox 965 3065 1096 3134; x_wconf 90' lang='lat' dir='ltr'><strong>ioanne</strong></span> <span class='ocrx_word' id='word_1_199' title='bbox 1121 3065 1228 3134; x_wconf 88' lang='lat' dir='ltr'><strong>iudex</strong></span> 
     </span>
    </p>
   </div>
   <div class='ocr_carea' id='block_1_3' title="bbox 596 3188 1127 3307">
    <p class='ocr_par' dir='ltr' id='par_1_3' title="bbox 596 3188 1127 3307">
     <span class='ocr_line' id='line_1_18' title="bbox 596 3188 1127 3307; baseline 0 -21"><span class='ocrx_word' id='word_1_200' title='bbox 596 3188 626 3305; x_wconf 92' lang='lat'>†</span> <span class='ocrx_word' id='word_1_201' title='bbox 651 3220 727 3307; x_wconf 82' lang='lat' dir='ltr'><strong>Ego</strong></span> <span class='ocrx_word' id='word_1_202' title='bbox 750 3217 933 3304; x_wconf 89' lang='lat' dir='ltr'><strong>trupoaldo</strong></span> <span class='ocrx_word' id='word_1_203' title='bbox 957 3223 1056 3286; x_wconf 89' lang='lat' dir='ltr'><strong>teste.</strong></span> <span class='ocrx_word' id='word_1_204' title='bbox 1120 3255 1127 3269; x_wconf 94' lang='lat'><strong>·</strong></span> 
     </span>
    </p>
   </div>
   <div class='ocr_carea' id='block_1_4' title="bbox 1349 3864 1601 3947">
    <p class='ocr_par' dir='ltr' id='par_1_4' title="bbox 1349 3864 1601 3947">
     <span class='ocr_line' id='line_1_19' title="bbox 1349 3864 1601 3947; baseline -0.052 0"><span class='ocrx_word' id='word_1_205' title='bbox 1349 3864 1601 3947; x_wconf 88' lang='lat' dir='ltr'>MXLIII.</span> 
     </span>
    </p>
   </div>
   <div class='ocr_carea' id='block_1_5' title="bbox 1326 4096 1625 4173">
    <p class='ocr_par' dir='ltr' id='par_1_5' title="bbox 1326 4096 1625 4173">
     <span class='ocr_line' id='line_1_20' title="bbox 1326 4096 1625 4173; baseline -0.023 0"><span class='ocrx_word' id='word_1_206' title='bbox 1326 4099 1383 4173; x_wconf 84' lang='lat' dir='ltr'><strong>A.</strong></span> <span class='ocrx_word' id='word_1_207' title='bbox 1412 4097 1466 4172; x_wconf 90' lang='lat' dir='ltr'><strong>D.</strong></span> <span class='ocrx_word' id='word_1_208' title='bbox 1498 4096 1625 4173; x_wconf 85' lang='lat'>1045.</span> 
     </span>
    </p>
   </div>
   <div class='ocr_carea' id='block_1_6' title="bbox 551 4389 2405 4934">
    <p class='ocr_par' dir='ltr' id='par_1_6' title="bbox 595 4389 855 4458">
     <span class='ocr_line' id='line_1_21' title="bbox 595 4389 855 4458; baseline -0.019 0"><span class='ocrx_word' id='word_1_209' title='bbox 595 4389 855 4458; x_wconf 81' lang='lat' dir='ltr'><strong>Sumrnuriurn:</strong></span> 
     </span>
    </p>

    <p class='ocr_par' dir='ltr' id='par_1_7' title="bbox 551 4487 2405 4934">
     <span class='ocr_line' id='line_1_22' title="bbox 598 4487 2405 4627; baseline 0 -21"><span class='ocrx_word' id='word_1_210' title='bbox 598 4487 830 4627; x_wconf 71' lang='lat' dir='ltr'><strong>†Vicesimo</strong></span> <span class='ocrx_word' id='word_1_211' title='bbox 853 4539 1003 4625; x_wconf 89' lang='lat' dir='ltr'><strong>septimo</strong></span> <span class='ocrx_word' id='word_1_212' title='bbox 1021 4555 1115 4608; x_wconf 88' lang='lat' dir='ltr'><strong>anno</strong></span> <span class='ocrx_word' id='word_1_213' title='bbox 1133 4540 1357 4625; x_wconf 87' lang='lat' dir='ltr'><strong>principatus</strong></span> <span class='ocrx_word' id='word_1_214' title='bbox 1380 4537 1516 4606; x_wconf 88' lang='lat' dir='ltr'><strong>Salerni</strong></span> <span class='ocrx_word' id='word_1_215' title='bbox 1534 4537 1654 4602; x_wconf 91' lang='lat' dir='ltr'><strong>domni</strong></span> <span class='ocrx_word' id='word_1_216' title='bbox 1673 4538 1884 4622; x_wconf 87' lang='lat' dir='ltr'><strong>Guaimarii,</strong></span> <span class='ocrx_word' id='word_1_217' title='bbox 1902 4539 1937 4603; x_wconf 88' lang='lat' dir='ltr'><strong>et</strong></span> <span class='ocrx_word' id='word_1_218' title='bbox 1953 4539 2053 4602; x_wconf 82' lang='lat' dir='ltr'><strong>sexto</strong></span> <span class='ocrx_word' id='word_1_219' title='bbox 2070 4535 2095 4619; x_wconf 84' lang='lat'><strong>(¹</strong></span> <span class='ocrx_word' id='word_1_220' title='bbox 2114 4553 2210 4603; x_wconf 88' lang='lat' dir='ltr'><strong>anno</strong></span> <span class='ocrx_word' id='word_1_221' title='bbox 2226 4536 2405 4622; x_wconf 88' lang='lat' dir='ltr'><strong>principa-</strong></span> 
     </span>
     <span class='ocr_line' id='line_1_23' title="bbox 552 4689 2405 4779; baseline -0.001 -20"><span class='ocrx_word' id='word_1_222' title='bbox 552 4699 609 4760; x_wconf 88' lang='lat' dir='ltr'><strong>tus</strong></span> <span class='ocrx_word' id='word_1_223' title='bbox 631 4692 783 4779; x_wconf 84' lang='lat' dir='ltr'><strong>Oapuae,</strong></span> <span class='ocrx_word' id='word_1_224' title='bbox 801 4697 836 4760; x_wconf 92' lang='lat' dir='ltr'><strong>et</strong></span> <span class='ocrx_word' id='word_1_225' title='bbox 852 4691 978 4779; x_wconf 91' lang='lat' dir='ltr'><strong>quinto</strong></span> <span class='ocrx_word' id='word_1_226' title='bbox 996 4692 1022 4774; x_wconf 87' lang='lat'><strong>¹)</strong></span> <span class='ocrx_word' id='word_1_227' title='bbox 1045 4690 1196 4758; x_wconf 88' lang='lat' dir='ltr'><strong>ducatus</strong></span> <span class='ocrx_word' id='word_1_228' title='bbox 1220 4689 1430 4777; x_wconf 85' lang='lat' dir='ltr'><strong>Amalpbiae</strong></span> <span class='ocrx_word' id='word_1_229' title='bbox 1446 4696 1482 4758; x_wconf 88' lang='lat' dir='ltr'><strong>et</strong></span> <span class='ocrx_word' id='word_1_230' title='bbox 1499 4691 1663 4775; x_wconf 75' lang='lat' dir='ltr'><strong>sinenti,</strong></span> <span class='ocrx_word' id='word_1_231' title='bbox 1678 4693 1714 4756; x_wconf 89' lang='lat' dir='ltr'><strong>et</strong></span> <span class='ocrx_word' id='word_1_232' title='bbox 1728 4689 1834 4758; x_wconf 88' lang='lat' dir='ltr'><strong>tertio</strong></span> <span class='ocrx_word' id='word_1_233' title='bbox 1850 4708 1945 4758; x_wconf 86' lang='lat' dir='ltr'><strong>anno</strong></span> <span class='ocrx_word' id='word_1_234' title='bbox 1962 4692 2290 4778; x_wconf 89' lang='lat' dir='ltr'><strong>suprascriptorum</strong></span> <span class='ocrx_word' id='word_1_235' title='bbox 2306 4692 2405 4776; x_wconf 91' lang='lat' dir='ltr'><strong>prin·</strong></span> 
     </span>
     <span class='ocr_line' id='line_1_24' title="bbox 551 4841 2404 4934; baseline -0.004 -18"><span class='ocrx_word' id='word_1_236' title='bbox 551 4848 737 4934; x_wconf 88' lang='lat' dir='ltr'><strong>cipatuum</strong></span> <span class='ocrx_word' id='word_1_237' title='bbox 762 4851 799 4913; x_wconf 88' lang='lat' dir='ltr'><strong>et</strong></span> <span class='ocrx_word' id='word_1_238' title='bbox 821 4845 1015 4913; x_wconf 87' lang='lat' dir='ltr'><strong>ducatuum</strong></span> <span class='ocrx_word' id='word_1_239' title='bbox 1040 4843 1158 4910; x_wconf 92' lang='lat' dir='ltr'><strong>domni</strong></span> <span class='ocrx_word' id='word_1_240' title='bbox 1182 4843 1305 4911; x_wconf 87' lang='lat' dir='ltr'><strong>Gisulll</strong></span> <span class='ocrx_word' id='word_1_241' title='bbox 1329 4843 1394 4910; x_wconf 87' lang='lat' dir='ltr'><strong>filii</strong></span> <span class='ocrx_word' id='word_1_242' title='bbox 1418 4841 1510 4930; x_wconf 86' lang='lat' dir='ltr'><strong>eius,</strong></span> <span class='ocrx_word' id='word_1_243' title='bbox 1535 4849 1571 4911; x_wconf 91' lang='lat' dir='ltr'><strong>et</strong></span> <span class='ocrx_word' id='word_1_244' title='bbox 1594 4843 1747 4912; x_wconf 90' lang='lat' dir='ltr'><strong>secundo</strong></span> <span class='ocrx_word' id='word_1_245' title='bbox 1770 4861 1865 4914; x_wconf 87' lang='lat' dir='ltr'><strong>anno</strong></span> <span class='ocrx_word' id='word_1_246' title='bbox 1888 4843 2040 4914; x_wconf 86' lang='lat' dir='ltr'><strong>ducatus</strong></span> <span class='ocrx_word' id='word_1_247' title='bbox 2060 4861 2185 4912; x_wconf 90' lang='lat' dir='ltr'><strong>eorum</strong></span> <span class='ocrx_word' id='word_1_248' title='bbox 2201 4841 2353 4930; x_wconf 83' lang='lat' dir='ltr'><strong>Apuliae</strong></span> <span class='ocrx_word' id='word_1_249' title='bbox 2368 4847 2404 4910; x_wconf 89' lang='lat' dir='ltr'><strong>et</strong></span> 
     </span>
    </p>
   </div>
   <div class='ocr_carea' id='block_1_7' title="bbox 550 4996 1588 5084">
    <p class='ocr_par' dir='ltr' id='par_1_8' title="bbox 550 4996 1588 5084">
     <span class='ocr_line' id='line_1_25' title="bbox 550 4996 1588 5084; baseline -0.005 -18"><span class='ocrx_word' id='word_1_250' title='bbox 550 5000 750 5084; x_wconf 83' lang='lat' dir='ltr'><strong>calabriae,</strong></span> <span class='ocrx_word' id='word_1_251' title='bbox 775 5013 894 5064; x_wconf 90' lang='lat' dir='ltr'><strong>mense</strong></span> <span class='ocrx_word' id='word_1_252' title='bbox 917 4997 1125 5082; x_wconf 88' lang='lat' dir='ltr'><strong>Februari0‚</strong></span> <span class='ocrx_word' id='word_1_253' title='bbox 1149 4996 1357 5064; x_wconf 89' lang='lat' dir='ltr'><strong>duodecima</strong></span> <span class='ocrx_word' id='word_1_254' title='bbox 1379 4996 1588 5066; x_wconf 87' lang='lat' dir='ltr'><strong>indictione.</strong></span> 
     </span>
    </p>
   </div>
   <div class='ocr_carea' id='block_1_8' title="bbox 603 5147 2407 5242">
    <p class='ocr_par' dir='ltr' id='par_1_9' title="bbox 603 5147 2407 5242">
     <span class='ocr_line' id='line_1_26' title="bbox 603 5147 2407 5242; baseline -0.007 -18"><span class='ocrx_word' id='word_1_255' title='bbox 603 5158 663 5226; x_wconf 83' lang='lat' dir='ltr'><strong>Sic</strong></span> <span class='ocrx_word' id='word_1_256' title='bbox 686 5159 815 5240; x_wconf 77' lang='lat' dir='ltr'><strong>incipit</strong></span> <span class='ocrx_word' id='word_1_257' title='bbox 839 5159 958 5223; x_wconf 81' lang='lat' dir='ltr'><strong>tentus</strong></span> <span class='ocrx_word' id='word_1_258' title='bbox 973 5189 1012 5208; x_wconf 89' lang='lat'>-</span> <span class='ocrx_word' id='word_1_259' title='bbox 1027 5154 1177 5240; x_wconf 86' lang='lat' dir='ltr'><strong>Ideoque</strong></span> <span class='ocrx_word' id='word_1_260' title='bbox 1199 5172 1265 5242; x_wconf 83' lang='lat' dir='ltr'><strong>ego</strong></span> <span class='ocrx_word' id='word_1_261' title='bbox 1288 5153 1422 5223; x_wconf 87' lang='lat' dir='ltr'><strong>andrea</strong></span> <span class='ocrx_word' id='word_1_262' title='bbox 1445 5151 1540 5220; x_wconf 88' lang='lat' dir='ltr'><strong>lilius</strong></span> <span class='ocrx_word' id='word_1_263' title='bbox 1564 5153 1740 5240; x_wconf 89' lang='lat' dir='ltr'><strong>quondam</strong></span> <span class='ocrx_word' id='word_1_264' title='bbox 1766 5151 1908 5238; x_wconf 73' lang='lat' dir='ltr'><strong>Silarum,</strong></span> <span class='ocrx_word' id='word_1_265' title='bbox 1927 5168 2034 5238; x_wconf 89' lang='lat' dir='ltr'><strong>quam</strong></span> <span class='ocrx_word' id='word_1_266' title='bbox 2052 5154 2090 5217; x_wconf 88' lang='lat' dir='ltr'><strong>et</strong></span> <span class='ocrx_word' id='word_1_267' title='bbox 2105 5168 2170 5239; x_wconf 87' lang='lat' dir='ltr'><strong>ego</strong></span> <span class='ocrx_word' id='word_1_268' title='bbox 2193 5147 2323 5217; x_wconf 89' lang='lat' dir='ltr'><strong>mulier</strong></span> <span class='ocrx_word' id='word_1_269' title='bbox 2346 5163 2407 5213; x_wconf 91' lang='lat' dir='ltr'><strong>no-</strong></span> 
     </span>
    </p>
   </div>
   <div class='ocr_carea' id='block_1_9' title="bbox 594 5685 920 5774">
    <p class='ocr_par' dir='ltr' id='par_1_10' title="bbox 594 5685 920 5774">
     <span class='ocr_line' id='line_1_27' title="bbox 594 5685 920 5774; baseline -0.003 -22"><span class='ocrx_word' id='word_1_270' title='bbox 594 5685 621 5774; x_wconf 86' lang='lat'><strong>¹)</strong></span> <span class='ocrx_word' id='word_1_271' title='bbox 643 5691 748 5772; x_wconf 80' lang='lat' dir='ltr'><strong>Lege:</strong></span> <span class='ocrx_word' id='word_1_272' title='bbox 773 5692 920 5770; x_wconf 79' lang='lat' dir='ltr'><strong>septimo.</strong></span> 
     </span>
    </p>
   </div>
   <div class='ocr_carea' id='block_1_10' title="bbox 597 5841 826 5916">
    <p class='ocr_par' dir='ltr' id='par_1_11' title="bbox 597 5841 826 5916">
     <span class='ocr_line' id='line_1_28' title="bbox 597 5841 826 5916; baseline 0.009 -18"><span class='ocrx_word' id='word_1_273' title='bbox 597 5841 622 5916; x_wconf 82' lang='lat'><strong>²)</strong></span> <span class='ocrx_word' id='word_1_274' title='bbox 667 5863 682 5898; x_wconf 88' lang='lat' dir='ltr'><strong>u</strong></span> <span class='ocrx_word' id='word_1_275' title='bbox 727 5845 826 5901; x_wconf 70' lang='lat' dir='ltr'><strong>sexto·</strong></span> 
     </span>
    </p>
   </div>
   <div class='ocr_carea' id='block_1_11' title="bbox 0 0 2732 7108">
    <p class='ocr_par' dir='ltr' id='par_1_12' title="bbox 0 0 2732 7108">
     <span class='ocr_line' id='line_1_29' title="bbox 0 0 2732 7108; baseline 0 0"><span class='ocrx_word' id='word_1_276' title='bbox 0 0 2732 7108; x_wconf 95' lang='lat' dir='ltr'><strong> </strong></span> 
     </span>
    </p>
   </div>
  </div>
 </body>
</html>
