5406 7090
1032 519 1197 606 susc.
1239 534 1315 608 vu.
2084 538 2107 609 o

264 813 274 830 .
305 795 320 829 a
350 762 438 848 vult,
464 762 549 837 talia
568 763 664 838 dicit.
694 762 770 836 Non
798 782 923 835 omnes
949 761 1034 834 dixit
1061 759 1167 854 sequi
1185 757 1355 832 christum
1383 783 1510 840 sermo.
1539 762 1599 834 sed
1626 786 1686 835 eos
1713 763 1772 857 qui
1799 770 1883 836 tunc
1911 764 2054 838 luerunt
2078 783 2158 858 apo·

304 955 319 989 n
350 920 447 1010 stoli,
469 923 579 1018 etqui
608 922 769 996 similiter
794 922 845 994 eis
867 922 980 995 secuti
1000 924 1139 994 luerunt
1165 945 1257 1008 enm,
1280 931 1418 996 secutos
1437 945 1473 993 se
1491 922 1689 1020 appellavit;
1711 923 1920 1017 posteriores
1945 931 2059 996 autem
2087 945 2159 994 ma·

302 1112 320 1152 a
347 1082 527 1157 nisestarit
558 1107 616 1178 per
643 1081 730 1156 illud
757 1083 847 1178 quod
874 1081 975 1166 dixit,
1004 1092 1038 1154 et
1064 1081 1177 1152 omnis
1203 1081 1261 1176 qui
1290 1079 1468 1176 reliquerit
1493 1081 1644 1170 fratres,
1674 1092 1733 1155 aut
1759 1105 1911 1168 sorores,
1941 1091 1976 1155 et
2001 1090 2153 1154 caetera.

304 1277 319 1311 a
347 1244 411 1332 Qui
440 1266 522 1340 ergo
549 1242 659 1316 secuti
685 1253 768 1316 sont
795 1241 997 1327 Christum,
1027 1263 1095 1315 non
1124 1241 1290 1338 quaedam
1319 1243 1378 1314 sed
1420 1246 1535 1317 omnia
1563 1244 1826 1338 relinquentes,
1854 1240 2027 1315 sedebunt
2053 1265 2157 1338 super

306 1435 320 1468 u
344 1371 698 1478 duodecim‘trbonos
737 1403 933 1478 iudicantes
960 1403 1151 1478 duodecim
1183 1400 1294 1476 tribus
1322 1402 1461 1474 israhel.
1490 1403 1535 1476 ut
1558 1402 1646 1475 hanc
1685 1411 1891 1500 potestatem
1918 1403 2092 1499 accipient
2117 1402 2152 1472 in

303 1597 317 1630 a
349 1563 603 1638 resurrectione
632 1573 860 1638 mortuorum.
890 1565 965 1660 lpsa
990 1573 1044 1638 est
1070 1563 1163 1636 euim
1189 1567 1367 1659 generatio
1394 1573 1428 1636 et
1454 1587 1540 1636 nova
1559 1564 1729 1652 quaedam
1756 1564 1921 1636 nativitas
1947 1563 2150 1650 constituta,

305 1757 318 1790 r
350 1725 486 1820 quando
511 1733 545 1798 et
583 1725 720 1798 coelom
748 1749 876 1798 novum
903 1734 939 1798 et
963 1736 1054 1800 terra
1082 1749 1170 1797 nova
1196 1733 1334 1797 creatur
1360 1725 1427 1796 hiis
1453 1725 1511 1818 qui
1540 1747 1577 1796 se
1604 1723 1713 1820 ipsios
1739 1723 1849 1818 gratia
1877 1731 2164 1810 renovaverunt,

304 1919 318 1952 a
349 1898 383 1959 et
409 1910 537 1958 novum
565 1885 715 1959 traditur
740 1895 986 1959 testamentum
1005 1897 1040 1960 et
1057 1887 1150 1961 calix
1176 1887 1297 1982 ipsius.
1327 1883 1425 1957 lllius
1444 1895 1558 1958 autem
1586 1884 1860 1980 regenerationis
1888 1883 2078 1979 praemium
2105 1893 2160 1956 est

305 2081 318 2112 «
349 2049 440 2142 qnod
467 2047 555 2141 apud
581 2045 728 2120 Paulum
756 2053 899 2118 vocatur
916 2046 1090 2119 lavacrum
1111 2047 1398 2142 regenerationis,
1419 2057 1454 2118 et
1472 2046 1566 2119 illius
1585 2046 1747 2120 novitatis
1766 2047 1969 2141 mysterium
1997 2055 2048 2118 est
2073 2045 2159 2120 haec

304 2241 318 2274 n
349 2207 526 2281 renouatio
544 2208 698 2302 spiritus.
720 2207 765 2280 Et
782 2206 927 2279 lorsitan
948 2205 1085 2300 quidem
1102 2209 1294 2280 secuudum
1310 2207 1398 2279 hanc
1416 2206 1628 2281 nativitatem
1645 2229 1748 2278 nemo
1761 2217 1813 2279 est
1833 2207 1983 2280 mundus
2001 2232 2019 2279 a
2038 2207 2155 2294 sorde,

304 2403 318 2436 a
349 2379 384 2443 et
402 2370 429 2440 si
461 2368 565 2442 unius
592 2366 659 2438 diei
687 2366 733 2438 sit
759 2365 827 2438 vita
853 2366 953 2461 ejus,
983 2377 1121 2462 propter
1147 2367 1338 2440 nativitatis
1365 2379 1501 2441 nostrae
1528 2367 1676 2440 carnalis
1704 2367 1934 2463 mysterium,
1963 2368 2155 2441 secuudum

303 2565 318 2598 n
348 2533 437 2627 qood
456 2532 504 2605 ait
521 2532 622 2604 david
650 2533 691 2602 de
709 2554 854 2627 persona
881 2531 1036 2603 omnium
1064 2531 1281 2602 nascentium
1300 2553 1340 2600 ex
1366 2552 1469 2600 carne
1486 2539 1520 2600 et
1537 2527 1720 2620 sanguine,
1737 2551 1843 2621 quum
1859 2529 1893 2598 iu
1916 2526 2155 2623 iniquitatibus

301 2724 315 2758 n
346 2702 532 2788 conceptus
559 2715 634 2764 sum
653 2700 687 2766 et
706 2692 739 2764 in
766 2688 901 2762 delictis
927 2688 1090 2784 concepit
1109 2711 1161 2757 nro
1182 2699 1289 2760 mater
1309 2711 1396 2773 mea;
1425 2651 1618 2758 secundum
1646 2687 1943 2780 regenerationem
1962 2701 2076 2764 autem
2097 2688 2154 2762 ba·

304 2875 318 2924 rr
346 2852 528 2946 ptismatis,
558 2851 671 2922 orunis
697 2848 1121 2944 quidemestmuudusa
1160 2847 1260 2919 sorde
1295 2847 1351 2940 qui
1392 2856 1532 2919 renatus
1558 2868 1599 2914 ex
1625 2870 1711 2940 aqua
1737 2857 1770 2918 et
1802 2848 1951 2942 spiritu,
1980 2849 2160 2921 audaciter

242 3021 247 3030 ·
302 3040 317 3074 a
347 2967 460 3082 autem
488 3007 625 3094 dicam,
655 3008 805 3080 muudus
831 3019 881 3082 est
909 3033 967 3104 per
993 2993 1170 3102 speculum
1198 3017 1232 3078 et
1258 3005 1290 3074 in
1320 3006 1506 3098 enigmate.
1530 3006 1731 3104 Secundum
1759 3015 1896 3082 tertiam
1915 3017 2030 3079 autern
2060 3035 2158 3108 rege·
2218 3093 2221 3100 ,

303 3197 317 3232 a
349 3169 577 3253 iterationem,
607 3170 744 3263 quando
772 3171 902 3242 sederit
928 3170 1021 3242 filius
1043 3170 1197 3252 ⁴bominis
1225 3169 1259 3240 in
1286 3171 1367 3241 sede
1393 3171 1522 3264 gloriae
1550 3195 1644 3258 suae,
1673 3173 1786 3244 onruis
1821 3175 1878 3268 qui
1916 3174 1947 3244 in
1976 3175 2072 3248 illam
2101 3200 2156 3254 re·

302 3360 315 3392 a
347 3330 609 3422 generationem
637 3329 772 3401 venerit
799 3351 885 3422 quae
913 3340 965 3402 est
991 3330 1024 3400 in
1054 3329 1197 3416 christo,
1220 3331 1539 3436 mundissimusest
1559 3356 1576 3402 a
1596 3332 1709 3418 sorde,
1726 3343 1760 3406 ct
1779 3335 1865 3407 lacie
1885 3338 1923 3405 ad
1954 3337 2077 3410 faciem
2105 3342 2155 3413 vi·

302 3516 316 3551 a
346 3486 451 3561 debit.
480 3489 612 3584 etipse
641 3499 716 3582 post
742 3491 919 3564 lavacrum
949 3496 1220 3588 regenerationis
1248 3483 1390 3570 veniens
1417 3500 1458 3570 ad
1487 3499 1580 3570 illam
1622 3505 1931 3598 regenerationem.
1971 3508 2007 3580 Si
2036 3521 2152 3582 autern

302 3679 315 3711 n
346 3648 398 3719 vis
418 3648 627 3743 intelligere,
657 3650 741 3721 illud
771 3650 947 3725 lavacrum
976 3641 1145 3748 intellige,
1177 3679 1245 3749 quo
1273 3657 1373 3729 ruodo
1401 3658 1568 3730 iohannes
1596 3661 1629 3730 in
1657 3685 1743 3756 aqua
1770 3663 1946 3760 baptizans
1974 3669 2007 3738 iu
2038 3671 2154 3764 poeui-

296 3837 314 3870 a
347 3805 452 3880 tentia
479 3806 567 3880 dicit
593 3807 635 3880 de
661 3809 856 3896 salvatore,
885 3833 992 3904 quum
1021 3812 1092 3906 ipse
1119 3837 1183 3885 nos
1207 3812 1390 3910 baptizabit
1429 3820 1462 3888 in
1490 3819 1614 3914 spirito
1645 3831 1679 3894 et
1706 3821 1739 3892 iu
1769 3822 1860 3917 igne.
1899 3825 1936 3895 ln
1976 3829 2042 3902 ista
2069 3853 2150 3927 ergo

300 3995 315 4031 n
346 3963 608 4060 regeneratione
634 3963 852 4061 baptismatis
878 3971 1072 4065 consepulti
1100 3996 1221 4045 sumus
1248 3997 1327 4048 cunr
1344 3976 1474 4050 cbristo
1496 3981 1690 4053 secundum
1717 3982 1909 4078 apostolum
1937 4011 1998 4084 per
2022 3989 2153 4087 baptis-

299 4155 314 4188 «
346 4147 454 4196 mum.
482 4123 519 4194 ln
546 4121 643 4197 illius
669 4133 784 4197 autem
812 4129 1073 4222 regeneratione
1100 4129 1314 4227 baptismatis
1332 4137 1422 4228 quod
1441 4138 1507 4212 erit
1533 4139 1568 4210 in
1597 4141 1720 4236 spiritu
1746 4145 1833 4216 etin
1855 4145 2150 4242 igneconlormes
2215 4221 2221 4234 ,

300 4311 314 4346 «
345 4279 534 4356 efficiemur
561 4282 716 4378 corporis
742 4282 872 4378 gloriae
903 4284 1022 4362 christi
1049 4289 1203 4364 sedentis
1237 4294 1271 4364 in
1299 4295 1381 4366 sede
1406 4297 1535 4393 gloriae
1561 4323 1656 4390 suae,
1689 4312 1724 4375 et
1750 4302 1813 4400 ipsi
1844 4307 2006 4382 sedentes
2045 4333 2148 4408 super

297 4472 313 4506 a
343 4441 527 4520 duodecim
552 4439 709 4530 thronos,
731 4444 760 4515 si
780 4452 894 4517 tamen
925 4445 1162 4540 relinquentes
1188 4453 1316 4541 omnia,
1337 4456 1529 4529 secundum
1549 4467 1729 4555 utramque
1749 4463 2080 4559 interpetrationem.
2094 4493 2153 4542 su-

299 4627 314 4674 u
343 4603 459 4699 parius
486 4604 624 4690 iactam,
654 4602 763 4700 magis
790 4612 902 4677 autern
930 4607 1122 4679 secundum
1148 4609 1257 4698 illam,
1287 4613 1366 4707 quia
1391 4615 1503 4710 (cod,
1539 4639 1606 4710 qua
1639 4625 1741 4717 corr.)
1777 4626 1887 4698 secuti
1916 4649 2037 4698 sumus
2065 4626 2154 4700 chri·

298 4793 312 4828 a
343 4769 448 4835 stum.
476 4761 574 4834 Tunc
601 4770 716 4836 autem
743 4786 822 4835 cum
850 4764 978 4837 sederit
1004 4765 1097 4840 filius
1123 4765 1275 4841 bominis
1310 4773 1343 4844 in
1370 4777 1454 4849 sede
1480 4777 1611 4872 gloriae
1644 4803 1739 4866 suae,
1770 4785 1932 4880 impletor
1962 4787 2144 4882 prophetia

298 4910 312 4988 i
342 4945 429 5018 quae
455 4922 552 4996 dicit:
582 4921 667 4995 dicit
694 4923 857 4996 dominus
883 4926 1024 4999 domino
1052 4951 1142 5015 meo,
1162 4928 1243 5000 sede
1270 4954 1288 5001 a
1316 4933 1440 5005 destris
1468 4936 1568 5024 meis,
1589 4938 1700 5012 donec
1727 4965 1848 5035 ponaur
1875 4945 2038 5018 inimicos
2066 4956 2145 5018 tuos

295 5087 311 5148 ‹r'
340 5081 532 5155 scabellum
561 5083 687 5179 pedum
714 5094 868 5158 tuorum.
899 5084 1041 5159 Sedebit
1066 5097 1180 5160 autem
1208 5087 1301 5163 filius
1331 5091 1480 5166 bominis
1506 5121 1610 5192 super
1636 5100 1753 5172 sedem
1781 5101 1911 5196 gloriae
1938 5129 2034 5189 suae,
2064 5129 2144 5178 cum

296 5274 310 5307 n
340 5242 459 5315 nullus
481 5243 755 5340 contemptibilis
779 5255 813 5318 et
839 5247 1009 5340 inglorius
1036 5249 1142 5322 luerit
1168 5249 1202 5321 in
1231 5274 1337 5348 reguo
1359 5255 1448 5349 ejus.
1468 5256 1596 5328 Omnes
1622 5259 1714 5328 enim
1744 5267 1826 5330 tuno
1853 5264 1910 5355 qui
1940 5263 2086 5359 gloriam
2106 5267 2151 5340 ab

296 5427 311 5475 u
341 5402 539 5476 hominibus
567 5429 634 5477 non
661 5415 902 5501 acceperunt,
930 5430 994 5482 nec
1020 5409 1180 5488 lecerunt
1207 5412 1336 5509 aliquid
1365 5423 1402 5487 ut
1428 5413 1470 5487 ab
1509 5416 1708 5490 hominibus
1747 5417 2055 5514 glorificarentur,
2085 5429 2146 5500 sed

297 5595 311 5628 a
343 5563 451 5637 solam
478 5564 623 5660 gloriam
644 5587 735 5658 quae
758 5587 801 5639 ex
819 5567 883 5640 deo
920 5577 974 5641 est
1010 5570 1267 5664 quaesierunt,
1307 5575 1502 5673 regnabunt
1537 5601 1614 5650 com
1643 5601 1683 5649 eo
1710 5580 1767 5672 qui
1796 5582 1929 5656 sedebit
1964 5609 2068 5681 super
2095 5611 2149 5662 se-

296 5753 310 5787 «
340 5723 419 5794 dem
454 5723 584 5817 gloriae
620 5747 736 5796 suae*
758 5726 856 5798 Tunc
894 5728 1093 5825 implebitur
1117 5743 1151 5807 et
1177 5733 1287 5804 oratio
1313 5731 1465 5819 christi,
1495 5757 1561 5828 qua
1589 5737 1700 5810 orarit
1736 5748 1769 5809 et
1797 5741 1899 5814 dixit:
1931 5741 2044 5829 Pater,
2075 5749 2149 5844 glo·

296 5913 310 5947 n
341 5879 435 5955 rilica
462 5905 516 5953 me
543 5883 652 5978 gloria
687 5909 790 5981 quarn
817 5886 919 5961 habui
951 5890 1149 5986 priusquam
1172 5893 1335 5966 ⁴mundus
1364 5905 1457 5968 esset
1486 5895 1574 5989 apud
1603 5902 1647 5965 te.
1686 5897 1783 5968 Tunc
1814 5909 1929 5973 autern
1957 5926 2037 5976 cum
2064 5905 2151 5982 baec

442 6040 514 6098 Tou.
531 6053 569 6098 rr.
866 6075 870 6084 ·
972 6064 980 6076 ·
1263 6087 1266 6092 ·
1920 6067 1937 6121 t
