5456 7096
618 488 687 562 lla
1255 475 1430 549 conbx
1463 468 1733 546 ouvnnsls

568 717 663 786 siout
687 713 730 784 de
753 717 873 783 tantos
895 729 1008 782 annos
1030 711 1067 778 et
1089 707 1186 774 locus
1210 704 1284 791 ipse
1306 700 1488 786 meruerit,
1511 699 1550 768 et
1571 698 1617 766 ab
1640 692 1723 762 inde
1747 689 1785 757 in
1807 692 1915 759 antea
1937 686 2033 756 omni
2057 688 2214 772 tempore
2230 686 2306 754 tota
2332 682 2416 771 ipsa

568 869 677 936 rebus
700 883 764 933 suo
787 867 945 949 tempore
968 861 1011 929 de
1034 875 1140 944 super
1163 861 1199 924 et
1221 855 1387 940 desupter
1412 853 1587 935 laborare,
1612 850 1648 916 et
1669 845 1821 928 cultare,
1846 845 1882 911 et
1898 839 2054 910 studiare
2078 841 2191 907 totum
2207 837 2352 922 bonum,
2368 836 2419 904 si·

569 1019 630 1085 cut
654 1015 839 1100 meruerit,
862 1017 899 1080 et
921 1013 973 1078 sio
997 1027 1060 1096 per
1082 1024 1195 1078 annos
1217 1003 1320 1073 illum
1344 1003 1521 1086 laborare,
1546 1004 1587 1067 ut
1610 1015 1672 1083 per
1696 996 1812 1066 omnis
1836 1009 1972 1063 annum
1995 994 2126 1061 bonum
2150 989 2352 1057 laboratum
2382 990 2418 1056 et

569 1165 743 1234 cultatum
766 1165 905 1249 pareat,
929 1165 1107 1247 quatenus
1131 1159 1169 1226 in
1193 1155 1320 1225 melius
1344 1136 1530 1242 proficiam
1553 1156 1590 1221 et
1613 1169 1684 1217 non
1700 1150 1920 1236 dispereant,
1936 1149 1973 1215 ot
1990 1149 2101 1214 totum
2124 1143 2205 1211 illut
2223 1143 2418 1211 oirooitum

569 1315 652 1386 illut
673 1315 830 1400 cludere,
854 1319 890 1380 et
913 1332 1050 1400 semper
1075 1310 1156 1379 illut
1177 1309 1310 1378 clusum
1334 1313 1370 1375 et
1391 1308 1530 1376 salbum
1553 1308 1697 1389 abeant3
1722 1307 1758 1371 et
1780 1301 1905 1370 amodo
1929 1303 1965 1367 et
1987 1315 2125 1383 semper
2141 1312 2355 1382 perannum
2373 1292 2417 1362 de

568 1468 749 1536 vindemie
772 1467 907 1536 saciant
931 1465 1004 1533 illis
1026 1467 1119 1533 scire
1143 1482 1199 1531 me
1222 1461 1278 1529 vel
1301 1478 1395 1528 meos
1418 1458 1552 1542 eredeS,
1576 1462 1613 1524 ut
1636 1474 1701 1542 ego
1726 1453 1781 1522 vel
1806 1453 1953 1519 missum
1977 1453 2136 1517 nostrum
2161 1446 2248 1516 illuc
2282 1446 2418 1534 diriga·
2530 1547 2535 1556 Ι

570 1639 662 1708 mue,
687 1619 741 1687 vel
763 1636 839 1704 nos,
863 1623 900 1687 et
924 1617 996 1685 illis
1020 1621 1093 1685 tota
1118 1615 1196 1702 ipsa
1218 1616 1324 1683 vinea
1347 1617 1383 1682 et
1398 1614 1559 1696 arhusin,
1576 1612 1638 1696 qui
1657 1607 1758 1675 modo
1776 1608 1828 1676 ibi
1846 1611 1899 1676 est
1914 1607 2024 1690 iactu,
2042 1608 2078 1672 et
2095 1603 2280 1689 illutquod
2298 1606 2411 1689 paste-

513 1813 514 1818 ,
568 1773 726 1860 naverit,
742 1791 806 1859 per
822 1788 936 1840 annos
952 1769 1094 1856 quando
1109 1768 1294 1852 meruerit,
1312 1768 1425 1833 totum
1443 1761 1523 1830 illut
1538 1761 1779 1844 vendemiare,
1795 1762 1832 1826 et
1848 1756 1990 1844 quando
2009 1757 2195 1839 meruerit,
2213 1769 2317 1840 poma
2332 1752 2416 1821 inde

507 1933 509 1938 ’
569 1925 752 2013 colligere,
778 1927 815 1991 et
836 1922 949 1990 omnis
973 1923 1095 1989 vinum
1119 1919 1250 1987 exinde
1273 1917 1395 2002 ibique
1418 1914 1464 1984 ad
1488 1915 1703 2001 palmentum
1728 1911 1800 1978 illis
1824 1908 1983 1976 dividere
2000 1925 2063 1994 per
2087 1906 2325 1975 medietatem:
2346 1923 2411 1975 nos

568 2075 738 2144 tollamus
761 2074 844 2141 illut
868 2072 1109 2154 medietatem,
1132 2073 1169 2137 et
1192 2067 1264 2136 illis
1288 2067 1525 2152 medietatem;
1550 2069 1586 2134 et
1609 2068 1685 2150 ipsa
1700 2066 1822 2131 nostra
1838 2062 2026 2130 medietate
2043 2060 2085 2127 de
2104 2059 2179 2146 ipso
2198 2060 2320 2128 vinum
2338 2061 2410 2129 illis

569 2246 740 2316 reponere
764 2227 917 2296 debeant
943 2225 1063 2310 ibique
1087 2224 1126 2290 in
1149 2225 1273 2292 domus
1300 2241 1364 2291 sua
1388 2219 1426 2286 in
1449 2237 1608 2307 organea
1631 2225 1753 2286 nostra
1776 2235 1845 2303 que
1871 2217 1990 2303 ibique
2015 2236 2138 2285 eorum
2161 2215 2411 2302 adsignaveri-

569 2399 663 2465 muS,
680 2398 743 2465 per
760 2378 831 2445 illis
854 2378 983 2444 bonum
1006 2377 1207 2444 conciatum
1232 2379 1268 2442 et
1291 2374 1502 2459 studiatum,
1526 2372 1621 2439 sicut
1646 2371 1826 2456 meruerit,
1850 2373 1886 2438 et
1900 2370 2036 2438 saciant
2050 2370 2129 2438 illut
2146 2371 2298 2456 salbum,
2315 2371 2400 2438 dum

570 2527 654 2600 illu't
679 2531 760 2600 inde
783 2530 972 2598 tulerimus
995 2532 1128 2616 absque
1150 2528 1194 2594 de
1216 2529 1326 2614 ingne
1341 2531 1377 2594 et
1392 2530 1511 2612 gente,
1528 2529 1563 2593 et
1580 2525 1639 2592 ubi
1659 2525 1733 2609 ipso
1751 2523 1872 2593 vinum
1889 2523 1972 2593 iude
1990 2491 2189 2610 tulerimus,
2208 2527 2286 2611 ipsa
2304 2528 2407 2594 bucto

570 2685 647 2752 illis
669 2705 692 2754 a
715 2684 890 2770 presentis
913 2683 1066 2748 sleczare
1088 2685 1125 2747 et
1150 2678 1269 2748 labare
1292 2681 1398 2762 bona,
1422 2681 1514 2746 siout
1531 2681 1714 2763 meruerit3
1732 2683 1768 2748 et
1784 2679 1925 2764 quando
1941 2678 2172 2764 boluerimus,
2188 2678 2318 2746 ibidem
2337 2697 2415 2766 per·

569 2857 700 2926 gamus
723 2857 787 2924 pro
810 2833 1063 2921 requirendum
1087 2834 1165 2918 ipsa
1188 2835 1304 2918 rebuS,
1322 2835 1352 2900 si
1369 2834 1461 2900 bona
1483 2851 1559 2900 esse
1582 2833 1744 2901 laborata
1762 2835 1828 2900 hac
1845 2851 1928 2909 non,
1946 2839 1981 2900 et
1996 2833 2119 2901 amodo
2135 2837 2171 2901 et
2186 2851 2323 2919 semper
2348 2851 2411 2920 per

571 3006 687 3057 annos
710 3006 774 3056 suo
797 2994 952 3074 tempore
975 2989 1047 3052 tote
1073 2986 1146 3069 ipse
1170 2984 1279 3052 terris
1303 2984 1345 3050 de
1369 2987 1443 3052 tota
1466 2986 1672 3070 supradicta
1695 2987 1889 3054 traditione
1913 2983 1985 3052 illis
2007 2984 2173 3054 conclave
2196 2989 2233 3052 et
2257 2983 2416 3053 studiare

571 3145 608 3209 et
631 3141 822 3224 seminare,
849 3137 1004 3223 qualiter
1029 3136 1214 3222 meruerit,
1238 3140 1274 3203 et
1296 3099 1363 3202 toti
1388 3137 1455 3221 ipsi
1481 3134 1597 3204 labori
1621 3155 1683 3223 per
1707 3155 1820 3204 annos
1843 3141 2056 3224 temporibus
2085 3139 2160 3206 suis
2184 3139 2358 3207 mundare
2380 3141 2417 3207 et

576 3293 733 3362 studiare
759 3292 855 3376 boni,
880 3289 974 3355 sicut
998 3290 1182 3372 meruerit,
1205 3293 1240 3355 et
1262 3307 1324 3374 per
1347 3305 1473 3374 annos,
1498 3287 1640 3374 quando
1656 3291 1839 3375 meruerit,
1856 3290 1921 3357 toti
1939 3288 2007 3376 ipsi
2024 3289 2138 3357 labori
2156 3290 2364 3377 recolligere
2380 3294 2417 3359 et

575 3444 735 3512 adunare
759 3440 880 3527 ibique
903 3442 950 3508 ad
973 3458 1071 3525 area,
1096 3445 1133 3508 et
1155 3438 1291 3508 faciant
1316 3438 1388 3506 illis
1411 3458 1467 3506 me
1491 3440 1581 3508 seire
1603 3457 1667 3526 per
1690 3458 1816 3527 annoS,
1840 3445 1880 3509 ut
1903 3459 1969 3529 ego
1999 3442 2053 3510 vol
2078 3459 2172 3511 meos
2199 3443 2333 3530 eredes,
2359 3440 2414 3509 vel

572 3595 683 3662 missu
707 3598 868 3662 nostrum
893 3593 978 3660 illuc
1002 3609 1193 3680 pergamus
1218 3596 1281 3661 aut
1304 3591 1515 3678 dirigamus
1540 3595 1576 3659 et
1600 3591 1671 3658 illis
1696 3591 1760 3659 toti
1787 3593 1854 3678 ipsi
1873 3593 1987 3661 labori
2006 3593 2125 3681 ibique
2142 3593 2187 3662 ad
2205 3613 2292 3663 area
2308 3594 2416 3664 tritu·

575 3748 651 3817 lare
674 3752 710 3814 et
733 3763 978 3832 reprecurare,
1002 3750 1037 3812 et
1060 3749 1171 3812 totum
1196 3747 1271 3830 ipso
1295 3747 1428 3811 victum
1453 3741 1627 3812 mundare
1651 3749 1687 3812 et
1710 3745 1875 3814 conoiare
1899 3751 1935 3815 et
1957 3747 2118 3816 studiare
2144 3749 2274 3815 bonum
2287 3797 2297 3834 ,
2322 3747 2415 3817 siout

571 3896 759 3980 meruerit,
786 3901 821 3963 et
846 3900 957 3963 tolum
982 3895 1064 3963 illut
1088 3896 1207 3982 ibique
1230 3896 1275 3963 ad
1300 3897 1377 3982 ipsa
1399 3883 1487 3964 area
1508 3895 1668 3964 dividere
1691 3898 1731 3964 in
1753 3900 1826 3964 tres
1855 3901 1970 3965 sortis:
2004 3917 2067 3966 nos
2091 3899 2257 3968 tollamus
2280 3900 2413 3969 exinde

575 4048 703 4117 inclita
726 4067 801 4118 una
825 4051 967 4118 tertiam
993 4053 1107 4136 parte,
1131 4053 1167 4117 et
1192 4048 1265 4116 illis
1289 4048 1357 4120 due
1380 4050 1498 4126 sortis;
1525 4053 1691 4118 castaneo
1715 4067 1797 4117 vero
1819 4051 1855 4115 et
1878 4049 2012 4134 ficum,
2045 4068 2114 4134 que
2137 4068 2200 4134 per
2224 4067 2337 4117 anuos
2361 4050 2412 4118 ibi

571 4205 670 4288 sunt,
696 4201 767 4269 illis
791 4201 956 4289 colligere
979 4208 1015 4271 et
1039 4221 1179 4271 seccare
1204 4205 1309 4288 bone,
1334 4205 1427 4270 siout
1450 4203 1634 4289 meruerit,
1659 4205 1695 4270 et
1717 4200 1811 4270 salbe
1834 4205 1904 4269 tote
1929 4201 1989 4269 ille
2013 4202 2170 4270 dividere
2195 4221 2257 4288 per
2281 4201 2418 4272 medie-

570 4357 659 4422 tate:
686 4371 750 4422 nos
772 4357 940 4424 tollamus
963 4354 1023 4422 ille
1049 4356 1236 4424 medietate
1259 4360 1296 4424 et
1317 4354 1390 4421 illis
1414 4353 1613 4440 medietate,
1638 4371 1702 4422 nos
1726 4353 1781 4423 vel
1805 4355 1952 4422 missum
1967 4356 2142 4440 nostrum,
2157 4353 2241 4422 dum
2258 4373 2322 4442 pro
2339 4356 2419 4441 ipse

575 4507 753 4574 vindemie
777 4511 812 4576 et
835 4527 897 4593 pro
919 4508 993 4594 ipse
1016 4509 1094 4577 aire
1119 4509 1246 4576 ibidem
1271 4457 1561 4593 steterimuspro
1584 4505 1826 4593 recipiendum
1849 4510 1923 4575 tota
1946 4508 2023 4592 ipsa
2046 4507 2201 4574 sortione
2226 4512 2348 4576 nostra
2370 4509 2414 4578 de

570 4661 649 4727 tota
675 4659 753 4746 ipsa
777 4659 908 4745 studia,
933 4659 1004 4728 illis
1029 4677 1093 4728 nos
1115 4663 1252 4728 notrire
1276 4659 1468 4728 seeundum
1491 4678 1590 4729 suam
1616 4659 1863 4748 possivilitate,
1888 4665 1924 4728 et
1939 4660 2200 4746 palmentateca
2217 4680 2278 4747 per
2296 4681 2407 4732 annos

575 4811 679 4879 nobis
702 4813 803 4900 dare,
828 4816 921 4883 sicut
944 4815 1159 4883 consuetudo
1180 4815 1223 4883 de
1241 4817 1314 4902 ipso
1329 4816 1454 4882 locum.
1474 4815 1604 4901 preter,
1621 4810 1726 4899 quale
1743 4815 1901 4900 tempore
1918 4812 1963 4881 da
1980 4813 2047 4898 ipsi
2061 4813 2245 4881 duodecim
2263 4816 2351 4883 anni
2373 4815 2415 4884 in

575 4969 683 5034 antea
707 4965 768 5034 ille
791 4971 828 5035 et
852 4985 933 5035 suos
956 4968 1079 5036 eredes
1103 4969 1209 5035 rebus
1232 4968 1311 5053 ipsa
1335 4971 1455 5036 tenere
1479 4971 1514 5034 et
1538 4965 1700 5035 laborare
1723 4965 1890 5055 noluerit,
1915 4971 2073 5037 autnon
2098 4969 2254 5055 potuerit
2276 4969 2316 5036 in
2332 4987 2416 5055 pre-

575 5115 674 5184 dicta
697 5118 850 5206 ratione,
877 5119 1001 5188 inclita
1024 5119 1231 5206 supradicta
1254 5121 1358 5188 rebus
1381 5139 1443 5207 per
1465 5119 1668 5205 supradicte
1694 5119 1781 5222 linis⁸
1798 5124 1834 5187 et
1856 5123 2040 5189 mensuris
2063 5123 2157 5190 bona
2180 5121 2360 5210 laborata,
2379 5125 2415 5191 et

572 5268 721 5356 cultata,
747 5275 781 5338 et
804 5274 917 5355 surta,
941 5274 976 5337 et
998 5271 1110 5356 salba,
1134 5276 1170 5338 et
1192 5270 1303 5358 clusa,
1328 5291 1408 5338 oum
1430 5273 1549 5341 redita
1572 5279 1607 5341 et
1631 5273 1705 5358 ipso
1729 5289 1924 5358 organeum
1948 5274 1994 5344 da
2019 5271 2155 5360 vinum,
2185 5274 2278 5359 quod
2294 5293 2359 5361 ego
2376 5273 2411 5343 ei

571 5419 831 5508 adsignaverit,
856 5421 1039 5489 remittere
1062 5423 1107 5491 ad
1131 5427 1252 5492 nostra
1277 5426 1461 5510 potestate,
1485 5424 1689 5495 iaciendum
1712 5445 1780 5513 que
1805 5425 2038 5513 boluerimuS,
2056 5429 2093 5494 et
2110 5425 2181 5500 illis
2197 5427 2310 5494 licead
2326 5427 2412 5496 inde

571 5571 670 5640 exire
693 5592 772 5641 oum
797 5575 917 5643 omnia
938 5594 1084 5644 eausam
1107 5594 1184 5663 sua,
1202 5581 1238 5644 et
1254 5579 1306 5644 ire
1329 5579 1388 5645 ubi
1414 5577 1577 5646 boluerit.
1605 5578 1697 5647 unde
1721 5597 1785 5666 pro
1810 5579 1931 5648 taliter
1955 5598 2018 5666 per
2035 5580 2128 5648 bona
2145 5581 2409 5650 combenientia

570 5723 703 5807 guadia
726 5725 813 5793 mihi
838 5727 913 5814 ipse
942 5728 1114 5797 iohannes
1137 5729 1217 5798 dedi
1242 5734 1277 5798 et
1307 5731 1501 5800 mediatore
1529 5731 1616 5799 mihi
1634 5734 1750 5818 posuit
1766 5735 1893 5820 seipso;
1912 5737 1949 5801 et
1966 5751 2028 5818 per
2056 5735 2132 5820 ipsa
2158 5735 2294 5822 guadia
2318 5733 2411 5802 obli·
