<?xml version="1.0" encoding="UTF-8"?>
<!DOCTYPE html PUBLIC "-//W3C//DTD XHTML 1.0 Transitional//EN"
    "http://www.w3.org/TR/xhtml1/DTD/xhtml1-transitional.dtd">
<html xmlns="http://www.w3.org/1999/xhtml" xml:lang="en" lang="en">
 <head>
  <title>
</title>
<meta http-equiv="Content-Type" content="text/html;charset=utf-8" />
  <meta name='ocr-system' content='tesseract 3.04.00' />
  <meta name='ocr-capabilities' content='ocr_page ocr_carea ocr_par ocr_line ocrx_word'/>
</head>
<body>
  <div class='ocr_page' id='page_1' title='image "./codexdiplomatic04aragoog_0226.png"; bbox 0 0 5408 7108; ppageno 0'>
   <div class='ocr_carea' id='block_1_1' title="bbox 618 523 1752 612">
    <p class='ocr_par' dir='ltr' id='par_1_1' title="bbox 618 523 1752 612">
     <span class='ocr_line' id='line_1_1' title="bbox 618 523 1752 612; baseline -0.005 0"><span class='ocrx_word' id='word_1_1' title='bbox 618 523 686 612; x_wconf 71' lang='lat'><strong>{86</strong></span> <span class='ocrx_word' id='word_1_2' title='bbox 1267 529 1448 605; x_wconf 76' lang='lat' dir='ltr'><strong>GODEX</strong></span> <span class='ocrx_word' id='word_1_3' title='bbox 1486 527 1752 607; x_wconf 80' lang='lat' dir='ltr'><strong>CAVENSIS</strong></span> 
     </span>
    </p>
   </div>
   <div class='ocr_carea' id='block_1_2' title="bbox 564 722 2455 2978">
    <p class='ocr_par' dir='ltr' id='par_1_2' title="bbox 564 722 2455 2978">
     <span class='ocr_line' id='line_1_2' title="bbox 573 722 2414 848; baseline -0.003 -14"><span class='ocrx_word' id='word_1_4' title='bbox 573 781 722 834; x_wconf 85' lang='lat' dir='ltr'><strong>securus</strong></span> <span class='ocrx_word' id='word_1_5' title='bbox 746 765 831 836; x_wconf 89' lang='lat' dir='ltr'><strong>inde</strong></span> <span class='ocrx_word' id='word_1_6' title='bbox 852 781 999 835; x_wconf 90' lang='lat' dir='ltr'><strong>manere</strong></span> <span class='ocrx_word' id='word_1_7' title='bbox 1022 762 1097 837; x_wconf 85' lang='lat' dir='ltr'><strong>Quo</strong></span> <span class='ocrx_word' id='word_1_8' title='bbox 1120 761 1172 830; x_wconf 87' lang='lat' dir='ltr'><strong>ita</strong></span> <span class='ocrx_word' id='word_1_9' title='bbox 1195 760 1342 846; x_wconf 84' lang='lat' dir='ltr'><strong>sactum,</strong></span> <span class='ocrx_word' id='word_1_10' title='bbox 1358 776 1421 826; x_wconf 91' lang='lat' dir='ltr'><strong>nos</strong></span> <span class='ocrx_word' id='word_1_11' title='bbox 1435 722 1598 828; x_wconf 80' lang='lat' dir='ltr'><strong>¹iamdicti</strong></span> <span class='ocrx_word' id='word_1_12' title='bbox 1615 760 1778 848; x_wconf 88' lang='lat' dir='ltr'><strong>roderisi,</strong></span> <span class='ocrx_word' id='word_1_13' title='bbox 1801 763 1838 828; x_wconf 90' lang='lat' dir='ltr'><strong>et</strong></span> <span class='ocrx_word' id='word_1_14' title='bbox 1860 759 1993 848; x_wconf 79' lang='lat' dir='ltr'><strong>alterii,</strong></span> <span class='ocrx_word' id='word_1_15' title='bbox 2009 764 2046 829; x_wconf 92' lang='lat' dir='ltr'><strong>et</strong></span> <span class='ocrx_word' id='word_1_16' title='bbox 2063 761 2206 847; x_wconf 82' lang='lat' dir='ltr'><strong>lemma,</strong></span> <span class='ocrx_word' id='word_1_17' title='bbox 2223 765 2259 830; x_wconf 93' lang='lat' dir='ltr'><strong>et</strong></span> <span class='ocrx_word' id='word_1_18' title='bbox 2281 759 2414 846; x_wconf 82' lang='lat' dir='ltr'><strong>blacta,</strong></span> 
     </span>
     <span class='ocr_line' id='line_1_3' title="bbox 570 910 2416 1008; baseline 0.001 -26"><span class='ocrx_word' id='word_1_19' title='bbox 570 914 641 985; x_wconf 84' lang='lat' dir='ltr'><strong>viri</strong></span> <span class='ocrx_word' id='word_1_20' title='bbox 663 917 702 983; x_wconf 88' lang='lat' dir='ltr'><strong>et</strong></span> <span class='ocrx_word' id='word_1_21' title='bbox 725 931 867 1004; x_wconf 89' lang='lat' dir='ltr'><strong>uxores,</strong></span> <span class='ocrx_word' id='word_1_22' title='bbox 891 916 988 986; x_wconf 90' lang='lat' dir='ltr'><strong>sicut</strong></span> <span class='ocrx_word' id='word_1_23' title='bbox 1010 913 1114 981; x_wconf 89' lang='lat' dir='ltr'><strong>nobis</strong></span> <span class='ocrx_word' id='word_1_24' title='bbox 1137 929 1336 999; x_wconf 80' lang='lat' dir='ltr'><strong>congruum</strong></span> <span class='ocrx_word' id='word_1_25' title='bbox 1360 913 1427 998; x_wconf 90' lang='lat' dir='ltr'><strong>est,</strong></span> <span class='ocrx_word' id='word_1_26' title='bbox 1452 910 1541 978; x_wconf 90' lang='lat' dir='ltr'><strong>bone</strong></span> <span class='ocrx_word' id='word_1_27' title='bbox 1564 917 1684 1008; x_wconf 88' lang='lat' dir='ltr'><strong>nostre</strong></span> <span class='ocrx_word' id='word_1_28' title='bbox 1707 911 1899 982; x_wconf 87' lang='lat' dir='ltr'><strong>voluntatis</strong></span> <span class='ocrx_word' id='word_1_29' title='bbox 1925 931 1988 1000; x_wconf 90' lang='lat' dir='ltr'><strong>per</strong></span> <span class='ocrx_word' id='word_1_30' title='bbox 2011 929 2081 982; x_wconf 90' lang='lat' dir='ltr'><strong>ano</strong></span> <span class='ocrx_word' id='word_1_31' title='bbox 2105 916 2209 983; x_wconf 90' lang='lat' dir='ltr'><strong>carta</strong></span> <span class='ocrx_word' id='word_1_32' title='bbox 2231 931 2416 983; x_wconf 89' lang='lat' dir='ltr'><strong>commune</strong></span> 
     </span>
     <span class='ocr_line' id='line_1_4' title="bbox 573 1063 2414 1157; baseline -0.002 -20"><span class='ocrx_word' id='word_1_33' title='bbox 573 1084 783 1138; x_wconf 89' lang='lat' dir='ltr'><strong>consensum</strong></span> <span class='ocrx_word' id='word_1_34' title='bbox 806 1071 893 1138; x_wconf 84' lang='lat' dir='ltr'><strong>ante</strong></span> <span class='ocrx_word' id='word_1_35' title='bbox 916 1063 1102 1156; x_wconf 78' lang='lat' dir='ltr'><strong>presentia</strong></span> <span class='ocrx_word' id='word_1_36' title='bbox 1126 1065 1238 1152; x_wconf 89' lang='lat' dir='ltr'><strong>ipsius</strong></span> <span class='ocrx_word' id='word_1_37' title='bbox 1261 1065 1401 1135; x_wconf 88' lang='lat' dir='ltr'><strong>comitis</strong></span> <span class='ocrx_word' id='word_1_38' title='bbox 1423 1070 1460 1134; x_wconf 93' lang='lat' dir='ltr'><strong>et</strong></span> <span class='ocrx_word' id='word_1_39' title='bbox 1483 1065 1624 1157; x_wconf 89' lang='lat' dir='ltr'><strong>iudicis,</strong></span> <span class='ocrx_word' id='word_1_40' title='bbox 1648 1071 1772 1136; x_wconf 89' lang='lat' dir='ltr'><strong>tamen</strong></span> <span class='ocrx_word' id='word_1_41' title='bbox 1794 1085 1858 1136; x_wconf 93' lang='lat' dir='ltr'><strong>nos</strong></span> <span class='ocrx_word' id='word_1_42' title='bbox 1874 1065 2031 1155; x_wconf 88' lang='lat' dir='ltr'><strong>predicte</strong></span> <span class='ocrx_word' id='word_1_43' title='bbox 2054 1065 2224 1157; x_wconf 79' lang='lat' dir='ltr'><strong>mulieres</strong></span> <span class='ocrx_word' id='word_1_44' title='bbox 2245 1082 2309 1152; x_wconf 91' lang='lat' dir='ltr'><strong>per</strong></span> <span class='ocrx_word' id='word_1_45' title='bbox 2332 1083 2414 1134; x_wconf 90' lang='lat' dir='ltr'><strong>con·</strong></span> 
     </span>
     <span class='ocr_line' id='line_1_5' title="bbox 572 1215 2412 1304; baseline -0.002 -16"><span class='ocrx_word' id='word_1_46' title='bbox 572 1235 716 1288; x_wconf 86' lang='lat' dir='ltr'><strong>sensum</strong></span> <span class='ocrx_word' id='word_1_47' title='bbox 739 1222 775 1286; x_wconf 87' lang='lat' dir='ltr'><strong>et</strong></span> <span class='ocrx_word' id='word_1_48' title='bbox 797 1216 1016 1288; x_wconf 84' lang='lat' dir='ltr'><strong>voluntatem</strong></span> <span class='ocrx_word' id='word_1_49' title='bbox 1040 1217 1198 1304; x_wconf 90' lang='lat' dir='ltr'><strong>ipsorum</strong></span> <span class='ocrx_word' id='word_1_50' title='bbox 1220 1215 1358 1285; x_wconf 87' lang='lat' dir='ltr'><strong>viribus</strong></span> <span class='ocrx_word' id='word_1_51' title='bbox 1391 1221 1427 1286; x_wconf 91' lang='lat' dir='ltr'><strong>et</strong></span> <span class='ocrx_word' id='word_1_52' title='bbox 1449 1217 1651 1287; x_wconf 90' lang='lat' dir='ltr'><strong>mundoaldi</strong></span> <span class='ocrx_word' id='word_1_53' title='bbox 1673 1219 1803 1301; x_wconf 81' lang='lat' dir='ltr'><strong>nostri,</strong></span> <span class='ocrx_word' id='word_1_54' title='bbox 1827 1221 1864 1286; x_wconf 92' lang='lat' dir='ltr'><strong>et</strong></span> <span class='ocrx_word' id='word_1_55' title='bbox 1887 1236 1961 1287; x_wconf 92' lang='lat' dir='ltr'><strong>una</strong></span> <span class='ocrx_word' id='word_1_56' title='bbox 1984 1236 2067 1286; x_wconf 94' lang='lat' dir='ltr'><strong>cum</strong></span> <span class='ocrx_word' id='word_1_57' title='bbox 2090 1217 2163 1285; x_wconf 89' lang='lat' dir='ltr'><strong>illis</strong></span> <span class='ocrx_word' id='word_1_58' title='bbox 2185 1215 2412 1286; x_wconf 88' lang='lat' dir='ltr'><strong>benumdedi·</strong></span> 
     </span>
     <span class='ocr_line' id='line_1_6' title="bbox 571 1369 2413 1462; baseline -0.001 -22"><span class='ocrx_word' id='word_1_59' title='bbox 571 1390 653 1440; x_wconf 92' lang='lat' dir='ltr'><strong>mus</strong></span> <span class='ocrx_word' id='word_1_60' title='bbox 675 1371 793 1459; x_wconf 87' lang='lat' dir='ltr'><strong>adque</strong></span> <span class='ocrx_word' id='word_1_61' title='bbox 815 1371 861 1442; x_wconf 86' lang='lat' dir='ltr'><strong>ad</strong></span> <span class='ocrx_word' id='word_1_62' title='bbox 885 1389 1024 1462; x_wconf 87' lang='lat' dir='ltr'><strong>semper</strong></span> <span class='ocrx_word' id='word_1_63' title='bbox 1048 1371 1227 1442; x_wconf 83' lang='lat' dir='ltr'><strong>abendam</strong></span> <span class='ocrx_word' id='word_1_64' title='bbox 1251 1371 1540 1442; x_wconf 83' lang='lat' dir='ltr'><strong>confirmavimus</strong></span> <span class='ocrx_word' id='word_1_65' title='bbox 1573 1373 1639 1440; x_wconf 90' lang='lat' dir='ltr'><strong>tibi</strong></span> <span class='ocrx_word' id='word_1_66' title='bbox 1672 1371 1839 1440; x_wconf 90' lang='lat' dir='ltr'><strong>iamdicto</strong></span> <span class='ocrx_word' id='word_1_67' title='bbox 1869 1371 2013 1440; x_wconf 91' lang='lat' dir='ltr'><strong>ubolino</strong></span> <span class='ocrx_word' id='word_1_68' title='bbox 2035 1375 2108 1440; x_wconf 90' lang='lat' dir='ltr'><strong>tote</strong></span> <span class='ocrx_word' id='word_1_69' title='bbox 2131 1376 2167 1440; x_wconf 91' lang='lat' dir='ltr'><strong>et</strong></span> <span class='ocrx_word' id='word_1_70' title='bbox 2191 1369 2314 1439; x_wconf 91' lang='lat' dir='ltr'><strong>inclite</strong></span> <span class='ocrx_word' id='word_1_71' title='bbox 2336 1370 2413 1458; x_wconf 88' lang='lat' dir='ltr'><strong>ipse</strong></span> 
     </span>
     <span class='ocr_line' id='line_1_7' title="bbox 570 1515 2401 1612; baseline -0.001 -20"><span class='ocrx_word' id='word_1_72' title='bbox 570 1525 640 1592; x_wconf 90' lang='lat' dir='ltr'><strong>due</strong></span> <span class='ocrx_word' id='word_1_73' title='bbox 655 1522 771 1612; x_wconf 88' lang='lat' dir='ltr'><strong>partis</strong></span> <span class='ocrx_word' id='word_1_74' title='bbox 786 1522 829 1591; x_wconf 91' lang='lat' dir='ltr'><strong>de</strong></span> <span class='ocrx_word' id='word_1_75' title='bbox 845 1524 1092 1612; x_wconf 84' lang='lat' dir='ltr'><strong>suprascripta</strong></span> <span class='ocrx_word' id='word_1_76' title='bbox 1108 1523 1214 1591; x_wconf 91' lang='lat' dir='ltr'><strong>rebus</strong></span> <span class='ocrx_word' id='word_1_77' title='bbox 1228 1540 1291 1608; x_wconf 91' lang='lat' dir='ltr'><strong>per</strong></span> <span class='ocrx_word' id='word_1_78' title='bbox 1307 1515 1549 1610; x_wconf 85' lang='lat' dir='ltr'><strong>suprascripte</strong></span> <span class='ocrx_word' id='word_1_79' title='bbox 1560 1523 1642 1591; x_wconf 87' lang='lat' dir='ltr'><strong>finis</strong></span> <span class='ocrx_word' id='word_1_80' title='bbox 1657 1528 1694 1591; x_wconf 93' lang='lat' dir='ltr'><strong>et</strong></span> <span class='ocrx_word' id='word_1_81' title='bbox 1711 1523 1890 1592; x_wconf 90' lang='lat' dir='ltr'><strong>mensurie</strong></span> <span class='ocrx_word' id='word_1_82' title='bbox 1905 1541 1985 1590; x_wconf 91' lang='lat' dir='ltr'><strong>cum</strong></span> <span class='ocrx_word' id='word_1_83' title='bbox 2001 1523 2121 1592; x_wconf 88' lang='lat' dir='ltr'><strong>omnia</strong></span> <span class='ocrx_word' id='word_1_84' title='bbox 2138 1523 2233 1590; x_wconf 92' lang='lat' dir='ltr'><strong>intro</strong></span> <span class='ocrx_word' id='word_1_85' title='bbox 2247 1539 2284 1589; x_wconf 88' lang='lat' dir='ltr'><strong>se</strong></span> <span class='ocrx_word' id='word_1_86' title='bbox 2299 1524 2401 1592; x_wconf 90' lang='lat' dir='ltr'><strong>aben-</strong></span> 
     </span>
     <span class='ocr_line' id='line_1_8' title="bbox 564 1673 2415 1763; baseline 0.001 -21"><span class='ocrx_word' id='word_1_87' title='bbox 564 1675 661 1742; x_wconf 91' lang='lat' dir='ltr'><strong>tibus</strong></span> <span class='ocrx_word' id='word_1_88' title='bbox 684 1677 919 1762; x_wconf 90' lang='lat' dir='ltr'><strong>omnibusque</strong></span> <span class='ocrx_word' id='word_1_89' title='bbox 943 1677 1019 1743; x_wconf 91' lang='lat' dir='ltr'><strong>suis</strong></span> <span class='ocrx_word' id='word_1_90' title='bbox 1042 1673 1285 1762; x_wconf 79' lang='lat' dir='ltr'><strong>pertinentiis,</strong></span> <span class='ocrx_word' id='word_1_91' title='bbox 1304 1693 1385 1742; x_wconf 90' lang='lat' dir='ltr'><strong>oum</strong></span> <span class='ocrx_word' id='word_1_92' title='bbox 1401 1675 1479 1743; x_wconf 91' lang='lat' dir='ltr'><strong>bioe</strong></span> <span class='ocrx_word' id='word_1_93' title='bbox 1501 1674 1543 1742; x_wconf 91' lang='lat' dir='ltr'><strong>de</strong></span> <span class='ocrx_word' id='word_1_94' title='bbox 1560 1674 1618 1744; x_wconf 92' lang='lat' dir='ltr'><strong>bie</strong></span> <span class='ocrx_word' id='word_1_95' title='bbox 1641 1693 1704 1742; x_wconf 90' lang='lat' dir='ltr'><strong>sue</strong></span> <span class='ocrx_word' id='word_1_96' title='bbox 1727 1679 1763 1744; x_wconf 89' lang='lat' dir='ltr'><strong>et</strong></span> <span class='ocrx_word' id='word_1_97' title='bbox 1784 1693 1864 1744; x_wconf 90' lang='lat' dir='ltr'><strong>eum</strong></span> <span class='ocrx_word' id='word_1_98' title='bbox 1890 1675 1969 1743; x_wconf 92' lang='lat' dir='ltr'><strong>bice</strong></span> <span class='ocrx_word' id='word_1_99' title='bbox 1991 1674 2034 1742; x_wconf 95' lang='lat' dir='ltr'><strong>de</strong></span> <span class='ocrx_word' id='word_1_100' title='bbox 2051 1677 2106 1743; x_wconf 90' lang='lat' dir='ltr'><strong>vie</strong></span> <span class='ocrx_word' id='word_1_101' title='bbox 2123 1675 2281 1763; x_wconf 82' lang='lat' dir='ltr'><strong>adaque</strong></span> <span class='ocrx_word' id='word_1_102' title='bbox 2303 1675 2347 1744; x_wconf 90' lang='lat' dir='ltr'><strong>de</strong></span> <span class='ocrx_word' id='word_1_103' title='bbox 2363 1675 2415 1763; x_wconf 90' lang='lat' dir='ltr'><strong>ip-</strong></span> 
     </span>
     <span class='ocr_line' id='line_1_9' title="bbox 566 1825 2416 1930; baseline 0.001 -36"><span class='ocrx_word' id='word_1_104' title='bbox 566 1826 618 1896; x_wconf 88' lang='lat' dir='ltr'><strong>sis</strong></span> <span class='ocrx_word' id='word_1_105' title='bbox 640 1827 727 1895; x_wconf 90' lang='lat' dir='ltr'><strong>locis</strong></span> <span class='ocrx_word' id='word_1_106' title='bbox 742 1827 1015 1930; x_wconf 28' lang='lat' dir='ltr'><strong>‚pertinentibus</strong></span> <span class='ocrx_word' id='word_1_107' title='bbox 1039 1831 1075 1896; x_wconf 92' lang='lat' dir='ltr'><strong>et</strong></span> <span class='ocrx_word' id='word_1_108' title='bbox 1099 1843 1181 1895; x_wconf 93' lang='lat' dir='ltr'><strong>cum</strong></span> <span class='ocrx_word' id='word_1_109' title='bbox 1205 1826 1283 1894; x_wconf 91' lang='lat' dir='ltr'><strong>bice</strong></span> <span class='ocrx_word' id='word_1_110' title='bbox 1306 1825 1348 1894; x_wconf 92' lang='lat' dir='ltr'><strong>de</strong></span> <span class='ocrx_word' id='word_1_111' title='bbox 1371 1825 1549 1893; x_wconf 89' lang='lat' dir='ltr'><strong>monimen</strong></span> <span class='ocrx_word' id='word_1_112' title='bbox 1574 1825 1617 1894; x_wconf 89' lang='lat' dir='ltr'><strong>de</strong></span> <span class='ocrx_word' id='word_1_113' title='bbox 1641 1827 1719 1913; x_wconf 89' lang='lat' dir='ltr'><strong>ipsa</strong></span> <span class='ocrx_word' id='word_1_114' title='bbox 1741 1828 1847 1894; x_wconf 90' lang='lat' dir='ltr'><strong>rebus</strong></span> <span class='ocrx_word' id='word_1_115' title='bbox 1869 1827 2088 1914; x_wconf 80' lang='lat' dir='ltr'><strong>continente,</strong></span> <span class='ocrx_word' id='word_1_116' title='bbox 2114 1826 2168 1896; x_wconf 87' lang='lat' dir='ltr'><strong>Ad</strong></span> <span class='ocrx_word' id='word_1_117' title='bbox 2185 1828 2359 1896; x_wconf 82' lang='lat' dir='ltr'><strong>securiter</strong></span> <span class='ocrx_word' id='word_1_118' title='bbox 2379 1833 2416 1896; x_wconf 90' lang='lat' dir='ltr'><strong>et</strong></span> 
     </span>
     <span class='ocr_line' id='line_1_10' title="bbox 570 1979 2413 2067; baseline 0.001 -21"><span class='ocrx_word' id='word_1_119' title='bbox 570 1979 722 2048; x_wconf 82' lang='lat' dir='ltr'><strong>firmiter</strong></span> <span class='ocrx_word' id='word_1_120' title='bbox 745 1979 871 2050; x_wconf 90' lang='lat' dir='ltr'><strong>amodo</strong></span> <span class='ocrx_word' id='word_1_121' title='bbox 895 1984 931 2049; x_wconf 89' lang='lat' dir='ltr'><strong>et</strong></span> <span class='ocrx_word' id='word_1_122' title='bbox 947 1998 1086 2066; x_wconf 87' lang='lat' dir='ltr'><strong>semper</strong></span> <span class='ocrx_word' id='word_1_123' title='bbox 1109 1984 1144 2049; x_wconf 90' lang='lat' dir='ltr'><strong>te</strong></span> <span class='ocrx_word' id='word_1_124' title='bbox 1168 1979 1358 2049; x_wconf 89' lang='lat' dir='ltr'><strong>iamdictus</strong></span> <span class='ocrx_word' id='word_1_125' title='bbox 1381 1979 1525 2048; x_wconf 91' lang='lat' dir='ltr'><strong>ubolino</strong></span> <span class='ocrx_word' id='word_1_126' title='bbox 1548 1983 1584 2048; x_wconf 92' lang='lat' dir='ltr'><strong>et</strong></span> <span class='ocrx_word' id='word_1_127' title='bbox 1607 1981 1679 2058; x_wconf 80' lang='lat' dir='ltr'><strong>tuis</strong></span> <span class='ocrx_word' id='word_1_128' title='bbox 1702 1979 1868 2048; x_wconf 79' lang='lat' dir='ltr'><strong>aradibus</strong></span> <span class='ocrx_word' id='word_1_129' title='bbox 1903 1979 1984 2048; x_wconf 92' lang='lat' dir='ltr'><strong>illut</strong></span> <span class='ocrx_word' id='word_1_130' title='bbox 2000 1980 2203 2067; x_wconf 78' lang='lat' dir='ltr'><strong>abendam,</strong></span> <span class='ocrx_word' id='word_1_131' title='bbox 2227 1979 2413 2048; x_wconf 86' lang='lat' dir='ltr'><strong>dominan-</strong></span> 
     </span>
     <span class='ocr_line' id='line_1_11' title="bbox 565 2130 2416 2220; baseline -0.001 -20"><span class='ocrx_word' id='word_1_132' title='bbox 565 2130 675 2219; x_wconf 88' lang='lat' dir='ltr'><strong>dum&#39;,</strong></span> <span class='ocrx_word' id='word_1_133' title='bbox 699 2131 962 2220; x_wconf 89' lang='lat' dir='ltr'><strong>possidendum,</strong></span> <span class='ocrx_word' id='word_1_134' title='bbox 986 2132 1110 2199; x_wconf 87' lang='lat' dir='ltr'><strong>omnia</strong></span> <span class='ocrx_word' id='word_1_135' title='bbox 1133 2131 1265 2200; x_wconf 85' lang='lat' dir='ltr'><strong>exinde</strong></span> <span class='ocrx_word' id='word_1_136' title='bbox 1289 2131 1490 2200; x_wconf 82' lang='lat' dir='ltr'><strong>laciendum</strong></span> <span class='ocrx_word' id='word_1_137' title='bbox 1513 2131 1605 2218; x_wconf 91' lang='lat' dir='ltr'><strong>quod</strong></span> <span class='ocrx_word' id='word_1_138' title='bbox 1630 2130 1837 2217; x_wconf 90' lang='lat' dir='ltr'><strong>volueritis;</strong></span> <span class='ocrx_word' id='word_1_139' title='bbox 1873 2135 1910 2199; x_wconf 92' lang='lat' dir='ltr'><strong>et</strong></span> <span class='ocrx_word' id='word_1_140' title='bbox 1940 2149 2003 2218; x_wconf 90' lang='lat' dir='ltr'><strong>pro</strong></span> <span class='ocrx_word' id='word_1_141' title='bbox 2027 2130 2309 2199; x_wconf 85' lang='lat' dir='ltr'><strong>confirmationis</strong></span> <span class='ocrx_word' id='word_1_142' title='bbox 2335 2132 2416 2200; x_wconf 88' lang='lat' dir='ltr'><strong>nius</strong></span> 
     </span>
     <span class='ocr_line' id='line_1_12' title="bbox 568 2277 2415 2380; baseline -0.004 -28"><span class='ocrx_word' id='word_1_143' title='bbox 568 2287 688 2352; x_wconf 77' lang='lat' dir='ltr'><strong>nmtre</strong></span> <span class='ocrx_word' id='word_1_144' title='bbox 712 2283 921 2352; x_wconf 87' lang='lat' dir='ltr'><strong>vinditionis</strong></span> <span class='ocrx_word' id='word_1_145' title='bbox 946 2302 1011 2351; x_wconf 93' lang='lat' dir='ltr'><strong>nos</strong></span> <span class='ocrx_word' id='word_1_146' title='bbox 1044 2283 1235 2352; x_wconf 89' lang='lat' dir='ltr'><strong>iamdictus</strong></span> <span class='ocrx_word' id='word_1_147' title='bbox 1258 2283 1451 2352; x_wconf 86' lang='lat' dir='ltr'><strong>roderisius</strong></span> <span class='ocrx_word' id='word_1_148' title='bbox 1474 2289 1510 2352; x_wconf 90' lang='lat' dir='ltr'><strong>et</strong></span> <span class='ocrx_word' id='word_1_149' title='bbox 1543 2284 1672 2350; x_wconf 90' lang='lat' dir='ltr'><strong>iemma</strong></span> <span class='ocrx_word' id='word_1_150' title='bbox 1706 2283 1923 2380; x_wconf 87' lang='lat' dir='ltr'><strong>suscepimus</strong></span> <span class='ocrx_word' id='word_1_151' title='bbox 1959 2301 1982 2350; x_wconf 90' lang='lat' dir='ltr'><strong>a</strong></span> <span class='ocrx_word' id='word_1_152' title='bbox 2004 2286 2040 2350; x_wconf 92' lang='lat' dir='ltr'><strong>te</strong></span> <span class='ocrx_word' id='word_1_153' title='bbox 2073 2281 2239 2350; x_wconf 89' lang='lat' dir='ltr'><strong>iamdicto</strong></span> <span class='ocrx_word' id='word_1_154' title='bbox 2265 2277 2415 2348; x_wconf 90' lang='lat' dir='ltr'><strong>ubolino</strong></span> 
     </span>
     <span class='ocr_line' id='line_1_13' title="bbox 567 2433 2455 2522; baseline -0.003 -16"><span class='ocrx_word' id='word_1_155' title='bbox 567 2439 648 2506; x_wconf 90' lang='lat' dir='ltr'><strong>auri</strong></span> <span class='ocrx_word' id='word_1_156' title='bbox 664 2437 738 2506; x_wconf 88' lang='lat' dir='ltr'><strong>tari</strong></span> <span class='ocrx_word' id='word_1_157' title='bbox 754 2434 836 2505; x_wconf 88' lang='lat' dir='ltr'><strong>boni</strong></span> <span class='ocrx_word' id='word_1_158' title='bbox 863 2435 1030 2522; x_wconf 85' lang='lat' dir='ltr'><strong>sedecim,</strong></span> <span class='ocrx_word' id='word_1_159' title='bbox 1047 2439 1083 2502; x_wconf 89' lang='lat' dir='ltr'><strong>et</strong></span> <span class='ocrx_word' id='word_1_160' title='bbox 1107 2452 1172 2503; x_wconf 87' lang='lat' dir='ltr'><strong>nos</strong></span> <span class='ocrx_word' id='word_1_161' title='bbox 1198 2434 1361 2503; x_wconf 89' lang='lat' dir='ltr'><strong>iamdicti</strong></span> <span class='ocrx_word' id='word_1_162' title='bbox 1378 2435 1524 2503; x_wconf 84' lang='lat' dir='ltr'><strong>alferius</strong></span> <span class='ocrx_word' id='word_1_163' title='bbox 1548 2439 1584 2502; x_wconf 91' lang='lat' dir='ltr'><strong>et</strong></span> <span class='ocrx_word' id='word_1_164' title='bbox 1601 2435 1721 2502; x_wconf 85' lang='lat' dir='ltr'><strong>blacta</strong></span> <span class='ocrx_word' id='word_1_165' title='bbox 1743 2436 1961 2520; x_wconf 88' lang='lat' dir='ltr'><strong>suscepimus</strong></span> <span class='ocrx_word' id='word_1_166' title='bbox 1978 2453 2000 2502; x_wconf 89' lang='lat' dir='ltr'><strong>a</strong></span> <span class='ocrx_word' id='word_1_167' title='bbox 2015 2439 2051 2502; x_wconf 92' lang='lat' dir='ltr'><strong>te</strong></span> <span class='ocrx_word' id='word_1_168' title='bbox 2075 2433 2207 2501; x_wconf 86' lang='lat' dir='ltr'><strong>exinde</strong></span> <span class='ocrx_word' id='word_1_169' title='bbox 2230 2433 2312 2502; x_wconf 92' lang='lat' dir='ltr'><strong>auri</strong></span> <span class='ocrx_word' id='word_1_170' title='bbox 2337 2435 2408 2501; x_wconf 90' lang='lat' dir='ltr'><strong>tari</strong></span> <span class='ocrx_word' id='word_1_171' title='bbox 2451 2449 2455 2456; x_wconf 89' lang='lat'>·</span> 
     </span>
     <span class='ocr_line' id='line_1_14' title="bbox 572 2583 2411 2673; baseline -0.002 -19"><span class='ocrx_word' id='word_1_172' title='bbox 572 2588 655 2654; x_wconf 92' lang='lat' dir='ltr'><strong>boni</strong></span> <span class='ocrx_word' id='word_1_173' title='bbox 680 2587 745 2655; x_wconf 87' lang='lat' dir='ltr'><strong>alii</strong></span> <span class='ocrx_word' id='word_1_174' title='bbox 770 2587 923 2655; x_wconf 88' lang='lat' dir='ltr'><strong>sedecim</strong></span> <span class='ocrx_word' id='word_1_175' title='bbox 941 2587 979 2654; x_wconf 94' lang='lat' dir='ltr'><strong>in</strong></span> <span class='ocrx_word' id='word_1_176' title='bbox 995 2586 1091 2652; x_wconf 87' lang='lat' dir='ltr'><strong>omni</strong></span> <span class='ocrx_word' id='word_1_177' title='bbox 1109 2585 1417 2673; x_wconf 87' lang='lat' dir='ltr'><strong>deliberationem,</strong></span> <span class='ocrx_word' id='word_1_178' title='bbox 1433 2587 1525 2652; x_wconf 89' lang='lat' dir='ltr'><strong>sicul</strong></span> <span class='ocrx_word' id='word_1_179' title='bbox 1541 2588 1635 2653; x_wconf 89' lang='lat' dir='ltr'><strong>inter</strong></span> <span class='ocrx_word' id='word_1_180' title='bbox 1657 2603 1721 2652; x_wconf 90' lang='lat' dir='ltr'><strong>nos</strong></span> <span class='ocrx_word' id='word_1_181' title='bbox 1744 2586 1932 2654; x_wconf 87' lang='lat' dir='ltr'><strong>combenit.</strong></span> <span class='ocrx_word' id='word_1_182' title='bbox 1958 2588 2006 2652; x_wconf 92' lang='lat' dir='ltr'><strong>De</strong></span> <span class='ocrx_word' id='word_1_183' title='bbox 2023 2604 2095 2672; x_wconf 87' lang='lat' dir='ltr'><strong>qua</strong></span> <span class='ocrx_word' id='word_1_184' title='bbox 2110 2603 2172 2670; x_wconf 87' lang='lat' dir='ltr'><strong>per</strong></span> <span class='ocrx_word' id='word_1_185' title='bbox 2188 2583 2411 2651; x_wconf 89' lang='lat' dir='ltr'><strong>combenien-</strong></span> 
     </span>
     <span class='ocr_line' id='line_1_15' title="bbox 565 2735 2408 2827; baseline -0.002 -21"><span class='ocrx_word' id='word_1_186' title='bbox 565 2737 619 2808; x_wconf 90' lang='lat' dir='ltr'><strong>tia</strong></span> <span class='ocrx_word' id='word_1_187' title='bbox 641 2756 706 2806; x_wconf 93' lang='lat' dir='ltr'><strong>nos</strong></span> <span class='ocrx_word' id='word_1_188' title='bbox 730 2737 921 2807; x_wconf 89' lang='lat' dir='ltr'><strong>iamdictus</strong></span> <span class='ocrx_word' id='word_1_189' title='bbox 944 2737 1169 2824; x_wconf 89' lang='lat' dir='ltr'><strong>roderissius,</strong></span> <span class='ocrx_word' id='word_1_190' title='bbox 1194 2743 1230 2806; x_wconf 91' lang='lat' dir='ltr'><strong>et</strong></span> <span class='ocrx_word' id='word_1_191' title='bbox 1253 2737 1413 2824; x_wconf 80' lang='lat' dir='ltr'><strong>alterius,</strong></span> <span class='ocrx_word' id='word_1_192' title='bbox 1430 2745 1466 2808; x_wconf 91' lang='lat' dir='ltr'><strong>et</strong></span> <span class='ocrx_word' id='word_1_193' title='bbox 1483 2738 1624 2824; x_wconf 91' lang='lat' dir='ltr'><strong>iemma,</strong></span> <span class='ocrx_word' id='word_1_194' title='bbox 1642 2745 1679 2806; x_wconf 87' lang='lat' dir='ltr'><strong>et</strong></span> <span class='ocrx_word' id='word_1_195' title='bbox 1695 2738 1824 2827; x_wconf 89' lang='lat' dir='ltr'><strong>blacta,</strong></span> <span class='ocrx_word' id='word_1_196' title='bbox 1847 2741 1913 2808; x_wconf 88' lang='lat' dir='ltr'><strong>toti</strong></span> <span class='ocrx_word' id='word_1_197' title='bbox 1936 2736 2171 2806; x_wconf 90' lang='lat' dir='ltr'><strong>communiter</strong></span> <span class='ocrx_word' id='word_1_198' title='bbox 2190 2735 2326 2824; x_wconf 84' lang='lat' dir='ltr'><strong>guadia</strong></span> <span class='ocrx_word' id='word_1_199' title='bbox 2343 2737 2408 2804; x_wconf 87' lang='lat' dir='ltr'><strong>tibi</strong></span> 
     </span>
     <span class='ocr_line' id='line_1_16' title="bbox 567 2889 2409 2978; baseline -0.001 -20"><span class='ocrx_word' id='word_1_200' title='bbox 567 2890 758 2960; x_wconf 88' lang='lat' dir='ltr'><strong>iamdictus</strong></span> <span class='ocrx_word' id='word_1_201' title='bbox 781 2890 926 2959; x_wconf 91' lang='lat' dir='ltr'><strong>ubolino</strong></span> <span class='ocrx_word' id='word_1_202' title='bbox 949 2889 1123 2976; x_wconf 90' lang='lat' dir='ltr'><strong>dedimus,</strong></span> <span class='ocrx_word' id='word_1_203' title='bbox 1152 2908 1216 2957; x_wconf 93' lang='lat' dir='ltr'><strong>nos</strong></span> <span class='ocrx_word' id='word_1_204' title='bbox 1235 2891 1392 2978; x_wconf 89' lang='lat' dir='ltr'><strong>predicte</strong></span> <span class='ocrx_word' id='word_1_205' title='bbox 1416 2891 1583 2960; x_wconf 90' lang='lat' dir='ltr'><strong>mulieres</strong></span> <span class='ocrx_word' id='word_1_206' title='bbox 1599 2909 1661 2978; x_wconf 87' lang='lat' dir='ltr'><strong>per</strong></span> <span class='ocrx_word' id='word_1_207' title='bbox 1679 2893 1897 2961; x_wconf 86' lang='lat' dir='ltr'><strong>voluntalem</strong></span> <span class='ocrx_word' id='word_1_208' title='bbox 1924 2891 2079 2977; x_wconf 87' lang='lat' dir='ltr'><strong>ipsorum</strong></span> <span class='ocrx_word' id='word_1_209' title='bbox 2102 2889 2241 2958; x_wconf 84' lang='lat' dir='ltr'><strong>viribus</strong></span> <span class='ocrx_word' id='word_1_210' title='bbox 2263 2891 2409 2973; x_wconf 90' lang='lat' dir='ltr'><strong>nostris,</strong></span> 
     </span>
    </p>
   </div>
   <div class='ocr_carea' id='block_1_3' title="bbox 565 3042 2412 3136">
    <p class='ocr_par' dir='ltr' id='par_1_3' title="bbox 565 3042 2412 3136">
     <span class='ocr_line' id='line_1_17' title="bbox 565 3042 2412 3136; baseline -0.001 -24"><span class='ocrx_word' id='word_1_211' title='bbox 565 3049 603 3114; x_wconf 88' lang='lat' dir='ltr'><strong>et</strong></span> <span class='ocrx_word' id='word_1_212' title='bbox 626 3044 840 3115; x_wconf 88' lang='lat' dir='ltr'><strong>mediatores</strong></span> <span class='ocrx_word' id='word_1_213' title='bbox 863 3044 929 3114; x_wconf 92' lang='lat' dir='ltr'><strong>tibi</strong></span> <span class='ocrx_word' id='word_1_214' title='bbox 953 3046 1159 3130; x_wconf 90' lang='lat' dir='ltr'><strong>posuimus:</strong></span> <span class='ocrx_word' id='word_1_215' title='bbox 1185 3062 1249 3112; x_wconf 93' lang='lat' dir='ltr'><strong>nos</strong></span> <span class='ocrx_word' id='word_1_216' title='bbox 1274 3044 1465 3136; x_wconf 83' lang='lat' dir='ltr'><strong>iamdictus</strong></span> <span class='ocrx_word' id='word_1_217' title='bbox 1488 3042 1682 3122; x_wconf 87' lang='lat' dir='ltr'><strong>roderisius</strong></span> <span class='ocrx_word' id='word_1_218' title='bbox 1704 3049 1740 3112; x_wconf 93' lang='lat' dir='ltr'><strong>et</strong></span> <span class='ocrx_word' id='word_1_219' title='bbox 1772 3045 1902 3112; x_wconf 87' lang='lat' dir='ltr'><strong>lemma</strong></span> <span class='ocrx_word' id='word_1_220' title='bbox 1926 3043 2105 3129; x_wconf 88' lang='lat' dir='ltr'><strong>posuimus</strong></span> <span class='ocrx_word' id='word_1_221' title='bbox 2127 3043 2192 3110; x_wconf 87' lang='lat' dir='ltr'><strong>tibi</strong></span> <span class='ocrx_word' id='word_1_222' title='bbox 2217 3042 2412 3112; x_wconf 86' lang='lat' dir='ltr'><strong>mediatore</strong></span> 
     </span>
    </p>
   </div>
   <div class='ocr_carea' id='block_1_4' title="bbox 456 3194 2532 3286">
    <p class='ocr_par' dir='ltr' id='par_1_4' title="bbox 456 3194 2532 3286">
     <span class='ocr_line' id='line_1_18' title="bbox 456 3194 2532 3286; baseline -0.001 -20"><span class='ocrx_word' id='word_1_223' title='bbox 456 3229 459 3234; x_wconf 96' lang='lat'>·</span> <span class='ocrx_word' id='word_1_224' title='bbox 568 3201 692 3285; x_wconf 88' lang='lat' dir='ltr'><strong>petrus</strong></span> <span class='ocrx_word' id='word_1_225' title='bbox 722 3197 927 3266; x_wconf 89' lang='lat' dir='ltr'><strong>atrianense</strong></span> <span class='ocrx_word' id='word_1_226' title='bbox 950 3201 1141 3286; x_wconf 86' lang='lat' dir='ltr'><strong>cognatum</strong></span> <span class='ocrx_word' id='word_1_227' title='bbox 1165 3201 1201 3266; x_wconf 91' lang='lat' dir='ltr'><strong>et</strong></span> <span class='ocrx_word' id='word_1_228' title='bbox 1224 3215 1438 3286; x_wconf 85' lang='lat' dir='ltr'><strong>germanum</strong></span> <span class='ocrx_word' id='word_1_229' title='bbox 1463 3200 1638 3283; x_wconf 86' lang='lat' dir='ltr'><strong>nostrum,</strong></span> <span class='ocrx_word' id='word_1_230' title='bbox 1661 3199 1698 3263; x_wconf 91' lang='lat' dir='ltr'><strong>et</strong></span> <span class='ocrx_word' id='word_1_231' title='bbox 1720 3213 1785 3263; x_wconf 93' lang='lat' dir='ltr'><strong>nos</strong></span> <span class='ocrx_word' id='word_1_232' title='bbox 1807 3195 1955 3286; x_wconf 89' lang='lat' dir='ltr'><strong>predicti</strong></span> <span class='ocrx_word' id='word_1_233' title='bbox 1983 3194 2129 3264; x_wconf 82' lang='lat' dir='ltr'><strong>alferius</strong></span> <span class='ocrx_word' id='word_1_234' title='bbox 2153 3201 2189 3264; x_wconf 87' lang='lat' dir='ltr'><strong>et</strong></span> <span class='ocrx_word' id='word_1_235' title='bbox 2213 3195 2332 3265; x_wconf 86' lang='lat' dir='ltr'><strong>blacta</strong></span> <span class='ocrx_word' id='word_1_236' title='bbox 2353 3213 2414 3283; x_wconf 91' lang='lat' dir='ltr'><strong>po·</strong></span> <span class='ocrx_word' id='word_1_237' title='bbox 2529 3239 2532 3246; x_wconf 37' lang='grc' dir='ltr'>ι</span> 
     </span>
    </p>
   </div>
   <div class='ocr_carea' id='block_1_5' title="bbox 498 3348 2486 5727">
    <p class='ocr_par' dir='ltr' id='par_1_5' title="bbox 498 3348 2486 5727">
     <span class='ocr_line' id='line_1_19' title="bbox 568 3348 2416 3437; baseline -0.001 -18"><span class='ocrx_word' id='word_1_238' title='bbox 568 3351 708 3419; x_wconf 89' lang='lat' dir='ltr'><strong>suimus</strong></span> <span class='ocrx_word' id='word_1_239' title='bbox 730 3351 797 3419; x_wconf 85' lang='lat' dir='ltr'><strong>tibi</strong></span> <span class='ocrx_word' id='word_1_240' title='bbox 815 3349 1026 3418; x_wconf 91' lang='lat' dir='ltr'><strong>mediatores</strong></span> <span class='ocrx_word' id='word_1_241' title='bbox 1050 3367 1113 3416; x_wconf 93' lang='lat' dir='ltr'><strong>nos</strong></span> <span class='ocrx_word' id='word_1_242' title='bbox 1131 3349 1230 3436; x_wconf 91' lang='lat' dir='ltr'><strong>ipsis,</strong></span> <span class='ocrx_word' id='word_1_243' title='bbox 1248 3350 1342 3416; x_wconf 90' lang='lat' dir='ltr'><strong>sicul</strong></span> <span class='ocrx_word' id='word_1_244' title='bbox 1369 3348 1559 3436; x_wconf 79' lang='lat' dir='ltr'><strong>combenit5</strong></span> <span class='ocrx_word' id='word_1_245' title='bbox 1586 3354 1622 3416; x_wconf 88' lang='lat' dir='ltr'><strong>el</strong></span> <span class='ocrx_word' id='word_1_246' title='bbox 1649 3368 1711 3435; x_wconf 90' lang='lat' dir='ltr'><strong>per</strong></span> <span class='ocrx_word' id='word_1_247' title='bbox 1730 3351 1807 3436; x_wconf 87' lang='lat' dir='ltr'><strong>ipsa</strong></span> <span class='ocrx_word' id='word_1_248' title='bbox 1824 3348 1958 3437; x_wconf 83' lang='lat' dir='ltr'><strong>guadia</strong></span> <span class='ocrx_word' id='word_1_249' title='bbox 1980 3349 2181 3434; x_wconf 84' lang='lat' dir='ltr'><strong>obligamus</strong></span> <span class='ocrx_word' id='word_1_250' title='bbox 2199 3367 2261 3418; x_wconf 89' lang='lat' dir='ltr'><strong>nos</strong></span> <span class='ocrx_word' id='word_1_251' title='bbox 2283 3349 2416 3418; x_wconf 90' lang='lat' dir='ltr'><strong>roderi—</strong></span> 
     </span>
     <span class='ocr_line' id='line_1_20' title="bbox 568 3499 2414 3590; baseline 0.001 -21"><span class='ocrx_word' id='word_1_252' title='bbox 568 3503 655 3590; x_wconf 91' lang='lat' dir='ltr'><strong>sius,</strong></span> <span class='ocrx_word' id='word_1_253' title='bbox 672 3502 886 3589; x_wconf 79' lang='lat' dir='ltr'><strong>etalierius,</strong></span> <span class='ocrx_word' id='word_1_254' title='bbox 911 3506 948 3570; x_wconf 87' lang='lat' dir='ltr'><strong>et</strong></span> <span class='ocrx_word' id='word_1_255' title='bbox 971 3503 1116 3588; x_wconf 89' lang='lat' dir='ltr'><strong>iemma,</strong></span> <span class='ocrx_word' id='word_1_256' title='bbox 1140 3505 1177 3570; x_wconf 90' lang='lat' dir='ltr'><strong>et</strong></span> <span class='ocrx_word' id='word_1_257' title='bbox 1200 3499 1330 3587; x_wconf 87' lang='lat' dir='ltr'><strong>blacta,</strong></span> <span class='ocrx_word' id='word_1_258' title='bbox 1358 3503 1426 3570; x_wconf 91' lang='lat' dir='ltr'><strong>viri</strong></span> <span class='ocrx_word' id='word_1_259' title='bbox 1450 3507 1486 3570; x_wconf 90' lang='lat' dir='ltr'><strong>et</strong></span> <span class='ocrx_word' id='word_1_260' title='bbox 1509 3517 1651 3589; x_wconf 85' lang='lat' dir='ltr'><strong>uxores,</strong></span> <span class='ocrx_word' id='word_1_261' title='bbox 1674 3505 1710 3570; x_wconf 93' lang='lat' dir='ltr'><strong>et</strong></span> <span class='ocrx_word' id='word_1_262' title='bbox 1734 3499 1866 3569; x_wconf 86' lang='lat' dir='ltr'><strong>nostris</strong></span> <span class='ocrx_word' id='word_1_263' title='bbox 1888 3500 2056 3568; x_wconf 90' lang='lat' dir='ltr'><strong>eredibus</strong></span> <span class='ocrx_word' id='word_1_264' title='bbox 2072 3519 2211 3588; x_wconf 89' lang='lat' dir='ltr'><strong>semper</strong></span> <span class='ocrx_word' id='word_1_265' title='bbox 2227 3501 2414 3572; x_wconf 83' lang='lat' dir='ltr'><strong>defendere</strong></span> 
     </span>
     <span class='ocr_line' id='line_1_21' title="bbox 498 3650 2486 3742; baseline 0.001 -22"><span class='ocrx_word' id='word_1_266' title='bbox 498 3650 503 3659; x_wconf 88' lang='lat'>&#39;</span> <span class='ocrx_word' id='word_1_267' title='bbox 567 3654 634 3720; x_wconf 85' lang='lat' dir='ltr'><strong>tibi</strong></span> <span class='ocrx_word' id='word_1_268' title='bbox 652 3654 793 3740; x_wconf 89' lang='lat' dir='ltr'><strong>tuisque</strong></span> <span class='ocrx_word' id='word_1_269' title='bbox 817 3653 982 3723; x_wconf 88' lang='lat' dir='ltr'><strong>eredibns</strong></span> <span class='ocrx_word' id='word_1_270' title='bbox 999 3655 1072 3722; x_wconf 90' lang='lat' dir='ltr'><strong>tote</strong></span> <span class='ocrx_word' id='word_1_271' title='bbox 1091 3656 1127 3722; x_wconf 91' lang='lat' dir='ltr'><strong>et</strong></span> <span class='ocrx_word' id='word_1_272' title='bbox 1151 3652 1278 3722; x_wconf 91' lang='lat' dir='ltr'><strong>inclite</strong></span> <span class='ocrx_word' id='word_1_273' title='bbox 1303 3652 1379 3740; x_wconf 90' lang='lat' dir='ltr'><strong>ipse</strong></span> <span class='ocrx_word' id='word_1_274' title='bbox 1402 3654 1470 3722; x_wconf 89' lang='lat' dir='ltr'><strong>due</strong></span> <span class='ocrx_word' id='word_1_275' title='bbox 1493 3659 1612 3740; x_wconf 88' lang='lat' dir='ltr'><strong>partes</strong></span> <span class='ocrx_word' id='word_1_276' title='bbox 1634 3653 1677 3723; x_wconf 90' lang='lat' dir='ltr'><strong>de</strong></span> <span class='ocrx_word' id='word_1_277' title='bbox 1699 3655 1944 3741; x_wconf 85' lang='lat' dir='ltr'><strong>suprascripta</strong></span> <span class='ocrx_word' id='word_1_278' title='bbox 1967 3655 2073 3722; x_wconf 90' lang='lat' dir='ltr'><strong>rebus</strong></span> <span class='ocrx_word' id='word_1_279' title='bbox 2091 3672 2154 3739; x_wconf 90' lang='lat' dir='ltr'><strong>per</strong></span> <span class='ocrx_word' id='word_1_280' title='bbox 2169 3657 2412 3742; x_wconf 85' lang='lat' dir='ltr'><strong>suprascripte</strong></span> <span class='ocrx_word' id='word_1_281' title='bbox 2470 3659 2486 3682; x_wconf 86' lang='lat'><em>⁰</em></span> 
     </span>
     <span class='ocr_line' id='line_1_22' title="bbox 569 3793 2415 3896; baseline 0 -24"><span class='ocrx_word' id='word_1_282' title='bbox 569 3806 652 3875; x_wconf 89' lang='lat' dir='ltr'><strong>flnis</strong></span> <span class='ocrx_word' id='word_1_283' title='bbox 667 3810 703 3875; x_wconf 92' lang='lat' dir='ltr'><strong>et</strong></span> <span class='ocrx_word' id='word_1_284' title='bbox 724 3808 902 3874; x_wconf 89' lang='lat' dir='ltr'><strong>mensurie</strong></span> <span class='ocrx_word' id='word_1_285' title='bbox 926 3807 973 3874; x_wconf 89' lang='lat' dir='ltr'><strong>ab</strong></span> <span class='ocrx_word' id='word_1_286' title='bbox 997 3793 1163 3874; x_wconf 87' lang='lat' dir='ltr'><strong>omnibus</strong></span> <span class='ocrx_word' id='word_1_287' title='bbox 1186 3804 1370 3874; x_wconf 90' lang='lat' dir='ltr'><strong>ominibus</strong></span> <span class='ocrx_word' id='word_1_288' title='bbox 1392 3805 1557 3896; x_wconf 90' lang='lat' dir='ltr'><strong>omnique</strong></span> <span class='ocrx_word' id='word_1_289' title='bbox 1580 3805 1743 3893; x_wconf 86' lang='lat' dir='ltr'><strong>partibus</strong></span> <span class='ocrx_word' id='word_1_290' title='bbox 1766 3824 1846 3872; x_wconf 92' lang='lat' dir='ltr'><strong>cum</strong></span> <span class='ocrx_word' id='word_1_291' title='bbox 1870 3805 1946 3872; x_wconf 88' lang='lat' dir='ltr'><strong>bico</strong></span> <span class='ocrx_word' id='word_1_292' title='bbox 1964 3805 2006 3872; x_wconf 89' lang='lat' dir='ltr'><strong>de</strong></span> <span class='ocrx_word' id='word_1_293' title='bbox 2024 3807 2098 3892; x_wconf 91' lang='lat' dir='ltr'><strong>ipse</strong></span> <span class='ocrx_word' id='word_1_294' title='bbox 2122 3807 2189 3874; x_wconf 90' lang='lat' dir='ltr'><strong>vie.</strong></span> <span class='ocrx_word' id='word_1_295' title='bbox 2210 3809 2255 3874; x_wconf 85' lang='lat' dir='ltr'><strong>Et</strong></span> <span class='ocrx_word' id='word_1_296' title='bbox 2273 3807 2415 3892; x_wconf 89' lang='lat' dir='ltr'><strong>quando</strong></span> 
     </span>
     <span class='ocr_line' id='line_1_23' title="bbox 571 3923 2413 4047; baseline -0.001 -21"><span class='ocrx_word' id='word_1_297' title='bbox 571 3962 612 4027; x_wconf 90' lang='lat' dir='ltr'><strong>tu</strong></span> <span class='ocrx_word' id='word_1_298' title='bbox 629 3964 671 4046; x_wconf 86' lang='lat' dir='ltr'><strong>et</strong></span> <span class='ocrx_word' id='word_1_299' title='bbox 686 3958 758 4026; x_wconf 92' lang='lat' dir='ltr'><strong>tuis</strong></span> <span class='ocrx_word' id='word_1_300' title='bbox 781 3959 946 4026; x_wconf 76' lang='lat' dir='ltr'><strong>aradibus</strong></span> <span class='ocrx_word' id='word_1_301' title='bbox 962 3958 1005 4026; x_wconf 89' lang='lat' dir='ltr'><strong>de</strong></span> <span class='ocrx_word' id='word_1_302' title='bbox 1022 3955 1268 4044; x_wconf 88' lang='lat' dir='ltr'><strong>suprascripta</strong></span> <span class='ocrx_word' id='word_1_303' title='bbox 1290 3961 1414 4026; x_wconf 90' lang='lat' dir='ltr'><strong>nostra</strong></span> <span class='ocrx_word' id='word_1_304' title='bbox 1436 3957 1669 4025; x_wconf 88' lang='lat' dir='ltr'><strong>vinditionem</strong></span> <span class='ocrx_word' id='word_1_305' title='bbox 1690 3978 1752 4044; x_wconf 90' lang='lat' dir='ltr'><strong>per</strong></span> <span class='ocrx_word' id='word_1_306' title='bbox 1769 3978 1830 4027; x_wconf 91' lang='lat' dir='ltr'><strong>vos</strong></span> <span class='ocrx_word' id='word_1_307' title='bbox 1853 3923 1995 4028; x_wconf 87' lang='lat' dir='ltr'><strong>autores</strong></span> <span class='ocrx_word' id='word_1_308' title='bbox 2018 3963 2111 4028; x_wconf 92' lang='lat' dir='ltr'><strong>esset</strong></span> <span class='ocrx_word' id='word_1_309' title='bbox 2133 3929 2330 4046; x_wconf 82' lang='lat' dir='ltr'><strong>volueritis,</strong></span> <span class='ocrx_word' id='word_1_310' title='bbox 2355 3977 2413 4047; x_wconf 88' lang='lat' dir='ltr'><strong>po·</strong></span> 
     </span>
     <span class='ocr_line' id='line_1_24' title="bbox 572 4107 2415 4198; baseline 0.001 -20"><span class='ocrx_word' id='word_1_311' title='bbox 572 4112 735 4178; x_wconf 68' lang='lat' dir='ltr'><strong>metatam</strong></span> <span class='ocrx_word' id='word_1_312' title='bbox 760 4109 900 4177; x_wconf 89' lang='lat' dir='ltr'><strong>abeatis</strong></span> <span class='ocrx_word' id='word_1_313' title='bbox 932 4109 972 4175; x_wconf 92' lang='lat' dir='ltr'><strong>in</strong></span> <span class='ocrx_word' id='word_1_314' title='bbox 995 4108 1158 4184; x_wconf 87' lang='lat' dir='ltr'><strong>omnibus</strong></span> <span class='ocrx_word' id='word_1_315' title='bbox 1182 4107 1266 4176; x_wconf 89' lang='lat' dir='ltr'><strong>inde</strong></span> <span class='ocrx_word' id='word_1_316' title='bbox 1289 4127 1438 4177; x_wconf 90' lang='lat' dir='ltr'><strong>causare</strong></span> <span class='ocrx_word' id='word_1_317' title='bbox 1461 4113 1497 4177; x_wconf 92' lang='lat' dir='ltr'><strong>et</strong></span> <span class='ocrx_word' id='word_1_318' title='bbox 1519 4111 1625 4177; x_wconf 88' lang='lat' dir='ltr'><strong>flnem</strong></span> <span class='ocrx_word' id='word_1_319' title='bbox 1649 4111 1779 4195; x_wconf 84' lang='lat' dir='ltr'><strong>facere,</strong></span> <span class='ocrx_word' id='word_1_320' title='bbox 1805 4109 1958 4198; x_wconf 87' lang='lat' dir='ltr'><strong>qualiter</strong></span> <span class='ocrx_word' id='word_1_321' title='bbox 1982 4109 2179 4197; x_wconf 91' lang='lat' dir='ltr'><strong>volueritis,</strong></span> <span class='ocrx_word' id='word_1_322' title='bbox 2197 4129 2278 4178; x_wconf 94' lang='lat' dir='ltr'><strong>cum</strong></span> <span class='ocrx_word' id='word_1_323' title='bbox 2301 4114 2415 4180; x_wconf 88' lang='lat' dir='ltr'><strong>omni·</strong></span> 
     </span>
     <span class='ocr_line' id='line_1_25' title="bbox 572 4227 2416 4352; baseline 0.002 -24"><span class='ocrx_word' id='word_1_324' title='bbox 572 4263 637 4328; x_wconf 90' lang='lat' dir='ltr'><strong>bus</strong></span> <span class='ocrx_word' id='word_1_325' title='bbox 662 4261 917 4329; x_wconf 90' lang='lat' dir='ltr'><strong>moniminibus</strong></span> <span class='ocrx_word' id='word_1_326' title='bbox 932 4265 969 4329; x_wconf 89' lang='lat' dir='ltr'><strong>et</strong></span> <span class='ocrx_word' id='word_1_327' title='bbox 984 4261 1185 4329; x_wconf 91' lang='lat' dir='ltr'><strong>rationibus</strong></span> <span class='ocrx_word' id='word_1_328' title='bbox 1208 4278 1297 4346; x_wconf 89' lang='lat' dir='ltr'><strong>quas</strong></span> <span class='ocrx_word' id='word_1_329' title='bbox 1322 4260 1404 4329; x_wconf 91' lang='lat' dir='ltr'><strong>inde</strong></span> <span class='ocrx_word' id='word_1_330' title='bbox 1420 4262 1527 4330; x_wconf 90' lang='lat' dir='ltr'><strong>abere</strong></span> <span class='ocrx_word' id='word_1_331' title='bbox 1542 4263 1743 4348; x_wconf 90' lang='lat' dir='ltr'><strong>potueritis.</strong></span> <span class='ocrx_word' id='word_1_332' title='bbox 1761 4263 1806 4330; x_wconf 82' lang='lat' dir='ltr'><strong>Et</strong></span> <span class='ocrx_word' id='word_1_333' title='bbox 1829 4263 1860 4329; x_wconf 91' lang='lat' dir='ltr'><strong>si</strong></span> <span class='ocrx_word' id='word_1_334' title='bbox 1878 4261 2002 4333; x_wconf 88' lang='lat' dir='ltr'><strong>taliter</strong></span> <span class='ocrx_word' id='word_1_335' title='bbox 2017 4227 2139 4334; x_wconf 90' lang='lat' dir='ltr'><strong>omnia</strong></span> <span class='ocrx_word' id='word_1_336' title='bbox 2156 4266 2416 4352; x_wconf 89' lang='lat' dir='ltr'><strong>suprascripta,</strong></span> 
     </span>
     <span class='ocr_line' id='line_1_26' title="bbox 573 4410 2417 4500; baseline 0.003 -21"><span class='ocrx_word' id='word_1_337' title='bbox 573 4412 879 4498; x_wconf 86' lang='lat' dir='ltr'><strong>quemammodum</strong></span> <span class='ocrx_word' id='word_1_338' title='bbox 902 4413 1067 4499; x_wconf 92' lang='lat' dir='ltr'><strong>superius</strong></span> <span class='ocrx_word' id='word_1_339' title='bbox 1092 4411 1238 4500; x_wconf 84' lang='lat' dir='ltr'><strong>legitur,</strong></span> <span class='ocrx_word' id='word_1_340' title='bbox 1262 4428 1327 4480; x_wconf 91' lang='lat' dir='ltr'><strong>nos</strong></span> <span class='ocrx_word' id='word_1_341' title='bbox 1349 4417 1385 4480; x_wconf 87' lang='lat' dir='ltr'><strong>el</strong></span> <span class='ocrx_word' id='word_1_342' title='bbox 1400 4410 1531 4480; x_wconf 87' lang='lat' dir='ltr'><strong>nostris</strong></span> <span class='ocrx_word' id='word_1_343' title='bbox 1553 4413 1717 4480; x_wconf 91' lang='lat' dir='ltr'><strong>eredibus</strong></span> <span class='ocrx_word' id='word_1_344' title='bbox 1742 4413 1808 4481; x_wconf 91' lang='lat' dir='ltr'><strong>tibi</strong></span> <span class='ocrx_word' id='word_1_345' title='bbox 1827 4411 1972 4499; x_wconf 90' lang='lat' dir='ltr'><strong>tuisque</strong></span> <span class='ocrx_word' id='word_1_346' title='bbox 2007 4413 2173 4482; x_wconf 89' lang='lat' dir='ltr'><strong>eredibus</strong></span> <span class='ocrx_word' id='word_1_347' title='bbox 2197 4434 2269 4484; x_wconf 95' lang='lat' dir='ltr'><strong>non</strong></span> <span class='ocrx_word' id='word_1_348' title='bbox 2305 4417 2417 4485; x_wconf 90' lang='lat' dir='ltr'><strong>adim-</strong></span> 
     </span>
     <span class='ocr_line' id='line_1_27' title="bbox 573 4562 2414 4655; baseline 0.003 -23"><span class='ocrx_word' id='word_1_349' title='bbox 573 4565 787 4650; x_wconf 87' lang='lat' dir='ltr'><strong>pleverimus</strong></span> <span class='ocrx_word' id='word_1_350' title='bbox 810 4569 845 4632; x_wconf 90' lang='lat' dir='ltr'><strong>et</strong></span> <span class='ocrx_word' id='word_1_351' title='bbox 868 4565 1163 4652; x_wconf 87' lang='lat' dir='ltr'><strong>suprascriptam,</strong></span> <span class='ocrx_word' id='word_1_352' title='bbox 1188 4563 1242 4631; x_wconf 86' lang='lat' dir='ltr'><strong>rel</strong></span> <span class='ocrx_word' id='word_1_353' title='bbox 1258 4562 1371 4632; x_wconf 89' lang='lat' dir='ltr'><strong>exeis</strong></span> <span class='ocrx_word' id='word_1_354' title='bbox 1393 4563 1585 4650; x_wconf 87' lang='lat' dir='ltr'><strong>quicquam</strong></span> <span class='ocrx_word' id='word_1_355' title='bbox 1608 4583 1785 4634; x_wconf 91' lang='lat' dir='ltr'><strong>removere</strong></span> <span class='ocrx_word' id='word_1_356' title='bbox 1801 4571 1865 4636; x_wconf 87' lang='lat' dir='ltr'><strong>aut</strong></span> <span class='ocrx_word' id='word_1_357' title='bbox 1886 4571 2049 4636; x_wconf 89' lang='lat' dir='ltr'><strong>contrare</strong></span> <span class='ocrx_word' id='word_1_358' title='bbox 2075 4567 2325 4655; x_wconf 88' lang='lat' dir='ltr'><strong>quesierimus,</strong></span> <span class='ocrx_word' id='word_1_359' title='bbox 2351 4575 2414 4638; x_wconf 89' lang='lat' dir='ltr'><strong>aut</strong></span> 
     </span>
     <span class='ocr_line' id='line_1_28' title="bbox 568 4715 2414 4808; baseline 0.002 -23"><span class='ocrx_word' id='word_1_360' title='bbox 568 4723 597 4785; x_wconf 84' lang='lat' dir='ltr'><strong>si</strong></span> <span class='ocrx_word' id='word_1_361' title='bbox 615 4735 855 4804; x_wconf 89' lang='lat' dir='ltr'><strong>quascumque</strong></span> <span class='ocrx_word' id='word_1_362' title='bbox 879 4720 1104 4786; x_wconf 86' lang='lat' dir='ltr'><strong>causationes</strong></span> <span class='ocrx_word' id='word_1_363' title='bbox 1119 4715 1248 4786; x_wconf 87' lang='lat' dir='ltr'><strong>exinde</strong></span> <span class='ocrx_word' id='word_1_364' title='bbox 1267 4719 1332 4785; x_wconf 89' lang='lat' dir='ltr'><strong>tibi</strong></span> <span class='ocrx_word' id='word_1_365' title='bbox 1350 4720 1490 4804; x_wconf 91' lang='lat' dir='ltr'><strong>tuisque</strong></span> <span class='ocrx_word' id='word_1_366' title='bbox 1505 4719 1670 4787; x_wconf 88' lang='lat' dir='ltr'><strong>eredibus</strong></span> <span class='ocrx_word' id='word_1_367' title='bbox 1686 4723 1984 4808; x_wconf 85' lang='lat' dir='ltr'><strong>proposuerimus,</strong></span> <span class='ocrx_word' id='word_1_368' title='bbox 2001 4739 2063 4807; x_wconf 89' lang='lat' dir='ltr'><strong>per</strong></span> <span class='ocrx_word' id='word_1_369' title='bbox 2080 4722 2158 4806; x_wconf 90' lang='lat' dir='ltr'><strong>ipsa</strong></span> <span class='ocrx_word' id='word_1_370' title='bbox 2173 4721 2305 4807; x_wconf 77' lang='lat' dir='ltr'><strong>guallia</strong></span> <span class='ocrx_word' id='word_1_371' title='bbox 2321 4739 2414 4787; x_wconf 89' lang='lat' dir='ltr'><strong>com·</strong></span> 
     </span>
     <span class='ocr_line' id='line_1_29' title="bbox 571 4867 2416 4958; baseline 0.002 -22"><span class='ocrx_word' id='word_1_372' title='bbox 571 4884 700 4954; x_wconf 87' lang='lat' dir='ltr'><strong>ponere</strong></span> <span class='ocrx_word' id='word_1_373' title='bbox 725 4867 966 4956; x_wconf 81' lang='lat' dir='ltr'><strong>obligavimus</strong></span> <span class='ocrx_word' id='word_1_374' title='bbox 988 4883 1051 4934; x_wconf 89' lang='lat' dir='ltr'><strong>nos</strong></span> <span class='ocrx_word' id='word_1_375' title='bbox 1075 4867 1263 4936; x_wconf 89' lang='lat' dir='ltr'><strong>iamdictus</strong></span> <span class='ocrx_word' id='word_1_376' title='bbox 1286 4869 1491 4956; x_wconf 64' lang='lat' dir='ltr'><strong>roderisius</strong></span> <span class='ocrx_word' id='word_1_377' title='bbox 1508 4873 1544 4937; x_wconf 90' lang='lat' dir='ltr'><strong>et</strong></span> <span class='ocrx_word' id='word_1_378' title='bbox 1561 4873 1700 4957; x_wconf 83' lang='lat' dir='ltr'><strong>lemma,</strong></span> <span class='ocrx_word' id='word_1_379' title='bbox 1718 4876 1755 4938; x_wconf 88' lang='lat' dir='ltr'><strong>et</strong></span> <span class='ocrx_word' id='word_1_380' title='bbox 1771 4871 1901 4956; x_wconf 80' lang='lat' dir='ltr'><strong>alterii,</strong></span> <span class='ocrx_word' id='word_1_381' title='bbox 1921 4876 1957 4939; x_wconf 91' lang='lat' dir='ltr'><strong>et</strong></span> <span class='ocrx_word' id='word_1_382' title='bbox 1972 4872 2101 4958; x_wconf 89' lang='lat' dir='ltr'><strong>blacta,</strong></span> <span class='ocrx_word' id='word_1_383' title='bbox 2126 4875 2163 4940; x_wconf 91' lang='lat' dir='ltr'><strong>et</strong></span> <span class='ocrx_word' id='word_1_384' title='bbox 2187 4875 2318 4940; x_wconf 90' lang='lat' dir='ltr'><strong>nostris</strong></span> <span class='ocrx_word' id='word_1_385' title='bbox 2339 4891 2416 4941; x_wconf 91' lang='lat' dir='ltr'><strong>ere·</strong></span> 
     </span>
     <span class='ocr_line' id='line_1_30' title="bbox 571 5017 2413 5113; baseline 0.004 -27"><span class='ocrx_word' id='word_1_386' title='bbox 571 5017 688 5106; x_wconf 91' lang='lat' dir='ltr'><strong>dibus,</strong></span> <span class='ocrx_word' id='word_1_387' title='bbox 707 5021 772 5089; x_wconf 88' lang='lat' dir='ltr'><strong>tibi</strong></span> <span class='ocrx_word' id='word_1_388' title='bbox 789 5021 915 5106; x_wconf 88' lang='lat' dir='ltr'><strong>tuique</strong></span> <span class='ocrx_word' id='word_1_389' title='bbox 930 5018 1097 5088; x_wconf 86' lang='lat' dir='ltr'><strong>eredibus</strong></span> <span class='ocrx_word' id='word_1_390' title='bbox 1114 5021 1378 5108; x_wconf 84' lang='lat' dir='ltr'><strong>quinquaginta</strong></span> <span class='ocrx_word' id='word_1_391' title='bbox 1394 5024 1475 5091; x_wconf 90' lang='lat' dir='ltr'><strong>auri</strong></span> <span class='ocrx_word' id='word_1_392' title='bbox 1491 5021 1618 5089; x_wconf 92' lang='lat' dir='ltr'><strong>solidos</strong></span> <span class='ocrx_word' id='word_1_393' title='bbox 1633 5022 1886 5090; x_wconf 90' lang='lat' dir='ltr'><strong>constantinos.</strong></span> <span class='ocrx_word' id='word_1_394' title='bbox 1904 5023 1961 5108; x_wconf 82' lang='lat' dir='ltr'><strong>st,</strong></span> <span class='ocrx_word' id='word_1_395' title='bbox 1979 5025 2070 5092; x_wconf 91' lang='lat' dir='ltr'><strong>sicut</strong></span> <span class='ocrx_word' id='word_1_396' title='bbox 2085 5026 2249 5110; x_wconf 89' lang='lat' dir='ltr'><strong>superius</strong></span> <span class='ocrx_word' id='word_1_397' title='bbox 2265 5024 2413 5113; x_wconf 85' lang='lat' dir='ltr'><strong>legitur,</strong></span> 
     </span>
     <span class='ocr_line' id='line_1_31' title="bbox 571 5173 2414 5263; baseline 0.003 -23"><span class='ocrx_word' id='word_1_398' title='bbox 571 5176 670 5242; x_wconf 92' lang='lat' dir='ltr'><strong>vobis</strong></span> <span class='ocrx_word' id='word_1_399' title='bbox 693 5174 977 5262; x_wconf 89' lang='lat' dir='ltr'><strong>adimpleamus:</strong></span> <span class='ocrx_word' id='word_1_400' title='bbox 1004 5177 1098 5243; x_wconf 91' lang='lat' dir='ltr'><strong>sicut</strong></span> <span class='ocrx_word' id='word_1_401' title='bbox 1121 5179 1240 5244; x_wconf 89' lang='lat' dir='ltr'><strong>tamen</strong></span> <span class='ocrx_word' id='word_1_402' title='bbox 1265 5177 1365 5244; x_wconf 90' lang='lat' dir='ltr'><strong>stetit</strong></span> <span class='ocrx_word' id='word_1_403' title='bbox 1389 5177 1484 5243; x_wconf 89' lang='lat' dir='ltr'><strong>inter</strong></span> <span class='ocrx_word' id='word_1_404' title='bbox 1507 5191 1571 5242; x_wconf 93' lang='lat' dir='ltr'><strong>nos</strong></span> <span class='ocrx_word' id='word_1_405' title='bbox 1594 5173 1636 5241; x_wconf 87' lang='lat' dir='ltr'><strong>de</strong></span> <span class='ocrx_word' id='word_1_406' title='bbox 1672 5176 1731 5244; x_wconf 86' lang='lat' dir='ltr'><strong>via</strong></span> <span class='ocrx_word' id='word_1_407' title='bbox 1760 5174 1823 5244; x_wconf 92' lang='lat' dir='ltr'><strong>illa</strong></span> <span class='ocrx_word' id='word_1_408' title='bbox 1838 5177 1899 5262; x_wconf 91' lang='lat' dir='ltr'><strong>qui</strong></span> <span class='ocrx_word' id='word_1_409' title='bbox 1925 5175 1971 5244; x_wconf 91' lang='lat' dir='ltr'><strong>ad</strong></span> <span class='ocrx_word' id='word_1_410' title='bbox 1995 5179 2158 5246; x_wconf 89' lang='lat' dir='ltr'><strong>trabersa</strong></span> <span class='ocrx_word' id='word_1_411' title='bbox 2181 5178 2247 5263; x_wconf 91' lang='lat' dir='ltr'><strong>ipsi</strong></span> <span class='ocrx_word' id='word_1_412' title='bbox 2274 5182 2414 5247; x_wconf 89' lang='lat' dir='ltr'><strong>centum</strong></span> 
     </span>
     <span class='ocr_line' id='line_1_32' title="bbox 567 5325 2413 5418; baseline 0.004 -25"><span class='ocrx_word' id='word_1_413' title='bbox 567 5325 689 5394; x_wconf 89' lang='lat' dir='ltr'><strong>decem</strong></span> <span class='ocrx_word' id='word_1_414' title='bbox 709 5328 818 5414; x_wconf 88' lang='lat' dir='ltr'><strong>passi,</strong></span> <span class='ocrx_word' id='word_1_415' title='bbox 835 5326 989 5412; x_wconf 85' lang='lat' dir='ltr'><strong>qualiter</strong></span> <span class='ocrx_word' id='word_1_416' title='bbox 1013 5325 1196 5395; x_wconf 79' lang='lat' dir='ltr'><strong>descendit</strong></span> <span class='ocrx_word' id='word_1_417' title='bbox 1220 5328 1257 5394; x_wconf 92' lang='lat' dir='ltr'><strong>in</strong></span> <span class='ocrx_word' id='word_1_418' title='bbox 1281 5345 1365 5414; x_wconf 89' lang='lat' dir='ltr'><strong>pars</strong></span> <span class='ocrx_word' id='word_1_419' title='bbox 1389 5327 1536 5395; x_wconf 90' lang='lat' dir='ltr'><strong>meridie</strong></span> <span class='ocrx_word' id='word_1_420' title='bbox 1560 5331 1595 5394; x_wconf 91' lang='lat' dir='ltr'><strong>et</strong></span> <span class='ocrx_word' id='word_1_421' title='bbox 1617 5329 1798 5415; x_wconf 84' lang='lat' dir='ltr'><strong>coniungit</strong></span> <span class='ocrx_word' id='word_1_422' title='bbox 1822 5345 1859 5396; x_wconf 91' lang='lat' dir='ltr'><strong>se</strong></span> <span class='ocrx_word' id='word_1_423' title='bbox 1884 5331 1959 5415; x_wconf 88' lang='lat' dir='ltr'><strong>ipsa</strong></span> <span class='ocrx_word' id='word_1_424' title='bbox 1984 5332 2044 5400; x_wconf 86' lang='lat' dir='ltr'><strong>uia</strong></span> <span class='ocrx_word' id='word_1_425' title='bbox 2067 5351 2143 5399; x_wconf 91' lang='lat' dir='ltr'><strong>cum</strong></span> <span class='ocrx_word' id='word_1_426' title='bbox 2169 5331 2242 5402; x_wconf 87' lang='lat' dir='ltr'><strong>alia</strong></span> <span class='ocrx_word' id='word_1_427' title='bbox 2266 5333 2325 5402; x_wconf 89' lang='lat' dir='ltr'><strong>via</strong></span> <span class='ocrx_word' id='word_1_428' title='bbox 2350 5351 2413 5418; x_wconf 90' lang='lat' dir='ltr'><strong>pu·</strong></span> 
     </span>
     <span class='ocr_line' id='line_1_33' title="bbox 571 5477 2415 5570; baseline 0.007 -27"><span class='ocrx_word' id='word_1_429' title='bbox 571 5479 665 5565; x_wconf 91' lang='lat' dir='ltr'><strong>plica</strong></span> <span class='ocrx_word' id='word_1_430' title='bbox 689 5497 759 5566; x_wconf 92' lang='lat' dir='ltr'><strong>que</strong></span> <span class='ocrx_word' id='word_1_431' title='bbox 782 5479 878 5548; x_wconf 87' lang='lat' dir='ltr'><strong>ducit</strong></span> <span class='ocrx_word' id='word_1_432' title='bbox 901 5477 947 5548; x_wconf 89' lang='lat' dir='ltr'><strong>ad</strong></span> <span class='ocrx_word' id='word_1_433' title='bbox 971 5482 1115 5566; x_wconf 80' lang='lat' dir='ltr'><strong>tegura,</strong></span> <span class='ocrx_word' id='word_1_434' title='bbox 1140 5481 1236 5546; x_wconf 88' lang='lat' dir='ltr'><strong>omni</strong></span> <span class='ocrx_word' id='word_1_435' title='bbox 1267 5483 1423 5567; x_wconf 90' lang='lat' dir='ltr'><strong>tempore</strong></span> <span class='ocrx_word' id='word_1_436' title='bbox 1442 5483 1483 5547; x_wconf 93' lang='lat' dir='ltr'><strong>tu</strong></span> <span class='ocrx_word' id='word_1_437' title='bbox 1497 5482 1533 5548; x_wconf 91' lang='lat' dir='ltr'><strong>et</strong></span> <span class='ocrx_word' id='word_1_438' title='bbox 1549 5483 1622 5548; x_wconf 88' lang='lat' dir='ltr'><strong>tuis</strong></span> <span class='ocrx_word' id='word_1_439' title='bbox 1644 5483 1818 5570; x_wconf 89' lang='lat' dir='ltr'><strong>eredibus,</strong></span> <span class='ocrx_word' id='word_1_440' title='bbox 1835 5488 1871 5553; x_wconf 90' lang='lat' dir='ltr'><strong>et</strong></span> <span class='ocrx_word' id='word_1_441' title='bbox 1893 5501 1958 5551; x_wconf 93' lang='lat' dir='ltr'><strong>nos</strong></span> <span class='ocrx_word' id='word_1_442' title='bbox 1972 5487 2010 5553; x_wconf 90' lang='lat' dir='ltr'><strong>et</strong></span> <span class='ocrx_word' id='word_1_443' title='bbox 2033 5488 2168 5554; x_wconf 90' lang='lat' dir='ltr'><strong>nostris</strong></span> <span class='ocrx_word' id='word_1_444' title='bbox 2191 5486 2359 5566; x_wconf 87' lang='lat' dir='ltr'><strong>eredibus</strong></span> <span class='ocrx_word' id='word_1_445' title='bbox 2380 5489 2415 5556; x_wconf 90' lang='lat' dir='ltr'><strong>et</strong></span> 
     </span>
     <span class='ocr_line' id='line_1_34' title="bbox 575 5599 2414 5727; baseline 0.004 -27"><span class='ocrx_word' id='word_1_446' title='bbox 575 5637 706 5702; x_wconf 89' lang='lat' dir='ltr'><strong>nostris</strong></span> <span class='ocrx_word' id='word_1_447' title='bbox 728 5635 952 5704; x_wconf 84' lang='lat' dir='ltr'><strong>consortibus</strong></span> <span class='ocrx_word' id='word_1_448' title='bbox 986 5637 1024 5703; x_wconf 87' lang='lat' dir='ltr'><strong>et</strong></span> <span class='ocrx_word' id='word_1_449' title='bbox 1054 5633 1196 5702; x_wconf 88' lang='lat' dir='ltr'><strong>illorum</strong></span> <span class='ocrx_word' id='word_1_450' title='bbox 1219 5599 1341 5703; x_wconf 84' lang='lat' dir='ltr'><strong>eredes</strong></span> <span class='ocrx_word' id='word_1_451' title='bbox 1364 5653 1445 5703; x_wconf 91' lang='lat' dir='ltr'><strong>cum</strong></span> <span class='ocrx_word' id='word_1_452' title='bbox 1469 5633 1538 5704; x_wconf 89' lang='lat' dir='ltr'><strong>alie</strong></span> <span class='ocrx_word' id='word_1_453' title='bbox 1561 5637 1618 5701; x_wconf 91' lang='lat' dir='ltr'><strong>vie</strong></span> <span class='ocrx_word' id='word_1_454' title='bbox 1632 5633 1675 5704; x_wconf 91' lang='lat' dir='ltr'><strong>de</strong></span> <span class='ocrx_word' id='word_1_455' title='bbox 1691 5639 1766 5724; x_wconf 92' lang='lat' dir='ltr'><strong>ipse</strong></span> <span class='ocrx_word' id='word_1_456' title='bbox 1789 5635 1893 5706; x_wconf 90' lang='lat' dir='ltr'><strong>rebus</strong></span> <span class='ocrx_word' id='word_1_457' title='bbox 1916 5657 2103 5726; x_wconf 85' lang='lat' dir='ltr'><strong>commune</strong></span> <span class='ocrx_word' id='word_1_458' title='bbox 2130 5641 2286 5727; x_wconf 88' lang='lat' dir='ltr'><strong>abemus,</strong></span> <span class='ocrx_word' id='word_1_459' title='bbox 2317 5644 2414 5710; x_wconf 90' lang='lat' dir='ltr'><strong>sicut</strong></span> 
     </span>
    </p>
   </div>
   <div class='ocr_carea' id='block_1_6' title="bbox 577 5787 2415 5881">
    <p class='ocr_par' dir='ltr' id='par_1_6' title="bbox 577 5787 2415 5881">
     <span class='ocr_line' id='line_1_35' title="bbox 577 5787 2415 5881; baseline 0.003 -27"><span class='ocrx_word' id='word_1_460' title='bbox 577 5789 736 5854; x_wconf 89' lang='lat' dir='ltr'><strong>continet</strong></span> <span class='ocrx_word' id='word_1_461' title='bbox 751 5789 893 5855; x_wconf 88' lang='lat' dir='ltr'><strong>brebem</strong></span> <span class='ocrx_word' id='word_1_462' title='bbox 911 5791 1030 5854; x_wconf 89' lang='lat' dir='ltr'><strong>nostre</strong></span> <span class='ocrx_word' id='word_1_463' title='bbox 1047 5787 1246 5872; x_wconf 84' lang='lat' dir='ltr'><strong>divisionis,</strong></span> <span class='ocrx_word' id='word_1_464' title='bbox 1269 5789 1306 5854; x_wconf 91' lang='lat' dir='ltr'><strong>et</strong></span> <span class='ocrx_word' id='word_1_465' title='bbox 1322 5788 1443 5854; x_wconf 89' lang='lat' dir='ltr'><strong>omnia</strong></span> <span class='ocrx_word' id='word_1_466' title='bbox 1466 5791 1708 5874; x_wconf 88' lang='lat' dir='ltr'><strong>suprascripta</strong></span> <span class='ocrx_word' id='word_1_467' title='bbox 1725 5791 1872 5860; x_wconf 83' lang='lat' dir='ltr'><strong>fecimus</strong></span> <span class='ocrx_word' id='word_1_468' title='bbox 1888 5808 1952 5858; x_wconf 93' lang='lat' dir='ltr'><strong>nos</strong></span> <span class='ocrx_word' id='word_1_469' title='bbox 1970 5793 2138 5862; x_wconf 85' lang='lat' dir='ltr'><strong>iamdicta</strong></span> <span class='ocrx_word' id='word_1_470' title='bbox 2162 5791 2329 5862; x_wconf 88' lang='lat' dir='ltr'><strong>mulieres</strong></span> <span class='ocrx_word' id='word_1_471' title='bbox 2352 5811 2415 5881; x_wconf 92' lang='lat' dir='ltr'><strong>per</strong></span> 
     </span>
    </p>
   </div>
   <div class='ocr_carea' id='block_1_7' title="bbox 0 0 2718 7108">
    <p class='ocr_par' dir='ltr' id='par_1_7' title="bbox 0 0 2718 7108">
     <span class='ocr_line' id='line_1_36' title="bbox 0 0 2718 7108; baseline 0 0"><span class='ocrx_word' id='word_1_472' title='bbox 0 0 2718 7108; x_wconf 95' lang='lat' dir='ltr'><strong> </strong></span> 
     </span>
    </p>
   </div>
  </div>
 </body>
</html>
