5402 7088
512 447 519 462 ’
622 489 666 562 rs
715 433 717 440 ’
1169 510 1174 520 ·
1249 489 1420 570 sonex
1454 490 1729 563 uarrnsrs

570 735 639 802 que
663 735 810 804 pergere
826 723 861 786 et
878 737 1013 786 mecum
1037 717 1244 786 comducere
1267 709 1440 784 iohannes
1464 716 1644 783 castaldus
1667 715 1765 784 filius
1787 717 1966 804 quondam
1989 717 2149 788 radoaldi
2165 719 2208 788 de
2225 719 2342 790 lustra
2368 727 2421 806 et,

568 869 731 958 qualiter'
746 889 811 940 nos
834 871 964 940 melius
986 889 1272 960 agnosceremus.
1297 870 1420 940 taliter
1443 870 1486 938 de
1509 870 1586 956 ipsa
1609 871 1715 936 rebus
1738 867 1846 938 finem
1870 870 2105 974 mitteremus.
2125 874 2197 940 Hoc
2213 876 2335 942 autem
2359 893 2419 962 pe

569 1027 696 1114 raetis,
712 1044 778 1114 ego
794 1025 982 1094 iamdictus
1005 1024 1175 1095 raidolsus
1198 1041 1314 1092 comes
1337 1041 1419 1090 cum
1444 1023 1559 1109 ipsum
1584 1021 1758 1104 iohannes
1780 1019 1960 1092 castaldus
1983 1024 2131 1110 hivique
2153 1024 2299 1093 advenit
2325 1031 2425 1096 nter·

566 1197 639 1266 que
661 1197 768 1266 super
790 1181 896 1248 rebus
919 1179 982 1245 illa
1005 1175 1233 1246 coniuximus
1257 1177 1332 1264 ipse
1356 1176 1466 1246 aresti
1490 1177 1602 1244 abbas
1617 1180 1655 1242 et
1671 1177 1783 1243 abbas
1806 1177 1987 1264 brancati,
2015 1195 2207 1266 secumque
2236 1143 2417 1284 coadune-

568 1335 655 1398 runt
677 1330 893 1400 beneravilis
924 1331 1129 1400 necodimus
1150 1333 1260 1404 abbas
1283 1329 1499 1401 monasterio
1529 1334 1652 1399 sancte
1681 1328 1795 1396 marie
1827 1327 1871 1394 de
1901 1335 2056 1415 pactano
2089 1337 2126 1400 et
2155 1331 2220 1400 alii
2248 1327 2421 1401 bonorum

566 1485 762 1551 bominum:
788 1483 864 1570 ipse
887 1483 1078 1553 iamdictus
1100 1479 1212 1553 abbas
1235 1485 1365 1552 arestis
1389 1482 1605 1551 monstravit
1630 1483 1707 1569 ipsa
1729 1482 1836 1549 rebus
1852 1482 2009 1570 etdixit,
2033 1484 2125 1569 quod
2151 1485 2291 1553 nullum
2307 1485 2417 1568 domi-

544 1593 667 1704 'niom
684 1635 811 1706 habuit
825 1636 1041 1704 monasterio
1057 1637 1174 1703 sancti
1190 1637 1329 1723 georgi,
1348 1653 1413 1702 nec
1430 1636 1507 1702 eius
1521 1641 1688 1722 rectores,
1704 1633 1751 1704 da
1767 1636 1838 1702 line
1855 1635 1971 1736 medio
1988 1635 2126 1705 vallone
2140 1637 2177 1704 in
2191 1656 2275 1725 pars
2292 1645 2414 1708 sancte

567 1791 721 1876 mariae,
739 1796 794 1858 set
807 1749 956 1892 semper·
970 1789 1125 1856 medium
1152 1789 1267 1874 ipsum
1291 1789 1430 1856 ballone
1454 1789 1522 1854 suit
1546 1791 1653 1856 finem
1669 1789 1713 1856 de
1730 1789 1808 1874 ipsa
1831 1791 1938 1858 rebus
1954 1795 2078 1859 sancte
2094 1793 2229 1864 mariae
2244 1798 2280 1861 ct
2297 1795 2415 1862 sancti

564 1946 708 2032 georgi,
731 1947 769 2012 et
790 1962 854 2030 per
877 1943 993 2030 ipsum
1016 1943 1182 2010 abbatem
1205 1940 1316 2010 aresti
1338 1947 1517 2009 ostensum
1541 1949 1595 2026 est
1618 1961 1731 2010 unum
1755 1945 1928 2030 scriptum
1954 1943 2126 2012 iudicium
2149 1945 2202 2014 ita
2223 1946 2409 2016 dicentes:

563 2097 604 2163 ln
630 2097 776 2164 nomine
800 2095 934 2163 domini
959 2095 1124 2162 vicesimo
1148 2096 1263 2182 primo
1286 2112 1382 2163 anno
1404 2097 1634 2208 principatus·
1652 2096 1772 2164 domni
1796 2096 1909 2164 nostri
1934 2096 2115 2184 guaimari
2143 2097 2295 2185 glorioso
2317 2100 2415 2185 prin·

475 2217 478 2222 ⁵
565 2249 657 2336 cipe,
674 2267 793 2318 mense
810 2251 1013 2337 nobember,
1038 2251 1190 2321 hoctara
1213 2249 1420 2318 indictione.
1444 2249 1528 2314 dum
1550 2247 1779 2338 supradictus
1802 2265 1957 2336 magnus
1983 2249 2149 2334 princeps
2171 2267 2247 2318 esse
2270 2250 2308 2317 in
2333 2207 2448 2319 fini-⁰

565 2403 631 2472 bus
647 2401 789 2472 lucanie
807 2403 934 2490 locum,
951 2406 1038 2473 hubi
1055 2404 1188 2492 dieitur
1211 2401 1368 2490 fragina,
1389 2401 1535 2486 hivique
1558 2419 1634 2468 esse
1650 2419 1715 2487 ego
1734 2401 1965 2486 truppoaldus
1981 2389 2419 2490 stolsaizetoomessoon-

565 2557 680 2626 iuncti
704 2563 789 2625 sunt
811 2523 926 2626 aresti
946 2558 1057 2653 abbas
1081 2555 1297 2624 monasterio
1320 2559 1441 2623 sancte
1465 2558 1579 2622 marie
1602 2555 1645 2622 de
1669 2555 1747 2623 locu
1774 2555 1963 2642 turricelli,
1988 2511 2166 2644 unacum
2186 2557 2249 2640 ,illo
2275 2558 2415 2627 adesset

564 2730 688 2780 manso
712 2710 891 2780 castaldus
913 2699 1010 2778 iilius
1032 2709 1211 2796 quondam
1233 2709 1441 2794 costantini,
1455 2727 1536 2775 cum
1555 2707 1608 2774 leo
1626 2678 1802 2793 presbiter
1819 2709 1892 2774 tilio
1909 2708 2058 2776 iohanni
2077 2708 2268 2793 presbiteri
2285 2720 2416 2778 etcum

562 2884 680 2952 cosma
703 2868 879 2954 presbiter
902 2874 938 2932 et
961 2863 1196 2931 ministeriale
1220 2863 1287 2929 filii
1312 2861 1428 2930 licasti
1452 2861 1654 2948 presbiteri,
1680 2863 1742 2949 qui
1767 2869 1853 2929 sunt
1876 2863 1975 2950 greci
1998 2881 2061 2929 seu
2077 2851 2123 2931 'et
2140 2865 2345 2936 havitantes
2369 2867 2409 2932 in

562 3020 637 3088 loco
659 3019 847 3107 aquabella
871 3020 1013 3087 ldcanie
1036 3019 1196 3095 linibus,
1227 3036 1291 3102 seu
1322 3035 1386 3084 nec
1410 2995 1588 3084 nominati
1612 3023 1648 3084 et
1669 3032 1791 3083 omnes
1814 2973 1976 3084 hemines
2000 3019 2195 3085 avitatores
2222 3018 2266 3086 de
2289 3019 2411 3087 eodem

565 3171 638 3239 loco
661 3170 875 3258 aquabella,
900 3189 972 3238 una
995 3189 1075 3236 cum
1100 3169 1165 3255 ipsi
1181 3166 1487 3256 aquabellanense
1511 3175 1603 3276 esset
1627 3129 1712 3236 ursu
1735 3149 1890 3237 sculdais
1912 3175 1949 3237 et
1971 3169 2193 3256 grimoaldus
2213 3172 2409 3240 castaldeis

565 3343 701 3413 eorum,
725 3325 770 3395 ad
794 3325 995 3394 iaciendum
1021 3326 1116 3392 inter
1139 3343 1176 3391 se
1200 3325 1305 3391 finem
1330 3323 1373 3390 de
1389 3325 1494 3390 rebus
1515 3321 1558 3389 de
1581 3323 1748 3391 iamdicto
1771 3321 1859 3409 loto,
1885 3323 1978 3390 unde
2002 3323 2074 3391 iam
2098 3323 2252 3425 plurime
2276 3280 2411 3395 lrabue

563 3486 650 3550 runt
671 3479 911 3565 causationes,
935 3485 970 3547 et
993 3484 1078 3552 ante
1103 3495 1142 3554 os
1168 3484 1324 3563 tempore
1348 3476 1424 3562 ipse
1449 3494 1570 3544 manso
1593 3481 1680 3544 ante
1704 3497 1758 3545 me
1782 3496 1845 3563 per
1867 3477 2141 3546 demandatione
2164 3465 2406 3568 suprascripte

559 3632 712 3722 gloriose
735 3632 920 3720 potestatis
943 3650 1023 3699 cum
1047 3631 1114 3718 ipsi
1131 3649 1221 3698 urso
1244 3637 1280 3698 el
1302 3629 1522 3717 grimoaldus
1544 3630 1678 3717 guadia
1703 3632 1861 3730 luerunt,
1877 3641 1917 3700 ut
1935 3625 2096 3720 utrisque
2121 3637 2281 3722 partibus
2297 3655 2407 3724 super

560 3790 668 3856 rebus
692 3791 770 3874 ipsa
793 3807 874 3856 curn
899 3789 1014 3864 iudice
1036 3794 1071 3855 et
1095 3755 1421 3870 notariopergere,
1446 3791 1481 3852 et
1494 3793 1652 3870 portaret
1674 3787 1750 3854 hibi
1774 3785 1948 3854 iohannes
1973 3791 2125 3856 vetrana
2149 3789 2191 3855 de
2215 3809 2409 3880 garazano,

561 3949 599 4012 et
620 3943 755 4011 diceret
778 3943 853 4030 ipse
877 3943 1052 4010 iohannes
1074 3942 1228 4008 veritate
1244 3941 1288 4008 ab
1307 3938 1400 4006 unde
1424 3937 1528 4004 scivit
1544 3938 1615 4006 line
1631 3913 1796 4034 derebus
1812 3937 1963 4025 predicti
1982 3941 2175 4008 monasteri
2198 3948 2234 4010 et
2253 3929 2411 4018 da‘undc

428 4067 430 4074 Ι
469 4151 472 4158 .
562 4097 819 4165 monstraverit
834 4101 934 4204 esset
956 4095 1027 4162 dne
1052 4092 1095 4161 de
1118 4090 1194 4179 ipso
1218 4061 1432 4174 monasterio
1455 4091 1589 4176 absque
1612 4095 1878 4159 sacramentum
1902 4095 1938 4159 et
1960 4110 2043 4180 pars
2067 4094 2179 4181 ipsius
2210 4101 2408 4166 monasteri

516 4229 522 4238 ⁸
561 4269 700 4338 semper
723 4250 813 4318 illud
837 4251 966 4319 havere
989 4241 1266 4328 securitersine
1289 4246 1553 4314 comtrarietate
1576 4245 1619 4314 de
1642 4246 1758 4313 omnis
1793 4217 1936 4316 homine
1971 4249 2190 4318 havitatores
2223 4251 2266 4319 de
2296 4227 2411 4340 aqua·
2459 4207 2461 4210 Ι

564 4406 656 4476 bella
678 4413 714 4476 et
737 4407 782 4476 de
803 4405 948 4474 illorum
970 4405 1129 4492 heredes,
1148 4407 1211 4473 aut
1227 4403 1359 4489 cuiqua
1381 4402 1598 4487 hominibus,
1620 4405 1656 4468 et
1671 4418 1733 4486 per
1749 4404 1871 4488 partes
1894 4399 2065 4507 dixerunt
2086 4419 2193 4515 super
2217 4405 2331 4492 ipsam
2355 4425 2410 4476 re·
2492 4481 2494 4485 ,

565 4561 630 4628 bus
651 4560 880 4648 perrexisset,
905 4558 1013 4626 sicuti
1040 4557 1183 4625 luerunt
1207 4554 1399 4644 guadiati,
1423 4560 1459 4623 et
1482 4553 1558 4641 ipse
1574 4554 1756 4660 ¹iohannes
1781 4558 1932 4624 vetrano
1963 4557 2070 4624 rebus
2094 4557 2172 4643 ipsa
2197 4563 2412 4634 monstravit

561 4729 688 4799 pereo
712 4709 807 4779 finis:
833 4708 876 4778 de
901 4705 1099 4796 una'parte
1122 4709 1193 4776 fine
1216 4706 1322 4776 fluvio
1345 4705 1387 4774 de
1411 4707 1489 4794 ipsa
1512 4706 1683 4794 fragma:
1711 4707 1784 4776 alia
1806 4707 1949 4794 quidem
1981 4713 2119 4794 partem
2150 4711 2258 4780 finem
2294 4677 2408 4783 medio
2514 4756 2517 4760 -

562 4865 704 4976 ballone
726 4867 790 4952 qui
813 4862 985 4933 discernit
1008 4863 1104 4932 inter
1128 4861 1233 4930 rebus
1257 4867 1292 4928 et
1316 4861 1423 4928 rebus
1446 4861 1560 4928 sancti
1586 4862 1723 4948 georgi,
1741 4867 1776 4929 et
1793 4863 1864 4930 hab
1888 4862 1983 4930 unde
1998 4867 2179 4935 consumit
2203 4867 2319 4954 ipsum
2336 4869 2411 4938 bal·
2499 4895 2502 4904 ·

507 4999 511 5010 ’
562 5019 642 5088 lone
665 5025 701 5088 et
723 4971 888 5086 lumbone
911 5036 974 5106 per
998 5018 1113 5104 ipsum
1138 5014 1278 5085 ballone
1303 5019 1439 5083 rectum
1463 5015 1648 5084 salientem
1674 5017 1712 5082 in
1736 5017 1853 5086 media
1874 5018 1953 5104 ipsa
1968 5021 2083 5106 serra,
2103 5021 2141 5086 in
2166 5042 2238 5108 qua
2262 5023 2344 5092 fecit
2367 5025 2409 5092 ll·

546 5141 648 5262 'gere
672 5177 746 5242 tres
770 5173 930 5242 termites
954 5171 992 5237 in
1018 5139 1212 5240 una'iovea
1235 5173 1270 5238 et
1293 5168 1410 5238 facere
1436 5169 1595 5238 maceria
1618 5169 1661 5237 de
1684 5174 1795 5272 petre,
1819 5178 1854 5238 et
1876 5172 1923 5239 da
1941 5171 2024 5240 inde
2041 5180 2176 5242 rectum
2194 5174 2408 5259 descenden-

562 5333 635 5398 tem
659 5328 698 5430 in
721 5345 806 5418 pars
826 5325 1095 5412 ¹septemtrionis
1120 5291 1230 5410 usque
1253 5320 1393 5391 ballone
1418 5323 1480 5409 qui
1505 5322 1581 5390 hibi
1605 5331 1671 5410 est,
1698 5329 1733 5393 et
1756 5333 1980 5428 ¹traversante
1997 5327 2073 5415 ipso
2090 5330 2241 5416 ballone,
2258 5341 2294 5400 et
2312 5333 2404 5401 lum·

460 5503 465 5514 ·
562 5483 652 5550 bone
675 5481 736 5567 qui
761 5479 835 5547 hibi
858 5484 924 5566 est,
948 5483 985 5546 et
1008 5477 1176 5545 baviente
1201 5476 1240 5543 in
1263 5493 1347 5561 pars
1372 5476 1477 5561 quasi
1502 5475 1721 5544 hoccidentis
1735 5525 1745 5562 ,
1770 5479 1804 5546 ei
1828 5481 2080 5567 oomiungente
2104 5483 2142 5550 in
2167 5485 2306 5554 ballone
2329 5489 2402 5557 alio

562 5635 601 5704 in
626 5653 666 5704 eo
689 5635 775 5721 loco,
802 5635 862 5700 ubi
886 5633 1064 5719 incipiunt
1085 5647 1161 5699 esse
1186 5631 1275 5715 ripe,
1294 5633 1329 5696 et
1352 5646 1415 5714 per
1439 5628 1554 5696 medio
1577 5629 1655 5718 ipso
1680 5630 1821 5702 ballone
1845 5633 2096 5703 descendentes
2119 5643 2154 5704 et
2184 5641 2406 5728 coniungen-

560 5797 614 5859 tes
639 5789 676 5858 in
701 5788 773 5859 alio
797 5787 934 5856 ballone
957 5753 1017 5871 qui
1043 5783 1176 5852 dicitur
1200 5749 1357 5868 petrolle,
1382 5788 1417 5851 et
1440 5800 1503 5870 per
1527 5784 1640 5854 medio
1666 5786 1743 5872 ipso
1766 5786 1904 5858 vallone
1929 5789 2164 5861 descendente
2189 5801 2225 5862 et
2255 5797 2405 5864 coniun-
