5456 7096
611 513 679 588 116
1243 506 1419 580 CODEX
1450 504 1722 580 GAVENSlS

573 743 640 826 est,
665 741 758 808 bona
781 739 913 808 etenim
939 757 1019 809 mea
1043 736 1227 805 voluntate
1250 736 1317 803 tibi
1352 697 1598 820 prenominato
1620 735 1719 818 petro
1742 747 1890 799 monaco
1917 733 1954 798 et
1976 725 2098 799 abbati
2123 727 2160 795 in
2185 730 2262 816 ipsa
2286 729 2414 798 iamdi-

576 895 670 962 ctam
695 892 884 963 ecclesiam
910 894 1074 962 abbatem
1090 894 1125 959 te
1149 891 1318 959 ordinare
1343 905 1405 976 per
1429 885 1591 972 ferulam,
1615 903 1678 954 seu
1701 902 1764 971 per
1786 886 1852 951 hoc
1878 881 2043 951 videlicet
2058 883 2231 969 scriptum
2248 882 2414 952 libellarii

569 1047 740 1122 nomine,
778 1045 821 1112 do
844 1049 950 1130 atque
974 1042 1077 1112 trado
1100 1041 1167 1108 tibi
1183 1024 1389 1127 'praephato
1412 1042 1512 1125 petro
1544 1040 1716 1106 monacho
1740 1041 1847 1123 atque
1870 1037 1999 1106 abbate
2033 1036 2110 1120 ipsa
2133 1035 2341 1123 supradicta
2365 1055 2422 1104 ec·

574 1197 684 1266 elesia
709 1216 801 1284 mea,
826 1199 928 1264 cuius
954 1195 1025 1265 iam
1050 1193 1262 1263 vocabulum
1293 1193 1478 1262 nominavi
1496 1193 1612 1261 sancti
1628 1192 1775 1279 nikolay
1791 1189 2015 1277 confessoris,
2033 1207 2155 1276 quam,
2172 1193 2211 1258 ut
2226 1189 2421 1277 declaravi,

573 1352 612 1418 in
639 1350 713 1418 loco
738 1349 800 1435 qui
825 1349 1035 1418 nominatur
1052 1354 1153 1418 turre
1177 1351 1389 1418 demusarra
1411 1347 1505 1416 foras
1529 1351 1650 1415 nostra
1674 1345 1824 1414 civitate
1848 1345 1925 1414 rari
1951 1362 2032 1411 cum
2055 1340 2197 1410 cunctis
2219 1343 2294 1408 suis
2310 1343 2421 1428 perti-

571 1502 717 1571 nentiis.
742 1504 783 1567 ln
805 1519 848 1570 ea
873 1500 1040 1570 videlicet
1062 1476 1214 1589 ratione,
1240 1505 1280 1569 ut
1304 1501 1428 1568 amodo
1453 1503 1488 1568 et
1513 1503 1551 1567 in
1574 1505 1681 1569 antea
1699 1514 1810 1584 usque
1833 1497 1918 1564 dum
1949 1496 2096 1581 vixeriS,
2123 1497 2335 1581 potestatem
2360 1496 2423 1562 ha·

573 1655 657 1722 beas
680 1656 721 1720 tu
746 1655 941 1739 praepneto
963 1654 1063 1738 petro
1081 1654 1254 1720 monacho
1278 1657 1385 1738 atque
1408 1652 1528 1722 abbati
1552 1656 1673 1720 tenere
1696 1649 1881 1719 dominare
1905 1649 2106 1737 predictam
2131 1649 2317 1717 ecclesiam
2341 1666 2423 1716 cum

477 1896 480 1904 ,
572 1805 671 1870 omni
696 1821 761 1871 sua
784 1803 1004 1890 pertinentia
1028 1803 1119 1888 quod
1143 1802 1244 1870 modo
1267 1804 1387 1891 habet,
1411 1809 1446 1872 et
1469 1801 1564 1890 quod
1588 1804 1626 1872 in
1650 1807 1756 1874 antea
1779 1804 1910 1872 ibidem
1933 1802 2020 1870 deus
2043 1801 2180 1870 dederit
2210 1821 2274 1890 per
2301 1801 2421 1889 quale·

567 1972 719 2042 cumque
744 1957 934 2034 rationem,
960 1959 995 2024 et
1018 1958 1272 2025 monasterium
1297 1956 1379 2022 inde
1402 1956 1546 2043 lacere,
1571 1960 1607 2024 et
1631 1958 1821 2024 monachos
1844 1955 1894 2036 ibi
1918 1957 2063 2024 habere.
2098 1955 2144 2022 Et
2167 1953 2338 2041 quicquid
2373 1953 2421 2021 ibi

567 2107 695 2182 offerri
710 2107 888 2175 videbitur
913 2108 959 2176 ad
984 2109 1166 2177 editicium
1190 2127 1266 2176 esse
1289 2109 1402 2194 ipsius
1426 2107 1610 2193 ecclesiae,
1636 2104 1691 2173 vel
1716 2106 1761 2174 ad
1785 2111 1940 2174 vestram
1973 2107 2227 2192 proprietatem
2263 2107 2421 2192 habere,

568 2263 701 2348 absque
725 2261 986 2330 contrarietate
1011 2269 1346 2345 mea'meorumque
1373 2276 1613 2326 successorum
1638 2258 1693 2323 rel
1717 2260 1903 2343 parentum
1927 2273 2098 2323 meorum.
2117 2256 2162 2323 Et
2181 2274 2252 2324 non
2268 2257 2421 2324 habeam

568 2431 647 2502 ego,
672 2431 737 2480 nec
762 2411 829 2481 mei
856 2414 986 2500 posteri
1014 2429 1231 2480 successores
1255 2411 1309 2478 rel
1332 2413 1420 2478 meis
1443 2410 1667 2497 parentibus,
1694 2409 1819 2478 amodo
1844 2413 1879 2478 et
1895 2409 1934 2474 in
1950 2412 2058 2476 antea
2074 2408 2142 2475 tibi
2167 2407 2348 2494 praedicto
2366 2426 2424 2493 pe·

568 2570 624 2635 tro
647 2568 821 2636 monacho
845 2569 880 2634 et
901 2565 954 2632 tui
981 2566 1194 2651 posteriores
1221 2565 1334 2651 ipsam
1359 2563 1546 2632 ecclesiam
1570 2567 1749 2649 contrane,
1775 2566 1839 2630 aut
1871 2561 1914 2630 de
1939 2568 2057 2630 vestra
2081 2565 2254 2646 potestate
2286 2560 2422 2646 tollere,

570 2734 636 2785 nec
658 2716 872 2804 presbiteros
896 2715 953 2783 vel
976 2717 1169 2784 monachos
1192 2719 1373 2801 excutere,
1399 2717 1464 2782 aut
1488 2714 1777 2800 excomunicare,
1802 2712 1874 2780 nisi
1902 2714 2053 2800 probata
2083 2713 2186 2798 culpa
2220 2713 2251 2780 si
2286 2711 2423 2799 fuerit,

572 2868 713 2955 qualem
738 2868 852 2939 sancti
875 2884 1029 2937 canones
1053 2866 1249 2935 continent.
1276 2869 1415 2934 utnon
1440 2869 1608 2936 abeamus
1632 2869 1839 2953 potestatem
1858 2865 2053 2933 ordinandi
2079 2883 2143 2933 nos
2167 2864 2279 2935 alium
2312 2867 2424 2934 abba-

572 3023 644 3089 tem
668 3023 849 3106 soprato,
874 3038 983 3106 usque
1007 3021 1091 3090 dum
1116 3019 1217 3089 vivus
1241 3019 1353 3089 fueris
1377 3019 1415 3085 in
1438 3021 1503 3087 hoc
1532 3017 1672 3086 mundo.
1698 3018 1762 3084 Sed
1786 3016 1824 3082 in
1848 3021 2012 3088 extrema
2047 3020 2142 3087 vitae
2175 3024 2259 3088 tuae
2291 3021 2426 3088 babeas

578 3177 790 3260 potestatem
815 3172 984 3242 ordinare
1008 3175 1174 3242 abbatem
1199 3173 1236 3240 in
1261 3170 1411 3240 ecclesia
1434 3171 1527 3259 ipsa,
1549 3170 1689 3258 qualem
1714 3169 1879 3258 volueris,
1904 3177 1940 3240 et
1970 3172 2038 3242 tibi
2061 3171 2262 3259 placuerit,
2299 3177 2336 3241 et
2359 3177 2424 3241 tua

570 3327 740 3396 voluntas
764 3326 885 3412 luerit,
909 3330 945 3394 et
968 3345 1048 3394 eam
1071 3324 1172 3396 illam
1195 3326 1337 3395 tradere
1360 3345 1441 3394 cum
1465 3327 1596 3414 omnia,
1620 3330 1656 3395 et
1680 3328 1718 3394 in
1740 3329 1904 3396 omnibus
1927 3347 1995 3414 que
2018 3329 2164 3397 tandem
2188 3328 2265 3397 visa
2291 3333 2346 3396 cst
2360 3330 2423 3396 ha-

576 3482 661 3550 bere
684 3479 942 3568 undecumque,
967 3480 1022 3549 rel
1047 3479 1382 3566 quomodocumque,
1402 3479 1483 3547 sine
1501 3481 1757 3549 contrarietate
1773 3484 1895 3550 nostra
1910 3481 1947 3548 et
1960 3479 2004 3548 de
2019 3479 2183 3547 omnibus
2206 3477 2423 3548 hominibus.

573 3635 618 3701 Et
639 3633 870 3702 ordinatione
894 3638 958 3704 tua
981 3634 1122 3703 firmam
1149 3637 1185 3701 et
1208 3632 1373 3703 stabilem
1399 3637 1546 3703 maneat
1569 3651 1720 3721 semper,
1740 3603 1776 3702 et
1800 3635 1852 3702 sic
1875 3633 2053 3702 ordinatio
2077 3635 2156 3721 ipsa
2179 3633 2244 3703 liat
2261 3651 2372 3720 usque
2390 3633 2427 3700 in

580 3787 689 3856 finem
712 3787 851 3872 mundi,
876 3793 917 3856 ut
939 3787 982 3854 de
999 3789 1129 3856 abbate
1154 3788 1192 3852 in
1217 3789 1346 3856 abbate
1369 3791 1526 3856 maneat.
1550 3787 1682 3855 Tamen
1705 3806 1772 3855 nec
1799 3792 1858 3874 tu,
1895 3804 1961 3855 nec
1984 3785 2135 3872 posteris
2158 3785 2230 3853 tuis
2251 3784 2294 3852 de
2320 3785 2428 3852 rebus

578 3939 691 4023 ipsius
709 3937 880 4008 ecclesiae
904 3959 976 4008 non
1000 3941 1165 4009 babeatis
1188 3943 1398 4026 potestatem
1423 3937 1558 4026 aliquid
1588 3939 1718 4008 exinde
1753 3940 1963 4020 subtrahere
1988 3937 2042 4005 vel
2066 3936 2227 4006 alienare
2258 3956 2322 4024 per
2349 3935 2430 4004 uul-

578 4088 653 4156 lum
677 4089 852 4156 ordinem.
878 4089 943 4158 Sed
968 4093 1123 4160 teneatis
1145 4109 1223 4180 eam
1247 4091 1286 4157 in
1310 4097 1428 4159 vestra
1451 4095 1623 4177 potestate
1645 4095 1681 4158 et
1707 4089 1862 4158 utilitate
1887 4093 2005 4157 vestra
2029 4089 2131 4158 etde
2157 4090 2236 4177 ipsa
2260 4088 2426 4159 ecclesia.

579 4243 730 4330 lnsuper
754 4247 791 4312 et
814 4243 1035 4312 defensemus
1068 4245 1181 4332 ipsam
1206 4246 1440 4332 praephatam
1474 4245 1660 4314 ecelesiam
1696 4245 1794 4312 vobis
1828 4245 1874 4312 ab
1905 4244 2070 4313 omnibus
2104 4244 2322 4314 hominibus.
2347 4247 2429 4313 Post

587 4413 771 4464 excessum
796 4413 879 4464 vero
902 4401 1004 4465 tuum
1027 4416 1089 4484 per
1113 4399 1247 4482 omnia,
1274 4403 1314 4465 ut
1338 4397 1612 4486 declaravimus,
1636 4397 1806 4466 continuo
1831 4398 1954 4467 redeat
1971 4399 2208 4486 ipsaecclesia
2225 4403 2430 4471 cumomni·

586 4549 651 4616 bus
674 4549 751 4618 suis
773 4549 1021 4637 pertinentiis,
1046 4555 1177 4620 etcum
1194 4555 1371 4636 quantum
1389 4550 1439 4618 ibi
1458 4551 1720 4638 preparaveris,
1744 4552 1782 4619 in
1806 4555 1977 4638 potestate
1992 4553 2145 4640 abbatia,
2162 4553 2224 4640 qui
2238 4559 2318 4652 post
2332 4558 2368 4623 te
2385 4553 2430 4622 ad

585 4701 783 4788 regendum
807 4701 994 4770 ecclesiam
1018 4701 1130 4771 luerit
1152 4707 1189 4770 et
1210 4706 1250 4771 tu
1275 4701 1379 4770 illum
1403 4703 1637 4774 ordinaverit.
1662 4705 1772 4780 Quam
1796 4705 1898 4774 etde
1922 4709 2085 4790 presente
2108 4723 2174 4793 ego
2189 4705 2356 4775 nikolaus
2372 4724 2430 4774 ar-

581 4852 829 4940 chiepiscopus
853 4854 1005 4924 concedo
1029 4853 1067 4922 in
1092 4855 1170 4942 ipsa
1192 4855 1342 4924 ecclesia
1367 4858 1485 4925 sancti
1511 4835 1659 4944 ninotay
1683 4858 1751 4927 duo
1774 4859 1914 4946 vineae,
1940 4859 2032 4945 quod
2056 4857 2165 4926 michi
2183 4859 2370 4946 pertinent
2385 4858 2431 4926 ab

584 5003 661 5090 ipso
685 5007 848 5092 genitore
871 5025 949 5075 meo
973 5012 1009 5075 ct
1030 5011 1115 5075 sunt
1137 5007 1212 5094 ipse
1240 5008 1370 5076 vineae
1394 5007 1432 5074 in
1458 5007 1531 5094 ipso
1557 5008 1653 5076 cluso
1675 5009 1718 5077 de
1740 5013 1863 5078 sancto
1888 5009 2016 5097 angelo
2038 5010 2082 5079 de
2106 5011 2180 5077 loco
2204 5009 2344 5096 cillere,
2367 5012 2429 5096 qui

585 5161 674 5226 sunt
697 5160 885 5227 coniuncte
911 5178 981 5228 uno
1003 5161 1172 5228 teniente.
1198 5159 1320 5227 Finem
1326 5206 1448 5227 .....
1475 5159 1521 5229 ad
1545 5161 1619 5248 ipse
1642 5161 1710 5229 due
1733 5163 1872 5248 vineae3
1888 5162 1932 5230 de
1956 5165 2074 5249 prima
2097 5166 2200 5249 parte
2223 5165 2269 5232 ab
2292 5163 2431 5233 oriente

586 5315 641 5380 est
668 5313 745 5400 ipso
769 5311 866 5399 plaic
889 5312 932 5382 de
955 5314 1051 5382 lama
1074 5319 1196 5382 nostra
1220 5312 1312 5400 quod
1334 5315 1506 5382 habemus
1540 5314 1772 5382 communiter
1807 5333 1888 5382 cum
1918 5316 2031 5382 nostri
2065 5319 2242 5402 parentes.
2270 5315 2433 5386 Secunda

589 5465 701 5535 linea
726 5467 876 5536 meridie
898 5470 953 5535 est
976 5467 1083 5536 vinea
1105 5468 1240 5536 nikolai
1265 5469 1438 5536 barbanei
1462 5469 1544 5536 mei.
1568 5469 1781 5539 Tertia-line
1804 5490 1826 5540 a
1851 5489 1933 5556 pars
1957 5472 2149 5540 occidentis
2172 5475 2227 5541 est
2250 5474 2357 5541 vinea
2381 5472 2432 5540 io-

594 5621 729 5690 hannis
752 5621 833 5688 criti
858 5621 1026 5690 similiter
1050 5623 1231 5691 barbaneo
1254 5625 1391 5710 meoet
1413 5621 1608 5709 coniungat
1632 5623 1668 5690 in
1693 5623 1809 5692 media
1831 5623 1939 5693 vinea
1963 5621 2074 5712 ipsius
2109 5625 2345 5711 prenominati
2378 5605 2433 5692 ni-

588 5771 673 5840 kola
689 5773 919 5860 barbanoque
943 5791 1031 5842 meo.
1058 5776 1106 5843 lte
1130 5777 1260 5861 quarta
1284 5793 1367 5842 vero
1391 5779 1492 5861 parte
1516 5796 1538 5845 a
1561 5779 1811 5867 septemtrione
1835 5783 1935 5848 terra
1958 5776 2101 5865 silbosa,
2124 5777 2217 5863 quod
2234 5777 2431 5846 communi·
