5402 7088
634 579 657 654 s
839 621 844 632 -
979 647 981 652 .
1223 553 1699 656 oouuxclvuusrs

575 811 613 877 et
642 807 718 896 ipse
742 806 815 878 alie
837 809 909 896 pile
933 825 1002 895 que
1025 809 1143 878 facere
1166 806 1325 879 debeatis
1349 825 1372 876 a
1394 809 1496 894 parte
1520 807 1671 876 meridie
1691 857 1701 896 ,
1725 807 1821 879 sicut
1842 807 2094 896 supradictum·
2112 812 2179 878 est.
2204 807 2250 876 ut
2281 804 2321 875 in
2352 810 2426 878 toto

575 961 652 1049 ipse
676 961 749 1048 pile
773 962 919 1034 boluere
940 967 977 1032 et
1000 963 1118 1031 lacere
1141 960 1303 1064 debeatis
1326 979 1453 1030 arcora
1478 959 1574 1030 iusta
1597 960 1752 1047 ratione,
1775 961 1874 1028 sicut¹
1891 947 2078 1048 meruerit,
2104 965 2141 1029 et
2165 960 2298 1047 parieti
2318 975 2430 1047 usque

575 1116 622 1185 ad
645 1117 826 1185 astracum
849 1114 892 1184 de
917 1133 1029 1182 unum
1052 1105 1237 1199 solarium,
1264 1119 1304 1182 ut
1321 1115 1469 1183 beniaut
1494 1113 1532 1186 in
1559 1112 1622 1183 illa
1644 1118 1680 1182 et
1702 1114 1739 1181 in
1763 1113 1828 1183 illa
1844 1117 1947 1202 parte
1971 1114 2047 1200 ipse
2066 1112 2137 1200 pile
2152 1130 2234 1181 curu
2249 1110 2328 1200 ipsa
2344 1115 2432 1182 har·

576 1286 662 1337 cora
684 1272 720 1337 et
742 1267 914 1356 parietem
938 1267 984 1336 da
1008 1271 1107 1336 terra
1130 1267 1169 1334 in
1192 1286 1335 1335 sursum
1360 1286 1471 1355 usque
1495 1269 1541 1338 ad
1565 1269 1640 1356 ipso
1664 1267 1835 1338 solarium
1851 1267 1986 1354 palmos
2001 1266 2294 1354 quadtuordecim
2310 1265 2357 1338 ad
2371 1265 2430 1334 iu·

577 1424 635 1489 sto
658 1418 783 1506 pedem
807 1422 843 1488 et
860 1417 905 1488 ad
922 1419 1016 1486 iusto
1038 1417 1197 1504 palmum
1220 1419 1369 1486 homini.
1387 1419 1433 1487 Et
1449 1418 1488 1486 in
1505 1419 1580 1506 ipso
1596 1421 1765 1489 solarium
1783 1422 1922 1509 ponatis
1940 1424 2060 1490 traves
2078 1415 2197 1506 bonos,
2214 1419 2342 1506 quanti
2358 1437 2431 1488 me·
2513 1387 2518 1399 Ι

577 1572 706 1657 ruerit,
730 1575 766 1638 el
782 1573 1004 1640 astracatore
1020 1573 1124 1655 bone,
1148 1571 1242 1638 sicut
1265 1573 1447 1658 meruerit,
1474 1571 1602 1641 ibidem
1626 1573 1779 1660 ponatis,
1796 1577 1833 1642 et
1847 1579 2027 1642 astracum
2041 1573 2086 1642 ad
2105 1580 2204 1659 petre
2223 1576 2259 1640 et
2274 1571 2373 1640 calce
2388 1575 2426 1640 et

578 1741 726 1794 arenam
751 1722 883 1793 ibidem
907 1724 1041 1794 iactare
1065 1725 1223 1794 debeatis
1247 1729 1283 1793 et
1306 1727 1449 1794 bactere
1471 1730 1508 1793 et
1531 1721 1722 1811 precurare
1746 1727 1891 1812 bonum,
1909 1725 2002 1793 sicut
2020 1723 2202 1812 meruerit,
2220 1731 2256 1794 et
2280 1723 2427 1794 abinde

579 1877 617 1946 in
643 1896 753 1964 supra
777 1879 814 1946 in
841 1882 914 1946 tota
937 1878 1143 1965 supradicta
1177 1879 1362 1946 mensuria
1390 1895 1498 1964 quam
1533 1875 1572 1942 in
1599 1875 1682 1944 illut
1708 1878 1740 1944 ei
1769 1875 1934 1964 tradidit,
1951 1895 2060 1964 quam
2090 1881 2126 1944 et
2154 1877 2195 1954 iu
2224 1877 2306 1945 illut
2335 1877 2430 1965 quod

579 2031 673 2099 mibi
698 2030 913 2116 reserbavit,
946 2029 1087 2098 faciatis
1110 2049 1193 2100 casa
1216 2030 1287 2098 bad
1311 2029 1539 2116 lingnamiua
1564 2032 1668 2115 bona,
1693 2030 1787 2097 sicut
1811 2031 1996 2116 meruerit,
2011 2029 2195 2098 circuitum
2212 2028 2325 2118 clusa,
2341 2033 2437 2100 sicut

582 2141 772 2266 meruerit,
798 2187 833 2250 et
857 2184 1048 2268 coboperla
1071 2183 1177 2266 bona,
1202 2187 1238 2248 et
1263 2180 1344 2248 illut
1367 2181 1459 2268 quod
1483 2183 1595 2268 ipsius
1619 2182 1724 2250 basili
1745 2182 1906 2267 tradidit,
1932 2182 2074 2250 cludere
2089 2183 2246 2251 debeatis
2263 2183 2343 2252 illut
2366 2201 2430 2270 per

582 2333 754 2421 medium,
779 2339 853 2402 tam
871 2339 996 2419 suptus
1013 2335 1089 2420 ipso
1105 2341 1285 2403 astracum
1310 2309 1417 2421 quam
1436 2340 1471 2402 et
1487 2352 1592 2421 super
1617 2351 1727 2424 usque
1750 2333 1796 2402 ad
1820 2338 1954 2402 tectum
1979 2337 2120 2421 bonum,
2137 2336 2230 2403 sicut
2245 2336 2431 2422 meruerit,

543 2525 551 2534 -
582 2488 619 2552 et
641 2484 777 2570 regias,
796 2482 855 2550 ubi
874 2485 1059 2571 meruerit,
1074 2503 1180 2570 super
1197 2491 1232 2552 et
1248 2491 1370 2572 supter
1386 2485 1527 2554 faciatis
1543 2491 1578 2554 et
1593 2489 1742 2573 ponatiS,
1767 2489 1860 2554 sicut
1876 2489 2057 2583 meruerit,
2074 2493 2110 2555 et
2126 2489 2164 2554 in
2181 2487 2259 2574 ipsa
2277 2489 2336 2557 via
2351 2506 2436 2556 cun·

582 2637 725 2704 iuntum
752 2636 798 2706 ad
822 2637 898 2722 ipso
917 2638 1061 2724 'pariete
1085 2637 1226 2723 ponatis
1249 2637 1342 2706 scale
1367 2637 1536 2726 lingnitie
1562 2642 1662 2728 bone,
1688 2642 1781 2709 sicut
1805 2642 1988 2727 meruerit,
2011 2645 2048 2708 et
2071 2640 2298 2708 mineaneum
2322 2637 2431 2708 sacia-

582 2788 631 2858 tis
654 2811 676 2861 a
699 2795 802 2878 parte
825 2790 972 2859 meridie
995 2779 1102 2878 super¹
1126 2792 1204 2878 ipsa
1228 2793 1288 2861 bia
1312 2791 1356 2859 de
1379 2792 1532 2861 latitudo
1556 2793 1660 2879 pedes
1687 2799 1758 2862 tres
1781 2799 1817 2862 et
1840 2813 1902 2881 per
1920 2793 2114 2881 longitudo,
2146 2797 2322 2879 quantum
2345 2791 2433 2858 reti·

582 2947 645 3014 net
669 2947 745 3014 tota
768 2945 979 3032 supradicta
1001 2946 1184 3015 mensuria
1207 2944 1270 3030 q'ui
1297 2901 1463 3033 asterga
1486 2948 1564 3033 ipsa
1589 2948 1661 3033 bia,
1681 2952 1716 3017 et
1731 2947 1777 3016 da
1795 2953 1900 3036 parte
1915 2947 2109 3016 occidentis
2127 2947 2221 3016 inter
2238 2945 2319 3014 illut
2341 2945 2435 3033 quod

582 3103 616 3167 ei
639 3097 791 3169 tradidit
813 3103 849 3167 et
872 3097 911 3164 in
934 3097 1017 3165 illut
1039 3096 1130 3183 quod
1154 3097 1244 3164 mihi
1268 3099 1476 3187 reserbavit,
1500 3101 1664 3189 eludatis,
1687 3104 1781 3170 sicut
1804 3059 1985 3171 meruerit:
2019 3105 2083 3172 hec
2114 3100 2234 3168 omnia
2257 3103 2433 3186 quantum

586 3253 870 3340 supradiximus
893 3251 1031 3320 abeatis
1056 3249 1186 3320 factum
1212 3257 1248 3320 et
1271 3251 1453 3339 expletum
1477 3253 1601 3322 amodo
1626 3259 1661 3322 et
1684 3274 1747 3341 per
1770 3259 1884 3323 totum
1908 3273 2028 3324 meuse
2051 3241 2178 3341 agusto
2209 3209 2319 3340 prius.
2334 3253 2434 3320 beni·

583 3409 702 3476 entem
726 3412 763 3474 et
787 3405 957 3474 dividatis
981 3405 1080 3475 illam
1104 3425 1165 3492 per
1189 3406 1428 3514 medietatem.
1454 3407 1499 3475 Et
1536 3408 1636 3494 prius
1670 3425 1736 3494 ego
1772 3407 1827 3475 vel
1861 3427 1944 3494 pars
1980 3407 2091 3494 ipsius
2126 3405 2272 3475 ecclesie
2306 3405 2435 3476 tollant

583 3559 689 3644 quale
712 3559 941 3648 medietatem⁴
961 3560 1003 3628 de
1028 3560 1106 3646 ipsa
1128 3579 1213 3629 casa
1238 3561 1414 3636 boluerit‚
1441 3559 1642 3629 iaciendum
1667 3578 1735 3646 que
1760 3559 2001 3646 boluerimus,
2025 3565 2061 3627 et
2097 3558 2207 3646 ipsius
2237 3557 2341 3627 basili
2376 3559 2431 3627 vel
2474 3619 2479 3626 .
2528 3623 2529 3626 ,

583 3711 627 3782 ad
653 3712 729 3778 cius
753 3711 875 3779 eredes
897 3711 1081 3818 tradamus
1107 3713 1145 3778 in
1170 3719 1264 3780 sorte
1289 3713 1366 3798 ipsa
1390 3711 1490 3780 halla
1514 3711 1738 3779 medietatem
1763 3710 1806 3778 de
1830 3711 1908 3796 ipsa
1930 3698 2015 3779 casa
2036 3727 2142 3796 super
2165 3715 2202 3777 et
2226 3715 2361 3796 supter,
2388 3707 2434 3777 ad

583 3825 778 3932 tenendum
803 3863 885 3930 illut
908 3863 981 3949 ipse
1011 3862 1114 3930 basili
1138 3869 1175 3931 et
1198 3863 1276 3930 eius
1299 3862 1422 3930 eredes
1445 3863 1491 3930 da·
1511 3862 1589 3949 ipso
1613 3880 1735 3930 mense
1758 3871 1886 3950 agusto
1913 3865 1953 3932 in
1986 3867 2096 3932 autea
2132 3881 2242 3948 usque
2277 3860 2437 3948 conpleri

466 4093 469 4098 ,
586 4016 654 4102 ipsi
679 4016 811 4103 biginti
836 4017 963 4084 nobem
986 4015 1074 4084 anni
1098 4017 1230 4083 ibidem
1254 4014 1481 4082 residendum
1504 4018 1540 4082 et
1564 4013 1789 4102 avitandum,
1808 4019 1844 4082 et
1861 4011 1906 4083 ad
1922 3985 2148 4082 residendum
2169 4012 2250 4082 illut
2267 4014 2358 4083 detis
2374 4013 2434 4082 cui

587 4166 787 4256 bolueritis,
812 4135 857 4236 et·
872 4173 985 4237 vestre
1009 4167 1178 4266 utilitatis
1201 4166 1251 4234 ibi
1277 4167 1420 4237 faciatis
1443 4166 1536 4236 iusta
1559 4168 1715 4254 ratione,
1734 4171 1770 4235 et
1794 4171 1833 4236 iu
1857 4169 1935 4255 ipsa
1958 4169 2020 4236 bia
2043 4166 2152 4236 liceat
2174 4184 2236 4233 vos
2260 4186 2356 4254 aqua
2380 4169 2432 4235 ia·

583 4325 682 4388 ctare
706 4319 802 4388 iusta
825 4321 979 4407 ratione,
1003 4323 1097 4390 sicut
1120 4313 1305 4410 meruerit;
1329 4321 1375 4392 ad
1400 4321 1554 4410 conpleti
1580 4319 1647 4409 ipsi
1671 4319 1803 4408 biginti
1827 4323 1954 4389 nobem
1977 4320 2064 4391 anui
2089 4319 2196 4388 liceat
2218 4320 2290 4390 illis
2312 4325 2349 4390 et
2372 4325 2435 4389 bo-

583 4473 704 4542 mines
728 4492 797 4562 que
820 4473 872 4542 ibi
895 4472 1079 4562 miseritis,
1104 4475 1186 4542 inde
1202 4475 1302 4545 exire
1319 4494 1399 4542 cum
1416 4474 1530 4542 omnis
1545 4493 1610 4543 sua
1622 4494 1731 4577 causa
1748 4473 1896 4544 movilia
1911 4492 1980 4562 que
1997 4475 2093 4542 intus
2108 4473 2186 4561 ipsa
2200 4469 2284 4542 oasa
2299 4459 2434 4542 babue-

583 4629 678 4697 ritis.
699 4630 744 4696 Et
766 4626 845 4715 ipsa
868 4645 953 4696 casa
976 4628 1076 4698 clusa
1098 4631 1291 4717 coboperta
1314 4630 1456 4696 reverta
1481 4625 1527 4694 ad
1549 4611 1760 4713 potestatem
1784 4627 1896 4714 ipsius
1919 4625 2080 4713 ecclesie;
2104 4629 2146 4695 de
2169 4647 2241 4715 qua
2255 4645 2318 4713 per
2338 4645 2430 4695 oom-

588 4779 774 4850 beuientia
797 4780 932 4868 guadia
955 4782 1044 4849 mihi
1059 4752 1144 4867 'ipse
1168 4777 1275 4849 basili
1300 4779 1380 4848 dedi
1404 4785 1440 4847 et
1464 4777 1658 4848 mediatore
1682 4776 1770 4846 mibi
1792 4780 1908 4866 posuit
1923 4780 2376 4849 costantinus'atrianense
2391 4781 2433 4848 fi·

585 4935 654 5002 lius
679 4935 858 5021 quondam
882 4933 957 5002 ursi
980 4932 1195 5020 caccabelli3
1220 4939 1255 5001 et
1278 4951 1343 5020 per
1365 4934 1443 5020 ipsa
1466 4911 1600 5020 ⁴guadia
1623 4933 1798 5022 obligavit
1820 4953 1857 5001 se
1881 4937 1917 5001 et
1940 4952 2022 5001 suos
2045 4933 2179 5021 eredes,
2206 4938 2245 5004 ut
2260 4937 2291 5003 si
2309 4935 2432 5005 taliter

585 5088 709 5157 omnia
735 5087 977 5176 suprascripta
1000 5087 1039 5155 in
1062 5087 1270 5174 supradicta
1295 5089 1435 5156 ratione
1458 5073 1546 5156 mihi
1571 5091 1626 5157 vel
1652 5089 1690 5154 in
1713 5108 1797 5174 pars
1821 5091 1933 5176 ipsius
1957 5089 2104 5161 ecclesie
2128 5107 2199 5160 non
2221 5093 2435 5182 adimpleve-

585 5242 635 5311 rit
658 5247 694 5311 et
719 5242 850 5329 aliquit
875 5241 958 5310 inde
981 5242 1256 5328 contradixerit,
1279 5259 1342 5328 per
1366 5243 1628 5349 combenientia
1649 5261 1858 5331 componere
1883 5245 2055 5332 obligavit
2084 5266 2121 5315 se
2146 5251 2220 5335 ipse
2255 5248 2362 5317 basili
2398 5255 2435 5319 et

586 5415 666 5464 suos
690 5397 812 5466 eredes
836 5397 926 5465 mibi
951 5398 1005 5464 vel
1030 5399 1069 5464 in
1085 5417 1169 5484 pars
1185 5398 1298 5483 ipsius
1315 5397 1463 5464 ecclesie
1480 5399 1748 5483 quinquaginta
1765 5399 1848 5467 auri
1864 5401 1992 5470 solidos
2008 5403 2267 5490 constantinus,
2285 5405 2322 5471 et
2338 5407 2436 5472 hunc

557 5547 559 5552 ’
586 5555 729 5622 brebem
753 5553 879 5640 scripsi
903 5571 968 5640 ego
991 5553 1200 5621 smaracdus
1224 5555 1399 5622 notarius.
1425 5554 1500 5638 Ego
1536 5553 1700 5621 alderissi
1733 5553 1897 5622 notarius
1929 5575 1984 5623 me
2018 5555 2224 5642 subscripsi.
2251 5575 2317 5646 ego
2352 5558 2434 5627 ade-

586 5711 679 5779 mari
704 5711 867 5780 notarius
891 5729 947 5779 me
970 5709 1245 5797 subscripsi.,Et
1260 5728 1341 5778 cum
1367 5709 1442 5794 ipso
1466 5707 1609 5775 brebem
1632 5707 1700 5782 suit
1716 5707 1859 5792 lectum,
1877 5707 2050 5798 querebat
2067 5713 2140 5797 ipse
2165 5714 2287 5799 abbaS,
2304 5713 2345 5779 ut
2362 5713 2438 5802 ipse

587 5866 737 5935 basilius
760 5865 918 5934 dividere
943 5866 1113 5934 iamdicta
1137 5869 1235 5934 terra
1259 5871 1294 5934 et
1317 5881 1401 5934 casa
1424 5867 1459 5932 et
1482 5863 1586 5932 daret
1600 5863 1729 5933 exinde
1747 5865 1936 5934 medietate
1956 5864 2023 5952 ipsi
2041 5867 2163 5937 abbati
2182 5886 2222 5936 eo
2238 5869 2338 5936 modo
2354 5887 2439 5938 con·
