5408 7108
542 393 546 401 ’
599 424 669 498 ere
1230 426 1409 504 connx
1442 423 1712 500 cavensis

552 653 628 720 tota
650 651 855 739 supradicta
878 655 985 722 rebus
1008 659 1249 724 mensuratum
1266 653 1312 725 ad
1328 657 1418 722 iusto
1435 671 1577 740 passum
1592 653 1717 720 omini.
1736 651 1784 718 Ec
1801 667 1883 718 vero
1898 649 2104 737 supradicte
2119 647 2223 716 ambe
2239 645 2338 733 pecie
2354 641 2398 710 de

519 809 527 816 “
551 804 659 870 terris
681 822 762 884 cum
785 769 923 890 quertie
939 808 974 872 et
991 825 1142 873 vacuum
1165 823 1227 892 per
1251 806 1454 892 supradicte
1478 806 1559 872 fluis
1574 808 1611 873 et
1628 804 1806 873 mensurie
1823 809 1896 872 tote
1912 808 1948 871 et
1965 802 2088 871 inclite
2104 819 2186 868 cum
2201 800 2324 866 omnia
2342 799 2396 866 in·

551 961 610 1025 tra
635 975 674 1024 se
697 956 885 1025 aventinus
907 958 1139 1046 omnibusque
1162 960 1235 1028 suis
1259 959 1485 1046 pertinentiis
1516 963 1553 1028 et
1581 979 1662 1028 cum
1694 959 1769 1026 vice
1792 961 1835 1028 de
1860 960 1917 1026 vie
1941 975 2003 1026 sue
2026 958 2191 1026 inclitum
2216 954 2299 1022 illut
2322 952 2388 1022 tiri

550 1107 709 1194 predicto
732 1107 880 1177 iohanni
903 1109 1093 1196 presbiteri
1118 1110 1357 1190 venumdedit,
1375 1111 1419 1182 ad
1441 1114 1614 1181 securiter
1637 1117 1673 1180 et
1696 1113 1849 1180 firmiter
1871 1111 1996 1180 amodo
2012 1112 2049 1178 ct
2062 1125 2199 1195 semper
2216 1109 2256 1175 tu
2271 1104 2399 1193 tuique

551 1259 718 1372 eredibus
742 1259 824 1328 illut
849 1261 1035 1336 avendum.
1054 1263 1316 1351 dominandum,
1339 1262 1599 1351 possidendum,
1615 1265 1737 1330 omnia
1759 1261 1892 1330 exinde
1918 1260 2120 1329 iaciendum
2135 1259 2228 1347 quod
2243 1257 2393 1327 volueri·

548 1415 615 1501 tis,
632 1415 767 1500 absque
790 1415 886 1481 omni
912 1433 990 1482 mea
1007 1418 1042 1482 et
1057 1414 1101 1483 de
1123 1419 1212 1484 meis
1233 1415 1413 1504 eredibus,
1439 1420 1504 1485 aut
1526 1401 1657 1503 cuique
1680 1415 1861 1483 ominibus
1886 1414 2144 1482 contrarietate
2167 1411 2222 1478 vel
2245 1409 2395 1496 requisi·

549 1565 661 1634 tione.
686 1564 781 1632 unde
804 1583 868 1652 pro
891 1567 1172 1638 confirmandam
1196 1571 1234 1636 et
1255 1566 1542 1638 staviliscendam
1565 1586 1634 1636 anc
1657 1571 1780 1638 nostra
1802 1567 2035 1654 vindictione,
2055 1585 2151 1633 nunc
2174 1584 2196 1634 a
2219 1567 2394 1652 presentis

550 1717 669 1805 recepi
693 1735 759 1806 ego
782 1718 967 1806 predictus
991 1719 1164 1790 iohannes
1187 1741 1209 1790 a
1231 1723 1268 1789 te
1290 1721 1447 1808 predicto
1471 1721 1643 1789 iohannes
1667 1721 1841 1808 presbiter
1865 1721 1946 1788 auri
1974 1719 2047 1788 tari
2072 1719 2154 1786 voni
2178 1722 2281 1804 octo,
2304 1718 2397 1788 sicut

549 1870 643 1940 inter
668 1873 768 1940 nobis
791 1876 970 1943 comvenit
993 1878 1032 1942 in
1055 1863 1169 1944 omnis
1192 1874 1446 1947 deliveratione
1459 1927 1470 1964 ,
1501 1878 1545 1945 de
1567 1895 1639 1964 qua
1667 1893 1734 1964 ego
1764 1875 1992 1963 supradictus
2024 1873 2197 1943 iohannes
2220 1890 2284 1958 per
2309 1888 2400 1942 vona

550 2029 801 2098 convenientia
824 2030 958 2116 guadia
980 2029 1045 2096 tivi
1069 2030 1226 2116 predicto
1250 2033 1398 2099 iohanni
1423 2031 1619 2116 presbitero
1641 2030 1738 2099 dedit
1760 2034 1796 2099 et
1820 2030 2012 2098 mediatore
2027 2027 2093 2098 tivi
2111 2029 2228 2116 posuit
2245 2027 2340 2094 maio
2356 2025 2397 2093 n-

550 2178 636 2247 lium
660 2199 819 2249 marocze
843 2186 879 2250 et
903 2181 1019 2269 leoni;
1052 2165 1090 2252 et
1119 2202 1181 2270 per
1207 2182 1283 2270 ipsa
1307 2185 1443 2270 guadia
1468 2182 1585 2269 obligo
1609 2201 1664 2250 me
1687 2187 1725 2250 et
1747 2182 1835 2250 meis
1858 2181 2022 2250 enodibus
2049 2181 2173 2249 amodo
2196 2183 2233 2248 et
2256 2194 2394 2265 semper

553 2333 799 2402 antistand'um
823 2338 859 2402 et
881 2335 1136 2405 defensandum
1154 2337 1221 2406 tivi
1238 2337 1362 2424 tuique
1378 2337 1542 2405 eredibus
1563 2343 1639 2406 tota
1654 2340 1691 2405 et
1709 2335 1836 2405 inclita
1851 2336 2059 2424 supradicta
2082 2355 2162 2404 mea
2179 2333 2398 2404 vindictione

549 2503 631 2552 cnm
655 2488 731 2555 vice
753 2487 797 2556 de
823 2487 880 2556 vie
902 2506 964 2556 sue
987 2487 1033 2556 da
1056 2506 1179 2556 omnes
1201 2488 1336 2557 omines
1359 2489 1525 2576 omnique
1548 2492 1731 2576 partibus;
1755 2495 1791 2559 et
1814 2489 1956 2577 quando
1981 2506 2042 2576 per
2067 2507 2128 2556 vos
2151 2488 2219 2574 ipsi
2245 2487 2397 2557 bolueri-

550 2639 597 2705 tis
621 2639 703 2707 inde
728 2658 805 2722 esse
828 2644 991 2710 auctores
1006 2645 1042 2708 et
1057 2641 1270 2728 defensores
1296 2647 1504 2728 potestatem
1534 2644 1669 2713 aveatis
1694 2647 1732 2710 in
1756 2645 1920 2712 omnibus
1943 2645 2026 2712 inde
2050 2663 2202 2715 causare
2228 2647 2265 2714 et
2290 2645 2399 2713 finem

550 2793 679 2879 facere,
695 2793 850 2880 qualiter
873 2788 1067 2882 volueritis
1080 2813 1166 2862 cum
1182 2799 1345 2863 omnibus
1369 2797 1629 2865 muniminibus
1645 2801 1681 2865 et
1698 2797 1909 2885 rationibus,
1928 2815 2019 2886 quas
2036 2798 2118 2866 inde
2141 2817 2251 2867 avere
2273 2801 2401 2886 potue-

551 2944 650 3014 ritis.v
676 2951 713 3014 et
736 2949 771 3013 si.
789 2947 911 3016 taliter
934 2951 1066 3036 omnia,
1091 2951 1184 3017 sicut
1206 2952 1369 3035 superius
1393 2949 1536 3037 legitur,
1555 2950 1637 3018 illut
1659 2952 1724 3020 tivi
1749 2955 1871 3038 tuique
1895 2952 2060 3020 eredibus
2084 2968 2156 3018 non
2181 2951 2396 3038 adimpleve-

551 3101 678 3189 rimus,
703 3104 739 3168 et
762 3102 844 3171 illut
867 3101 922 3169 vel
945 3104 1075 3172 exinde
1100 3106 1279 3172 remobens
1301 3108 1365 3172 aut
1388 3107 1552 3172 contrane
1575 3104 1836 3191 quesierimus,
1861 3108 1924 3172 aut
1947 3106 1977 3172 si
2001 3105 2245 3192 quodcumque
2267 3123 2393 3176 causa·

551 3258 668 3325 tiones
692 3257 773 3325 inde
796 3259 895 3325 vobis
918 3259 1223 3346 preposuerimus,
1247 3277 1310 3346 per
1334 3274 1425 3325 vona
1448 3255 1698 3326 convenientia
1720 3263 1756 3326 et
1778 3275 1841 3344 per
1860 3258 2072 3347 'supradicta
2094 3257 2230 3346 guadia
2253 3276 2392 3346 compo-

551 3431 637 3482 nere
659 3413 776 3499 obligo
800 3431 857 3482 me
880 3411 1059 3500 predictus
1083 3414 1258 3481 iohannes
1274 3416 1309 3481 et
1326 3414 1414 3480 meis
1429 3411 1595 3480 eredibus
1617 3411 1683 3479 tiri
1701 3410 1848 3478 iohanni
1867 3411 2054 3498 presbiteri
2074 3415 2110 3480 et
2126 3415 2199 3480 tuis
2215 3414 2396 3501 eredibus,

551 3575 586 3639 et
609 3572 667 3637 cui
691 3569 831 3637 cartula
855 3569 927 3636 ista
950 3568 988 3634 in
1004 3586 1149 3637 manum
1168 3568 1344 3654 paruerit,
1358 3565 1487 3653 biginti
1504 3567 1585 3632 auri
1602 3563 1731 3632 solidos
1754 3564 2050 3652 costantinianos,
2076 3569 2111 3634 et
2128 3565 2251 3633 omnia
2274 3585 2398 3655 supra·

551 3723 689 3807 scriptaw
708 3723 809 3789 vobis
832 3721 1089 3807 adimpleamus
1113 3740 1177 3806 per
1200 3719 1407 3806 supradicta
1430 3717 1564 3806 guadia
1587 3721 1623 3786 et
1645 3717 1805 3804 obligata
1828 3735 1935 3804 pena,
1951 3721 1987 3785 et
2011 3717 2136 3786 taliter
2160 3721 2318 3786 scribere
2341 3736 2399 3784 ro·

550 3879 715 3966 gerimus
737 3879 772 3944 te
796 3839 1026 3962 trup'poaidus
1050 3874 1225 3952 notarius,
1246 3877 1366 3941 actum
1390 3873 1626 3958 epus-monte.
1653 3872 1895 3938 verumtamen
1920 3884 2159 3936 memoramus
2183 3883 2251 3954 ego
2272 3884 2397 3954 supra·

551 4029 670 4097 dictus
694 4030 866 4096 iohannes
892 4030 968 4113 ipsa
985 4026 1192 4113 supradicta
1207 4043 1287 4092 mea
1309 4023 1536 4093 vendictione
1560 4023 1713 4091 fecimus
1729 4020 1811 4090 illut
1827 4025 1912 4088 ante
1937 4015 2118 4108 presentia
2142 4020 2250 4106 ugoni
2269 4019 2399 4090 castal-

555 4182 610 4250 dei
634 4185 671 4249 et
696 4180 803 4248 iudici
826 4181 1072 4266 suprascripta
1093 4180 1332 4250 disturbatum
1355 4179 1479 4264 quinto
1508 4179 1545 4244 et
1572 4176 1701 4278 quarto
1723 4177 1759 4242 et
1781 4175 1927 4240 octuber
1954 4171 2066 4261 legit,
2099 4172 2193 4260 quod
2218 4173 2400 4242 subiunsit

552 4357 618 4428 ego
640 4338 805 4426 superius
828 4337 944 4406 dictus
966 4334 1198 4423 truppoaldus
1223 4333 1385 4402 notarius
1407 4315 1608 4399 subiunxit.

595 4443 631 4584 †
654 4497 728 4584 Ego
751 4489 933 4558 mirandus

596 4620 726 4738 †Ego
750 4650 909 4718 ioannes.
951 4671 982 4694 ν

1272 4871 1642 4886 ——u--nffl

1388 5106 1544 5188 ΜΧΙ.

1320 5376 1377 5451 Α.
1405 5377 1460 5452 D.
1490 5374 1620 5453 1042.

594 5555 631 5694 †
654 5605 694 5669 in
718 5603 862 5673 nomine
885 5603 1018 5671 domini
1043 5605 1351 5688 vicesimoquinto
1374 5604 1495 5669 hanno
1518 5597 1745 5686 principatus
1767 5597 1843 5663 eius
1859 5590 1994 5662 salerni
2019 5591 2139 5660 domni
2164 5587 2277 5658 nostri
2293 5589 2396 5676 guai-

549 5764 654 5850 mari,
670 5764 706 5830 et
721 5759 846 5848 quinto
869 5761 990 5828 banno
1013 5761 1090 5826 eius
1094 5803 1258 5824 .....
1283 5759 1319 5824 et
1340 5751 1474 5839 arnalii,
1491 5755 1527 5820 et
1544 5755 1670 5838 quarto
1694 5750 1815 5818 hanno
1837 5747 1991 5824 ducatus
2017 5747 2093 5814 eius
2116 5741 2238 5813 amalfi
2263 5745 2299 5811 et
2315 5760 2392 5812 sur·
