<?xml version="1.0" encoding="UTF-8"?>
<!DOCTYPE html PUBLIC "-//W3C//DTD XHTML 1.0 Transitional//EN"
    "http://www.w3.org/TR/xhtml1/DTD/xhtml1-transitional.dtd">
<html xmlns="http://www.w3.org/1999/xhtml" xml:lang="en" lang="en">
 <head>
  <title>
</title>
<meta http-equiv="Content-Type" content="text/html;charset=utf-8" />
  <meta name='ocr-system' content='tesseract 3.04.00' />
  <meta name='ocr-capabilities' content='ocr_page ocr_carea ocr_par ocr_line ocrx_word'/>
</head>
<body>
  <div class='ocr_page' id='page_1' title='image "./codexdiplomatic04aragoog_0142.png"; bbox 0 0 5456 7096; ppageno 0'>
   <div class='ocr_carea' id='block_1_1' title="bbox 602 487 1720 577">
    <p class='ocr_par' dir='ltr' id='par_1_1' title="bbox 602 487 1720 577">
     <span class='ocr_line' id='line_1_1' title="bbox 602 487 1720 577; baseline 0.016 -18"><span class='ocrx_word' id='word_1_1' title='bbox 602 487 673 560; x_wconf 73' lang='lat'>10⁶2</span> <span class='ocrx_word' id='word_1_2' title='bbox 1241 496 1423 573; x_wconf 83' lang='lat' dir='ltr'>CODEX</span> <span class='ocrx_word' id='word_1_3' title='bbox 1455 499 1720 577; x_wconf 75' lang='lat' dir='ltr'>cavuhsls</span> 
     </span>
    </p>
   </div>
   <div class='ocr_carea' id='block_1_2' title="bbox 558 712 2405 821">
    <p class='ocr_par' dir='ltr' id='par_1_2' title="bbox 558 712 2405 821">
     <span class='ocr_line' id='line_1_2' title="bbox 558 712 2405 821; baseline 0.012 -41"><span class='ocrx_word' id='word_1_4' title='bbox 558 712 609 780; x_wconf 91' lang='lat' dir='ltr'>ibi</span> <span class='ocrx_word' id='word_1_5' title='bbox 632 713 768 804; x_wconf 85' lang='lat' dir='ltr'>dirigat</span> <span class='ocrx_word' id='word_1_6' title='bbox 791 718 937 788; x_wconf 91' lang='lat' dir='ltr'>missum</span> <span class='ocrx_word' id='word_1_7' title='bbox 962 738 1090 801; x_wconf 90' lang='lat' dir='ltr'>suum,</span> <span class='ocrx_word' id='word_1_8' title='bbox 1126 725 1163 791; x_wconf 86' lang='lat' dir='ltr'>et</span> <span class='ocrx_word' id='word_1_9' title='bbox 1189 741 1253 792; x_wconf 93' lang='lat' dir='ltr'>nos</span> <span class='ocrx_word' id='word_1_10' title='bbox 1277 724 1342 812; x_wconf 92' lang='lat' dir='ltr'>ipsi</span> <span class='ocrx_word' id='word_1_11' title='bbox 1367 725 1481 795; x_wconf 92' lang='lat' dir='ltr'>labori</span> <span class='ocrx_word' id='word_1_12' title='bbox 1506 728 1755 818; x_wconf 83' lang='lat' dir='ltr'>recolligamus</span> <span class='ocrx_word' id='word_1_13' title='bbox 1776 735 1812 801; x_wconf 89' lang='lat' dir='ltr'>et</span> <span class='ocrx_word' id='word_1_14' title='bbox 1835 732 2050 821; x_wconf 90' lang='lat' dir='ltr'>tritulemus,</span> <span class='ocrx_word' id='word_1_15' title='bbox 2075 737 2111 802; x_wconf 86' lang='lat' dir='ltr'>et</span> <span class='ocrx_word' id='word_1_16' title='bbox 2134 732 2257 802; x_wconf 90' lang='lat' dir='ltr'>demus</span> <span class='ocrx_word' id='word_1_17' title='bbox 2283 732 2333 802; x_wconf 90' lang='lat' dir='ltr'>ibi</span> <span class='ocrx_word' id='word_1_18' title='bbox 2357 733 2405 802; x_wconf 84' lang='lat' dir='ltr'>ad</span> 
     </span>
    </p>
   </div>
   <div class='ocr_carea' id='block_1_3' title="bbox 555 867 2411 977">
    <p class='ocr_par' dir='ltr' id='par_1_3' title="bbox 555 867 2411 977">
     <span class='ocr_line' id='line_1_3' title="bbox 555 867 2411 977; baseline 0.015 -45"><span class='ocrx_word' id='word_1_19' title='bbox 555 867 670 953; x_wconf 89' lang='lat' dir='ltr'>ipsum</span> <span class='ocrx_word' id='word_1_20' title='bbox 696 868 843 938; x_wconf 87' lang='lat' dir='ltr'>missum</span> <span class='ocrx_word' id='word_1_21' title='bbox 867 875 1078 943; x_wconf 90' lang='lat' dir='ltr'>terraticum</span> <span class='ocrx_word' id='word_1_22' title='bbox 1102 875 1145 944; x_wconf 92' lang='lat' dir='ltr'>de</span> <span class='ocrx_word' id='word_1_23' title='bbox 1168 877 1246 964; x_wconf 89' lang='lat' dir='ltr'>ipsa</span> <span class='ocrx_word' id='word_1_24' title='bbox 1262 880 1380 969; x_wconf 75' lang='lat' dir='ltr'>rebuS,</span> <span class='ocrx_word' id='word_1_25' title='bbox 1404 883 1576 968; x_wconf 89' lang='lat' dir='ltr'>quomodo</span> <span class='ocrx_word' id='word_1_26' title='bbox 1598 888 1652 954; x_wconf 88' lang='lat' dir='ltr'>est</span> <span class='ocrx_word' id='word_1_27' title='bbox 1674 887 1890 956; x_wconf 76' lang='lat' dir='ltr'>consuetudo</span> <span class='ocrx_word' id='word_1_28' title='bbox 1905 889 1948 957; x_wconf 93' lang='lat' dir='ltr'>de</span> <span class='ocrx_word' id='word_1_29' title='bbox 1964 887 2039 959; x_wconf 91' lang='lat' dir='ltr'>alia</span> <span class='ocrx_word' id='word_1_30' title='bbox 2061 891 2168 958; x_wconf 88' lang='lat' dir='ltr'>rebus</span> <span class='ocrx_word' id='word_1_31' title='bbox 2183 889 2341 977; x_wconf 87' lang='lat' dir='ltr'>predicte</span> <span class='ocrx_word' id='word_1_32' title='bbox 2353 908 2411 959; x_wconf 88' lang='lat' dir='ltr'>ec·</span> 
     </span>
    </p>
   </div>
   <div class='ocr_carea' id='block_1_4' title="bbox 448 1021 2409 2965">
    <p class='ocr_par' dir='ltr' id='par_1_4' title="bbox 448 1021 2409 2965">
     <span class='ocr_line' id='line_1_4' title="bbox 556 1021 2407 1126; baseline 0.012 -38"><span class='ocrx_word' id='word_1_33' title='bbox 556 1021 664 1091; x_wconf 90' lang='lat' dir='ltr'>clesie</span> <span class='ocrx_word' id='word_1_34' title='bbox 688 1023 731 1091; x_wconf 93' lang='lat' dir='ltr'>de</span> <span class='ocrx_word' id='word_1_35' title='bbox 755 1026 913 1111; x_wconf 88' lang='lat' dir='ltr'>predicto</span> <span class='ocrx_word' id='word_1_36' title='bbox 936 1027 1050 1096; x_wconf 93' lang='lat' dir='ltr'>locum</span> <span class='ocrx_word' id='word_1_37' title='bbox 1074 1031 1223 1099; x_wconf 88' lang='lat' dir='ltr'>nuceria</span> <span class='ocrx_word' id='word_1_38' title='bbox 1246 1031 1440 1101; x_wconf 93' lang='lat' dir='ltr'>tollendum</span> <span class='ocrx_word' id='word_1_39' title='bbox 1466 1037 1698 1126; x_wconf 86' lang='lat' dir='ltr'>terraticum,</span> <span class='ocrx_word' id='word_1_40' title='bbox 1734 1043 1770 1107; x_wconf 88' lang='lat' dir='ltr'>et</span> <span class='ocrx_word' id='word_1_41' title='bbox 1797 1055 1861 1106; x_wconf 91' lang='lat' dir='ltr'>nos</span> <span class='ocrx_word' id='word_1_42' title='bbox 1883 1041 1999 1126; x_wconf 90' lang='lat' dir='ltr'>ipsum</span> <span class='ocrx_word' id='word_1_43' title='bbox 2023 1041 2171 1111; x_wconf 90' lang='lat' dir='ltr'>missum</span> <span class='ocrx_word' id='word_1_44' title='bbox 2206 1041 2407 1110; x_wconf 83' lang='lat' dir='ltr'>nutriamus</span> 
     </span>
     <span class='ocr_line' id='line_1_5' title="bbox 558 1177 2406 1282; baseline 0.01 -40"><span class='ocrx_word' id='word_1_45' title='bbox 558 1177 754 1246; x_wconf 88' lang='lat' dir='ltr'>secundum</span> <span class='ocrx_word' id='word_1_46' title='bbox 778 1183 903 1248; x_wconf 89' lang='lat' dir='ltr'>nostra</span> <span class='ocrx_word' id='word_1_47' title='bbox 926 1182 1174 1272; x_wconf 86' lang='lat' dir='ltr'>possivilitate,</span> <span class='ocrx_word' id='word_1_48' title='bbox 1199 1185 1283 1253; x_wconf 92' lang='lat' dir='ltr'>dum</span> <span class='ocrx_word' id='word_1_49' title='bbox 1307 1187 1356 1254; x_wconf 90' lang='lat' dir='ltr'>ibi</span> <span class='ocrx_word' id='word_1_50' title='bbox 1381 1190 1520 1258; x_wconf 89' lang='lat' dir='ltr'>steterit</span> <span class='ocrx_word' id='word_1_51' title='bbox 1545 1209 1607 1279; x_wconf 90' lang='lat' dir='ltr'>pro</span> <span class='ocrx_word' id='word_1_52' title='bbox 1630 1193 1874 1278; x_wconf 89' lang='lat' dir='ltr'>recipiendum</span> <span class='ocrx_word' id='word_1_53' title='bbox 1899 1195 1974 1280; x_wconf 90' lang='lat' dir='ltr'>ipso</span> <span class='ocrx_word' id='word_1_54' title='bbox 1997 1195 2233 1280; x_wconf 88' lang='lat' dir='ltr'>terraticum,</span> <span class='ocrx_word' id='word_1_55' title='bbox 2259 1194 2305 1263; x_wconf 90' lang='lat' dir='ltr'>ad</span> <span class='ocrx_word' id='word_1_56' title='bbox 2330 1195 2406 1282; x_wconf 89' lang='lat' dir='ltr'>ipso</span> 
     </span>
     <span class='ocr_line' id='line_1_6' title="bbox 555 1331 2408 1431; baseline 0.009 -35"><span class='ocrx_word' id='word_1_57' title='bbox 555 1331 764 1400; x_wconf 85' lang='lat' dir='ltr'>costitutum</span> <span class='ocrx_word' id='word_1_58' title='bbox 790 1335 1016 1403; x_wconf 76' lang='lat' dir='ltr'>remittamus</span> <span class='ocrx_word' id='word_1_59' title='bbox 1040 1338 1118 1423; x_wconf 87' lang='lat' dir='ltr'>ipsa</span> <span class='ocrx_word' id='word_1_60' title='bbox 1141 1339 1315 1408; x_wconf 87' lang='lat' dir='ltr'>rebusad</span> <span class='ocrx_word' id='word_1_61' title='bbox 1338 1341 1415 1427; x_wconf 88' lang='lat' dir='ltr'>ipsa</span> <span class='ocrx_word' id='word_1_62' title='bbox 1438 1340 1598 1412; x_wconf 88' lang='lat' dir='ltr'>ecclesia.</span> <span class='ocrx_word' id='word_1_63' title='bbox 1625 1343 1667 1410; x_wconf 90' lang='lat' dir='ltr'>de</span> <span class='ocrx_word' id='word_1_64' title='bbox 1691 1362 1762 1430; x_wconf 86' lang='lat' dir='ltr'>qua</span> <span class='ocrx_word' id='word_1_65' title='bbox 1784 1362 1847 1430; x_wconf 90' lang='lat' dir='ltr'>per</span> <span class='ocrx_word' id='word_1_66' title='bbox 1871 1346 1964 1414; x_wconf 87' lang='lat' dir='ltr'>bona</span> <span class='ocrx_word' id='word_1_67' title='bbox 1986 1345 2245 1414; x_wconf 87' lang='lat' dir='ltr'>combenientia</span> <span class='ocrx_word' id='word_1_68' title='bbox 2272 1344 2408 1431; x_wconf 86' lang='lat' dir='ltr'>guadia</span> 
     </span>
     <span class='ocr_line' id='line_1_7' title="bbox 553 1483 2405 1585; baseline 0.009 -35"><span class='ocrx_word' id='word_1_69' title='bbox 553 1483 641 1552; x_wconf 91' lang='lat' dir='ltr'>mihi</span> <span class='ocrx_word' id='word_1_70' title='bbox 667 1488 739 1571; x_wconf 90' lang='lat' dir='ltr'>ipse</span> <span class='ocrx_word' id='word_1_71' title='bbox 762 1486 912 1556; x_wconf 91' lang='lat' dir='ltr'>domnus</span> <span class='ocrx_word' id='word_1_72' title='bbox 935 1490 1046 1562; x_wconf 90' lang='lat' dir='ltr'>abbas</span> <span class='ocrx_word' id='word_1_73' title='bbox 1068 1491 1178 1579; x_wconf 84' lang='lat' dir='ltr'>dedit,</span> <span class='ocrx_word' id='word_1_74' title='bbox 1202 1496 1237 1561; x_wconf 92' lang='lat' dir='ltr'>et</span> <span class='ocrx_word' id='word_1_75' title='bbox 1261 1513 1333 1562; x_wconf 87' lang='lat' dir='ltr'>una</span> <span class='ocrx_word' id='word_1_76' title='bbox 1358 1513 1494 1564; x_wconf 87' lang='lat' dir='ltr'>mecum</span> <span class='ocrx_word' id='word_1_77' title='bbox 1518 1496 1657 1566; x_wconf 85' lang='lat' dir='ltr'>adesset</span> <span class='ocrx_word' id='word_1_78' title='bbox 1680 1498 1826 1564; x_wconf 89' lang='lat' dir='ltr'>ioannes</span> <span class='ocrx_word' id='word_1_79' title='bbox 1850 1497 1927 1565; x_wconf 91' lang='lat' dir='ltr'>thio</span> <span class='ocrx_word' id='word_1_80' title='bbox 1962 1515 2060 1566; x_wconf 91' lang='lat' dir='ltr'>meus</span> <span class='ocrx_word' id='word_1_81' title='bbox 2095 1499 2191 1566; x_wconf 83' lang='lat' dir='ltr'>illius</span> <span class='ocrx_word' id='word_1_82' title='bbox 2226 1496 2405 1585; x_wconf 84' lang='lat' dir='ltr'>quondam</span> 
     </span>
     <span class='ocr_line' id='line_1_8' title="bbox 553 1637 2402 1738; baseline 0.011 -38"><span class='ocrx_word' id='word_1_83' title='bbox 553 1637 737 1727; x_wconf 90' lang='lat' dir='ltr'>romoaldi,</span> <span class='ocrx_word' id='word_1_84' title='bbox 762 1646 798 1710; x_wconf 92' lang='lat' dir='ltr'>et</span> <span class='ocrx_word' id='word_1_85' title='bbox 821 1661 884 1728; x_wconf 90' lang='lat' dir='ltr'>per</span> <span class='ocrx_word' id='word_1_86' title='bbox 908 1643 986 1730; x_wconf 90' lang='lat' dir='ltr'>ipsa</span> <span class='ocrx_word' id='word_1_87' title='bbox 1008 1646 1140 1733; x_wconf 86' lang='lat' dir='ltr'>guadia</span> <span class='ocrx_word' id='word_1_88' title='bbox 1164 1647 1337 1736; x_wconf 81' lang='lat' dir='ltr'>obligabit</span> <span class='ocrx_word' id='word_1_89' title='bbox 1360 1667 1397 1717; x_wconf 84' lang='lat' dir='ltr'>se</span> <span class='ocrx_word' id='word_1_90' title='bbox 1421 1655 1455 1718; x_wconf 88' lang='lat' dir='ltr'>et</span> <span class='ocrx_word' id='word_1_91' title='bbox 1479 1668 1562 1736; x_wconf 87' lang='lat' dir='ltr'>pars</span> <span class='ocrx_word' id='word_1_92' title='bbox 1585 1649 1742 1737; x_wconf 88' lang='lat' dir='ltr'>predicte</span> <span class='ocrx_word' id='word_1_93' title='bbox 1765 1651 1913 1718; x_wconf 87' lang='lat' dir='ltr'>ecclesie</span> <span class='ocrx_word' id='word_1_94' title='bbox 1935 1650 2120 1719; x_wconf 81' lang='lat' dir='ltr'>defensare</span> <span class='ocrx_word' id='word_1_95' title='bbox 2145 1652 2232 1720; x_wconf 88' lang='lat' dir='ltr'>mihi</span> <span class='ocrx_word' id='word_1_96' title='bbox 2257 1652 2402 1738; x_wconf 88' lang='lat' dir='ltr'>meique</span> 
     </span>
     <span class='ocr_line' id='line_1_9' title="bbox 551 1790 2404 1898; baseline 0.008 -39"><span class='ocrx_word' id='word_1_97' title='bbox 551 1790 715 1859; x_wconf 90' lang='lat' dir='ltr'>eredibus</span> <span class='ocrx_word' id='word_1_98' title='bbox 738 1793 860 1863; x_wconf 91' lang='lat' dir='ltr'>amodo</span> <span class='ocrx_word' id='word_1_99' title='bbox 884 1798 919 1864; x_wconf 92' lang='lat' dir='ltr'>et</span> <span class='ocrx_word' id='word_1_100' title='bbox 942 1797 1018 1883; x_wconf 88' lang='lat' dir='ltr'>ipso</span> <span class='ocrx_word' id='word_1_101' title='bbox 1041 1797 1273 1866; x_wconf 86' lang='lat' dir='ltr'>coustitutum</span> <span class='ocrx_word' id='word_1_102' title='bbox 1299 1798 1375 1886; x_wconf 89' lang='lat' dir='ltr'>ipsa</span> <span class='ocrx_word' id='word_1_103' title='bbox 1398 1802 1503 1869; x_wconf 90' lang='lat' dir='ltr'>rebus</span> <span class='ocrx_word' id='word_1_104' title='bbox 1516 1803 1571 1898; x_wconf 84' lang='lat' dir='ltr'>da</span> <span class='ocrx_word' id='word_1_105' title='bbox 1593 1805 1708 1871; x_wconf 88' lang='lat' dir='ltr'>omnis</span> <span class='ocrx_word' id='word_1_106' title='bbox 1732 1803 1869 1872; x_wconf 91' lang='lat' dir='ltr'>omines</span> <span class='ocrx_word' id='word_1_107' title='bbox 1892 1823 1973 1872; x_wconf 91' lang='lat' dir='ltr'>cum</span> <span class='ocrx_word' id='word_1_108' title='bbox 1997 1804 2075 1873; x_wconf 88' lang='lat' dir='ltr'>bico</span> <span class='ocrx_word' id='word_1_109' title='bbox 2098 1805 2141 1872; x_wconf 89' lang='lat' dir='ltr'>de</span> <span class='ocrx_word' id='word_1_110' title='bbox 2157 1803 2218 1872; x_wconf 86' lang='lat' dir='ltr'>bia</span> <span class='ocrx_word' id='word_1_111' title='bbox 2234 1823 2313 1892; x_wconf 85' lang='lat' dir='ltr'>sua,</span> <span class='ocrx_word' id='word_1_112' title='bbox 2333 1823 2404 1873; x_wconf 91' lang='lat' dir='ltr'>un·</span> 
     </span>
     <span class='ocr_line' id='line_1_10' title="bbox 551 1943 2409 2045; baseline 0.007 -33"><span class='ocrx_word' id='word_1_113' title='bbox 551 1943 593 2012; x_wconf 91' lang='lat' dir='ltr'>de</span> <span class='ocrx_word' id='word_1_114' title='bbox 620 1945 694 2032; x_wconf 90' lang='lat' dir='ltr'>ipse</span> <span class='ocrx_word' id='word_1_115' title='bbox 717 1946 867 2014; x_wconf 92' lang='lat' dir='ltr'>domnus</span> <span class='ocrx_word' id='word_1_116' title='bbox 890 1950 1000 2018; x_wconf 87' lang='lat' dir='ltr'>abbas</span> <span class='ocrx_word' id='word_1_117' title='bbox 1023 1949 1065 2017; x_wconf 94' lang='lat' dir='ltr'>de</span> <span class='ocrx_word' id='word_1_118' title='bbox 1088 1949 1168 2036; x_wconf 88' lang='lat' dir='ltr'>ipsa</span> <span class='ocrx_word' id='word_1_119' title='bbox 1191 1953 1324 2038; x_wconf 84' lang='lat' dir='ltr'>guadia</span> <span class='ocrx_word' id='word_1_120' title='bbox 1348 1955 1439 2040; x_wconf 91' lang='lat' dir='ltr'>quod</span> <span class='ocrx_word' id='word_1_121' title='bbox 1466 1956 1552 2024; x_wconf 91' lang='lat' dir='ltr'>mihi</span> <span class='ocrx_word' id='word_1_122' title='bbox 1577 1957 1682 2045; x_wconf 86' lang='lat' dir='ltr'>dedi,</span> <span class='ocrx_word' id='word_1_123' title='bbox 1707 1958 1937 2027; x_wconf 85' lang='lat' dir='ltr'>mediatorem</span> <span class='ocrx_word' id='word_1_124' title='bbox 1963 1957 2052 2025; x_wconf 90' lang='lat' dir='ltr'>mihi</span> <span class='ocrx_word' id='word_1_125' title='bbox 2076 1959 2175 2044; x_wconf 91' lang='lat' dir='ltr'>posui</span> <span class='ocrx_word' id='word_1_126' title='bbox 2215 1957 2409 2027; x_wconf 84' lang='lat' dir='ltr'>serrandus</span> 
     </span>
     <span class='ocr_line' id='line_1_11' title="bbox 552 2098 2404 2198; baseline 0.008 -31"><span class='ocrx_word' id='word_1_127' title='bbox 552 2098 702 2168; x_wconf 90' lang='lat' dir='ltr'>clericus</span> <span class='ocrx_word' id='word_1_128' title='bbox 727 2101 823 2168; x_wconf 89' lang='lat' dir='ltr'>lilius</span> <span class='ocrx_word' id='word_1_129' title='bbox 845 2103 1025 2189; x_wconf 88' lang='lat' dir='ltr'>quondam</span> <span class='ocrx_word' id='word_1_130' title='bbox 1049 2105 1183 2195; x_wconf 82' lang='lat' dir='ltr'>aczoni3</span> <span class='ocrx_word' id='word_1_131' title='bbox 1207 2109 1297 2194; x_wconf 89' lang='lat' dir='ltr'>quod</span> <span class='ocrx_word' id='word_1_132' title='bbox 1321 2109 1352 2176; x_wconf 89' lang='lat' dir='ltr'>si</span> <span class='ocrx_word' id='word_1_133' title='bbox 1378 2109 1500 2178; x_wconf 86' lang='lat' dir='ltr'>taliter</span> <span class='ocrx_word' id='word_1_134' title='bbox 1524 2111 1626 2177; x_wconf 91' lang='lat' dir='ltr'>nobis</span> <span class='ocrx_word' id='word_1_135' title='bbox 1649 2129 1719 2179; x_wconf 88' lang='lat' dir='ltr'>non</span> <span class='ocrx_word' id='word_1_136' title='bbox 1743 2110 1992 2197; x_wconf 84' lang='lat' dir='ltr'>adimpleberit</span> <span class='ocrx_word' id='word_1_137' title='bbox 2014 2115 2050 2179; x_wconf 89' lang='lat' dir='ltr'>et</span> <span class='ocrx_word' id='word_1_138' title='bbox 2074 2111 2203 2198; x_wconf 88' lang='lat' dir='ltr'>aliquit</span> <span class='ocrx_word' id='word_1_139' title='bbox 2219 2112 2301 2196; x_wconf 81' lang='lat' dir='ltr'>inde</span> <span class='ocrx_word' id='word_1_140' title='bbox 2320 2131 2404 2182; x_wconf 92' lang='lat' dir='ltr'>con·</span> 
     </span>
     <span class='ocr_line' id='line_1_12' title="bbox 552 2255 2409 2353; baseline 0.006 -31"><span class='ocrx_word' id='word_1_141' title='bbox 552 2255 774 2342; x_wconf 84' lang='lat' dir='ltr'>tradisserit,</span> <span class='ocrx_word' id='word_1_142' title='bbox 798 2275 860 2341; x_wconf 87' lang='lat' dir='ltr'>per</span> <span class='ocrx_word' id='word_1_143' title='bbox 885 2257 964 2344; x_wconf 87' lang='lat' dir='ltr'>ipsa</span> <span class='ocrx_word' id='word_1_144' title='bbox 987 2259 1121 2344; x_wconf 84' lang='lat' dir='ltr'>guadia</span> <span class='ocrx_word' id='word_1_145' title='bbox 1144 2278 1351 2347; x_wconf 91' lang='lat' dir='ltr'>componere</span> <span class='ocrx_word' id='word_1_146' title='bbox 1374 2260 1544 2350; x_wconf 84' lang='lat' dir='ltr'>obligavit</span> <span class='ocrx_word' id='word_1_147' title='bbox 1566 2282 1603 2331; x_wconf 89' lang='lat' dir='ltr'>se</span> <span class='ocrx_word' id='word_1_148' title='bbox 1626 2265 1728 2331; x_wconf 92' lang='lat' dir='ltr'>nobis</span> <span class='ocrx_word' id='word_1_149' title='bbox 1752 2265 1828 2351; x_wconf 91' lang='lat' dir='ltr'>ipse</span> <span class='ocrx_word' id='word_1_150' title='bbox 1851 2264 2001 2332; x_wconf 91' lang='lat' dir='ltr'>domnus</span> <span class='ocrx_word' id='word_1_151' title='bbox 2023 2266 2134 2334; x_wconf 89' lang='lat' dir='ltr'>abbas</span> <span class='ocrx_word' id='word_1_152' title='bbox 2152 2265 2205 2334; x_wconf 92' lang='lat' dir='ltr'>vel</span> <span class='ocrx_word' id='word_1_153' title='bbox 2222 2283 2307 2353; x_wconf 89' lang='lat' dir='ltr'>pars</span> <span class='ocrx_word' id='word_1_154' title='bbox 2325 2283 2409 2353; x_wconf 89' lang='lat' dir='ltr'>pre·</span> 
     </span>
     <span class='ocr_line' id='line_1_13' title="bbox 551 2408 2404 2505; baseline 0.005 -29"><span class='ocrx_word' id='word_1_155' title='bbox 551 2408 647 2478; x_wconf 91' lang='lat' dir='ltr'>dicte</span> <span class='ocrx_word' id='word_1_156' title='bbox 672 2410 819 2478; x_wconf 86' lang='lat' dir='ltr'>ecclesie</span> <span class='ocrx_word' id='word_1_157' title='bbox 844 2411 965 2480; x_wconf 87' lang='lat' dir='ltr'>decem</span> <span class='ocrx_word' id='word_1_158' title='bbox 987 2411 1068 2482; x_wconf 88' lang='lat' dir='ltr'>auri</span> <span class='ocrx_word' id='word_1_159' title='bbox 1092 2410 1219 2482; x_wconf 89' lang='lat' dir='ltr'>solidos</span> <span class='ocrx_word' id='word_1_160' title='bbox 1244 2415 1475 2482; x_wconf 88' lang='lat' dir='ltr'>costantinos.</span> <span class='ocrx_word' id='word_1_161' title='bbox 1502 2421 1747 2485; x_wconf 88' lang='lat' dir='ltr'>verumtamen</span> <span class='ocrx_word' id='word_1_162' title='bbox 1770 2416 1893 2486; x_wconf 90' lang='lat' dir='ltr'>demus</span> <span class='ocrx_word' id='word_1_163' title='bbox 1918 2416 2061 2486; x_wconf 90' lang='lat' dir='ltr'>illorum</span> <span class='ocrx_word' id='word_1_164' title='bbox 2077 2418 2298 2505; x_wconf 89' lang='lat' dir='ltr'>terraticum,</span> <span class='ocrx_word' id='word_1_165' title='bbox 2316 2435 2404 2505; x_wconf 88' lang='lat' dir='ltr'>quo·</span> 
     </span>
     <span class='ocr_line' id='line_1_14' title="bbox 448 2557 2405 2658; baseline 0.006 -28"><span class='ocrx_word' id='word_1_166' title='bbox 448 2561 449 2564; x_wconf 72' lang='grc'>’</span> <span class='ocrx_word' id='word_1_167' title='bbox 552 2564 655 2632; x_wconf 88' lang='lat' dir='ltr'>modo</span> <span class='ocrx_word' id='word_1_168' title='bbox 679 2566 780 2634; x_wconf 88' lang='lat' dir='ltr'>modo</span> <span class='ocrx_word' id='word_1_169' title='bbox 803 2566 904 2635; x_wconf 86' lang='lat' dir='ltr'>tollet</span> <span class='ocrx_word' id='word_1_170' title='bbox 927 2567 1008 2654; x_wconf 91' lang='lat' dir='ltr'>ipsa</span> <span class='ocrx_word' id='word_1_171' title='bbox 1031 2557 1182 2636; x_wconf 87' lang='lat' dir='ltr'>ecclesia</span> <span class='ocrx_word' id='word_1_172' title='bbox 1206 2571 1417 2638; x_wconf 86' lang='lat' dir='ltr'>terraticum</span> <span class='ocrx_word' id='word_1_173' title='bbox 1441 2569 1484 2637; x_wconf 91' lang='lat' dir='ltr'>de</span> <span class='ocrx_word' id='word_1_174' title='bbox 1508 2569 1581 2638; x_wconf 89' lang='lat' dir='ltr'>alia</span> <span class='ocrx_word' id='word_1_175' title='bbox 1603 2573 1709 2639; x_wconf 90' lang='lat' dir='ltr'>rebus</span> <span class='ocrx_word' id='word_1_176' title='bbox 1733 2589 1799 2640; x_wconf 88' lang='lat' dir='ltr'>sua</span> <span class='ocrx_word' id='word_1_177' title='bbox 1821 2571 1865 2640; x_wconf 90' lang='lat' dir='ltr'>de</span> <span class='ocrx_word' id='word_1_178' title='bbox 1888 2571 2008 2640; x_wconf 92' lang='lat' dir='ltr'>eodem</span> <span class='ocrx_word' id='word_1_179' title='bbox 2033 2573 2161 2658; x_wconf 91' lang='lat' dir='ltr'>locum,</span> <span class='ocrx_word' id='word_1_180' title='bbox 2186 2577 2223 2641; x_wconf 88' lang='lat' dir='ltr'>et</span> <span class='ocrx_word' id='word_1_181' title='bbox 2240 2591 2308 2640; x_wconf 91' lang='lat' dir='ltr'>unc</span> <span class='ocrx_word' id='word_1_182' title='bbox 2324 2576 2405 2642; x_wconf 89' lang='lat' dir='ltr'>bre·</span> 
     </span>
     <span class='ocr_line' id='line_1_15' title="bbox 552 2719 1331 2806; baseline 0.006 -22"><span class='ocrx_word' id='word_1_183' title='bbox 552 2720 631 2786; x_wconf 91' lang='lat' dir='ltr'>hem</span> <span class='ocrx_word' id='word_1_184' title='bbox 656 2719 786 2804; x_wconf 86' lang='lat' dir='ltr'>scripsi</span> <span class='ocrx_word' id='word_1_185' title='bbox 812 2737 878 2806; x_wconf 85' lang='lat' dir='ltr'>ego</span> <span class='ocrx_word' id='word_1_186' title='bbox 902 2721 1102 2790; x_wconf 88' lang='lat' dir='ltr'>romoaldus</span> <span class='ocrx_word' id='word_1_187' title='bbox 1127 2721 1302 2791; x_wconf 90' lang='lat' dir='ltr'>notarius.</span> <span class='ocrx_word' id='word_1_188' title='bbox 1329 2796 1331 2800; x_wconf 11' lang='grc' dir='ltr'><em>Α</em></span> 
     </span>
     <span class='ocr_line' id='line_1_16' title="bbox 603 2845 1798 2965; baseline 0.008 -26"><span class='ocrx_word' id='word_1_189' title='bbox 603 2845 634 2962; x_wconf 92' lang='lat'><em>†</em></span> <span class='ocrx_word' id='word_1_190' title='bbox 659 2875 735 2962; x_wconf 87' lang='lat' dir='ltr'>Ego</span> <span class='ocrx_word' id='word_1_191' title='bbox 758 2874 934 2944; x_wconf 83' lang='lat' dir='ltr'>adelferus</span> <span class='ocrx_word' id='word_1_192' title='bbox 956 2879 1117 2946; x_wconf 88' lang='lat' dir='ltr'>notarius</span> <span class='ocrx_word' id='word_1_193' title='bbox 1139 2876 1310 2945; x_wconf 87' lang='lat' dir='ltr'>diaeonus</span> <span class='ocrx_word' id='word_1_194' title='bbox 1332 2880 1612 2965; x_wconf 83' lang='lat' dir='ltr'>archipresbiter</span> <span class='ocrx_word' id='word_1_195' title='bbox 1629 2884 1664 2948; x_wconf 90' lang='lat' dir='ltr'>et</span> <span class='ocrx_word' id='word_1_196' title='bbox 1688 2881 1798 2949; x_wconf 89' lang='lat' dir='ltr'>abbas</span> 
     </span>
    </p>
   </div>
   <div class='ocr_carea' id='block_1_5' title="bbox 605 2999 1324 3118">
    <p class='ocr_par' dir='ltr' id='par_1_5' title="bbox 605 2999 1324 3118">
     <span class='ocr_line' id='line_1_17' title="bbox 605 2999 1324 3118; baseline 0.004 -23"><span class='ocrx_word' id='word_1_197' title='bbox 605 2999 635 3115; x_wconf 91' lang='lat'>†</span> <span class='ocrx_word' id='word_1_198' title='bbox 661 3031 735 3117; x_wconf 83' lang='lat' dir='ltr'>Ego</span> <span class='ocrx_word' id='word_1_199' title='bbox 760 3049 843 3098; x_wconf 93' lang='lat' dir='ltr'>urso</span> <span class='ocrx_word' id='word_1_200' title='bbox 865 3032 1039 3118; x_wconf 85' lang='lat' dir='ltr'>presbiter</span> <span class='ocrx_word' id='word_1_201' title='bbox 1064 3037 1098 3101; x_wconf 89' lang='lat' dir='ltr'>et</span> <span class='ocrx_word' id='word_1_202' title='bbox 1120 3031 1324 3104; x_wconf 89' lang='lat' dir='ltr'>cardinalis.</span> 
     </span>
    </p>
   </div>
   <div class='ocr_carea' id='block_1_6' title="bbox 1290 3290 1662 3306">
    <p class='ocr_par' dir='ltr' id='par_1_6' title="bbox 1290 3290 1662 3306">
     <span class='ocr_line' id='line_1_18' title="bbox 1290 3290 1662 3306; baseline 0.005 -2"><span class='ocrx_word' id='word_1_203' title='bbox 1290 3290 1662 3306; x_wconf 55' lang='lat' dir='ltr'>m</span> 
     </span>
    </p>
   </div>
   <div class='ocr_carea' id='block_1_7' title="bbox 1352 3555 1597 3637">
    <p class='ocr_par' dir='ltr' id='par_1_7' title="bbox 1352 3555 1597 3637">
     <span class='ocr_line' id='line_1_19' title="bbox 1352 3555 1597 3637; baseline 0 -2"><span class='ocrx_word' id='word_1_204' title='bbox 1352 3555 1597 3637; x_wconf 88' lang='lat' dir='ltr'><strong>CMXLI·</strong></span> 
     </span>
    </p>
   </div>
   <div class='ocr_carea' id='block_1_8' title="bbox 1329 3816 1624 3893">
    <p class='ocr_par' dir='ltr' id='par_1_8' title="bbox 1329 3816 1624 3893">
     <span class='ocr_line' id='line_1_20' title="bbox 1329 3816 1624 3893; baseline -0.017 0"><span class='ocrx_word' id='word_1_205' title='bbox 1329 3818 1386 3893; x_wconf 91' lang='lat' dir='ltr'>A.</span> <span class='ocrx_word' id='word_1_206' title='bbox 1412 3817 1466 3891; x_wconf 91' lang='lat' dir='ltr'>D.</span> <span class='ocrx_word' id='word_1_207' title='bbox 1498 3816 1624 3893; x_wconf 83' lang='lat'>1039.</span> 
     </span>
    </p>
   </div>
   <div class='ocr_carea' id='block_1_9' title="bbox 546 4050 2403 5722">
    <p class='ocr_par' dir='ltr' id='par_1_9' title="bbox 546 4050 2403 5722">
     <span class='ocr_line' id='line_1_21' title="bbox 597 4050 2403 4194; baseline 0.003 -26"><span class='ocrx_word' id='word_1_208' title='bbox 597 4050 633 4190; x_wconf 76' lang='lat'><em>†</em></span> <span class='ocrx_word' id='word_1_209' title='bbox 658 4105 697 4169; x_wconf 95' lang='lat' dir='ltr'>ln</span> <span class='ocrx_word' id='word_1_210' title='bbox 722 4104 864 4170; x_wconf 90' lang='lat' dir='ltr'>nomine</span> <span class='ocrx_word' id='word_1_211' title='bbox 888 4102 1022 4171; x_wconf 90' lang='lat' dir='ltr'>domini</span> <span class='ocrx_word' id='word_1_212' title='bbox 1046 4103 1213 4172; x_wconf 87' lang='lat' dir='ltr'>hicesimo</span> <span class='ocrx_word' id='word_1_213' title='bbox 1235 4105 1350 4191; x_wconf 89' lang='lat' dir='ltr'>primo</span> <span class='ocrx_word' id='word_1_214' title='bbox 1366 4121 1461 4173; x_wconf 88' lang='lat' dir='ltr'>anno</span> <span class='ocrx_word' id='word_1_215' title='bbox 1477 4101 1702 4191; x_wconf 86' lang='lat' dir='ltr'>principatus</span> <span class='ocrx_word' id='word_1_216' title='bbox 1713 4105 1847 4175; x_wconf 86' lang='lat' dir='ltr'>salerni</span> <span class='ocrx_word' id='word_1_217' title='bbox 1862 4103 1982 4173; x_wconf 92' lang='lat' dir='ltr'>domni</span> <span class='ocrx_word' id='word_1_218' title='bbox 1999 4105 2111 4174; x_wconf 89' lang='lat' dir='ltr'>nostri</span> <span class='ocrx_word' id='word_1_219' title='bbox 2129 4106 2310 4192; x_wconf 84' lang='lat' dir='ltr'>guaimari</span> <span class='ocrx_word' id='word_1_220' title='bbox 2327 4106 2403 4194; x_wconf 92' lang='lat' dir='ltr'>glo·</span> 
     </span>
     <span class='ocr_line' id='line_1_22' title="bbox 550 4249 2403 4348; baseline 0.005 -31"><span class='ocrx_word' id='word_1_221' title='bbox 550 4249 645 4318; x_wconf 90' lang='lat' dir='ltr'>rioso</span> <span class='ocrx_word' id='word_1_222' title='bbox 668 4253 848 4340; x_wconf 65' lang='lat' dir='ltr'>princeps</span> <span class='ocrx_word' id='word_1_223' title='bbox 874 4257 909 4322; x_wconf 92' lang='lat' dir='ltr'>et</span> <span class='ocrx_word' id='word_1_224' title='bbox 931 4253 1046 4340; x_wconf 89' lang='lat' dir='ltr'>primo</span> <span class='ocrx_word' id='word_1_225' title='bbox 1069 4273 1164 4322; x_wconf 89' lang='lat' dir='ltr'>anno</span> <span class='ocrx_word' id='word_1_226' title='bbox 1187 4257 1409 4343; x_wconf 86' lang='lat' dir='ltr'>principatus</span> <span class='ocrx_word' id='word_1_227' title='bbox 1433 4258 1511 4325; x_wconf 89' lang='lat' dir='ltr'>eius</span> <span class='ocrx_word' id='word_1_228' title='bbox 1536 4275 1683 4344; x_wconf 89' lang='lat' dir='ltr'>capuae,</span> <span class='ocrx_word' id='word_1_229' title='bbox 1706 4261 1741 4325; x_wconf 89' lang='lat' dir='ltr'>et</span> <span class='ocrx_word' id='word_1_230' title='bbox 1763 4258 1878 4344; x_wconf 90' lang='lat' dir='ltr'>primo</span> <span class='ocrx_word' id='word_1_231' title='bbox 1894 4274 1989 4326; x_wconf 90' lang='lat' dir='ltr'>anno</span> <span class='ocrx_word' id='word_1_232' title='bbox 2004 4257 2245 4326; x_wconf 88' lang='lat' dir='ltr'>ducatuseius</span> <span class='ocrx_word' id='word_1_233' title='bbox 2263 4257 2403 4348; x_wconf 85' lang='lat' dir='ltr'>amalfi,</span> 
     </span>
     <span class='ocr_line' id='line_1_23' title="bbox 552 4403 2399 4495; baseline 0.004 -25"><span class='ocrx_word' id='word_1_234' title='bbox 552 4423 673 4474; x_wconf 87' lang='lat' dir='ltr'>mense</span> <span class='ocrx_word' id='word_1_235' title='bbox 696 4403 853 4494; x_wconf 90' lang='lat' dir='ltr'>magius,</span> <span class='ocrx_word' id='word_1_236' title='bbox 878 4408 1028 4495; x_wconf 88' lang='lat' dir='ltr'>septima</span> <span class='ocrx_word' id='word_1_237' title='bbox 1053 4408 1260 4478; x_wconf 89' lang='lat' dir='ltr'>indictione.</span> <span class='ocrx_word' id='word_1_238' title='bbox 1290 4410 1578 4478; x_wconf 89' lang='lat' dir='ltr'>memoratorium</span> <span class='ocrx_word' id='word_1_239' title='bbox 1601 4408 1734 4477; x_wconf 83' lang='lat' dir='ltr'>iactum</span> <span class='ocrx_word' id='word_1_240' title='bbox 1757 4429 1779 4478; x_wconf 89' lang='lat' dir='ltr'>a</span> <span class='ocrx_word' id='word_1_241' title='bbox 1802 4428 1858 4477; x_wconf 90' lang='lat' dir='ltr'>me</span> <span class='ocrx_word' id='word_1_242' title='bbox 1881 4409 2031 4478; x_wconf 87' lang='lat' dir='ltr'>domnus</span> <span class='ocrx_word' id='word_1_243' title='bbox 2055 4409 2202 4478; x_wconf 81' lang='lat' dir='ltr'>adelferi</span> <span class='ocrx_word' id='word_1_244' title='bbox 2225 4409 2399 4479; x_wconf 87' lang='lat' dir='ltr'>diaconus</span> 
     </span>
     <span class='ocr_line' id='line_1_24' title="bbox 548 4560 2400 4650; baseline 0.002 -24"><span class='ocrx_word' id='word_1_245' title='bbox 548 4563 585 4627; x_wconf 90' lang='lat' dir='ltr'>et</span> <span class='ocrx_word' id='word_1_246' title='bbox 612 4560 891 4648; x_wconf 89' lang='lat' dir='ltr'>archipresbiter</span> <span class='ocrx_word' id='word_1_247' title='bbox 914 4565 949 4631; x_wconf 90' lang='lat' dir='ltr'>et</span> <span class='ocrx_word' id='word_1_248' title='bbox 973 4563 1082 4631; x_wconf 91' lang='lat' dir='ltr'>abbas</span> <span class='ocrx_word' id='word_1_249' title='bbox 1103 4561 1316 4631; x_wconf 89' lang='lat' dir='ltr'>tradidimus</span> <span class='ocrx_word' id='word_1_250' title='bbox 1338 4561 1384 4631; x_wconf 88' lang='lat' dir='ltr'>ad</span> <span class='ocrx_word' id='word_1_251' title='bbox 1409 4561 1640 4633; x_wconf 89' lang='lat' dir='ltr'>laborandum</span> <span class='ocrx_word' id='word_1_252' title='bbox 1665 4561 1847 4648; x_wconf 90' lang='lat' dir='ltr'>romoaldi,</span> <span class='ocrx_word' id='word_1_253' title='bbox 1873 4563 1947 4631; x_wconf 85' lang='lat' dir='ltr'>illio</span> <span class='ocrx_word' id='word_1_254' title='bbox 1970 4563 2148 4650; x_wconf 90' lang='lat' dir='ltr'>quondam</span> <span class='ocrx_word' id='word_1_255' title='bbox 2165 4562 2314 4632; x_wconf 88' lang='lat' dir='ltr'>iohanni</span> <span class='ocrx_word' id='word_1_256' title='bbox 2327 4561 2400 4630; x_wconf 91' lang='lat' dir='ltr'>cle·</span> 
     </span>
     <span class='ocr_line' id='line_1_25' title="bbox 549 4711 2400 4802; baseline 0.003 -25"><span class='ocrx_word' id='word_1_257' title='bbox 549 4711 630 4798; x_wconf 91' lang='lat' dir='ltr'>rici,</span> <span class='ocrx_word' id='word_1_258' title='bbox 654 4711 697 4779; x_wconf 91' lang='lat' dir='ltr'>de</span> <span class='ocrx_word' id='word_1_259' title='bbox 722 4711 834 4779; x_wconf 91' lang='lat' dir='ltr'>locum</span> <span class='ocrx_word' id='word_1_260' title='bbox 859 4715 1021 4801; x_wconf 89' lang='lat' dir='ltr'>nuceria,</span> <span class='ocrx_word' id='word_1_261' title='bbox 1046 4715 1151 4782; x_wconf 91' lang='lat' dir='ltr'>rebus</span> <span class='ocrx_word' id='word_1_262' title='bbox 1175 4714 1375 4801; x_wconf 89' lang='lat' dir='ltr'>pertinente</span> <span class='ocrx_word' id='word_1_263' title='bbox 1400 4712 1547 4781; x_wconf 87' lang='lat' dir='ltr'>ecclesie</span> <span class='ocrx_word' id='word_1_264' title='bbox 1571 4714 1687 4783; x_wconf 91' lang='lat' dir='ltr'>sancti</span> <span class='ocrx_word' id='word_1_265' title='bbox 1711 4715 1884 4801; x_wconf 88' lang='lat' dir='ltr'>massimi,</span> <span class='ocrx_word' id='word_1_266' title='bbox 1909 4713 2003 4801; x_wconf 90' lang='lat' dir='ltr'>quod</span> <span class='ocrx_word' id='word_1_267' title='bbox 2025 4731 2091 4802; x_wconf 89' lang='lat' dir='ltr'>ego</span> <span class='ocrx_word' id='word_1_268' title='bbox 2114 4718 2217 4782; x_wconf 88' lang='lat' dir='ltr'>teneo</span> <span class='ocrx_word' id='word_1_269' title='bbox 2241 4731 2315 4782; x_wconf 88' lang='lat' dir='ltr'>una</span> <span class='ocrx_word' id='word_1_270' title='bbox 2340 4732 2400 4801; x_wconf 90' lang='lat' dir='ltr'>pe·</span> 
     </span>
     <span class='ocr_line' id='line_1_26' title="bbox 548 4857 2401 4955; baseline 0.003 -25"><span class='ocrx_word' id='word_1_271' title='bbox 548 4864 605 4934; x_wconf 92' lang='lat' dir='ltr'>cia</span> <span class='ocrx_word' id='word_1_272' title='bbox 629 4865 671 4933; x_wconf 89' lang='lat' dir='ltr'>de</span> <span class='ocrx_word' id='word_1_273' title='bbox 694 4871 793 4933; x_wconf 89' lang='lat' dir='ltr'>terra</span> <span class='ocrx_word' id='word_1_274' title='bbox 818 4883 1007 4953; x_wconf 88' lang='lat' dir='ltr'>campense</span> <span class='ocrx_word' id='word_1_275' title='bbox 1030 4869 1232 4954; x_wconf 90' lang='lat' dir='ltr'>pertinente</span> <span class='ocrx_word' id='word_1_276' title='bbox 1249 4867 1406 4954; x_wconf 88' lang='lat' dir='ltr'>predicte</span> <span class='ocrx_word' id='word_1_277' title='bbox 1429 4867 1601 4954; x_wconf 89' lang='lat' dir='ltr'>ecclesie,</span> <span class='ocrx_word' id='word_1_278' title='bbox 1638 4867 1731 4955; x_wconf 91' lang='lat' dir='ltr'>quod</span> <span class='ocrx_word' id='word_1_279' title='bbox 1753 4869 1836 4937; x_wconf 89' lang='lat' dir='ltr'>abet</span> <span class='ocrx_word' id='word_1_280' title='bbox 1859 4868 1897 4935; x_wconf 95' lang='lat' dir='ltr'>in</span> <span class='ocrx_word' id='word_1_281' title='bbox 1921 4867 2041 4935; x_wconf 92' lang='lat' dir='ltr'>eodem</span> <span class='ocrx_word' id='word_1_282' title='bbox 2067 4857 2141 4936; x_wconf 88' lang='lat' dir='ltr'>loco</span> <span class='ocrx_word' id='word_1_283' title='bbox 2165 4868 2339 4954; x_wconf 85' lang='lat' dir='ltr'>nuceria,</span> <span class='ocrx_word' id='word_1_284' title='bbox 2363 4871 2401 4936; x_wconf 92' lang='lat' dir='ltr'>et</span> 
     </span>
     <span class='ocr_line' id='line_1_27' title="bbox 546 5017 2398 5110; baseline 0.004 -26"><span class='ocrx_word' id='word_1_285' title='bbox 546 5023 603 5086; x_wconf 88' lang='lat' dir='ltr'>est</span> <span class='ocrx_word' id='word_1_286' title='bbox 627 5020 688 5085; x_wconf 92' lang='lat' dir='ltr'>ubi</span> <span class='ocrx_word' id='word_1_287' title='bbox 713 5017 844 5086; x_wconf 85' lang='lat' dir='ltr'>dicitur</span> <span class='ocrx_word' id='word_1_288' title='bbox 868 5019 913 5088; x_wconf 88' lang='lat' dir='ltr'>ad</span> <span class='ocrx_word' id='word_1_289' title='bbox 937 5019 1229 5107; x_wconf 90' lang='lat' dir='ltr'>campu-maioni,</span> <span class='ocrx_word' id='word_1_290' title='bbox 1253 5024 1289 5087; x_wconf 91' lang='lat' dir='ltr'>et</span> <span class='ocrx_word' id='word_1_291' title='bbox 1313 5020 1477 5088; x_wconf 85' lang='lat' dir='ltr'>exomni</span> <span class='ocrx_word' id='word_1_292' title='bbox 1502 5027 1603 5107; x_wconf 88' lang='lat' dir='ltr'>parte</span> <span class='ocrx_word' id='word_1_293' title='bbox 1627 5027 1681 5090; x_wconf 90' lang='lat' dir='ltr'>est</span> <span class='ocrx_word' id='word_1_294' title='bbox 1705 5023 1783 5106; x_wconf 88' lang='lat' dir='ltr'>ipsa</span> <span class='ocrx_word' id='word_1_295' title='bbox 1807 5022 1983 5092; x_wconf 88' lang='lat' dir='ltr'>rebusad</span> <span class='ocrx_word' id='word_1_296' title='bbox 2015 5023 2086 5091; x_wconf 87' lang='lat' dir='ltr'>fine</span> <span class='ocrx_word' id='word_1_297' title='bbox 2111 5023 2217 5090; x_wconf 93' lang='lat' dir='ltr'>rebus</span> <span class='ocrx_word' id='word_1_298' title='bbox 2240 5021 2398 5110; x_wconf 90' lang='lat' dir='ltr'>predicte</span> 
     </span>
     <span class='ocr_line' id='line_1_28' title="bbox 546 5171 2402 5264; baseline 0.003 -24"><span class='ocrx_word' id='word_1_299' title='bbox 546 5171 710 5258; x_wconf 90' lang='lat' dir='ltr'>ecclesie,</span> <span class='ocrx_word' id='word_1_300' title='bbox 735 5171 800 5241; x_wconf 92' lang='lat' dir='ltr'>tali</span> <span class='ocrx_word' id='word_1_301' title='bbox 825 5173 987 5262; x_wconf 88' lang='lat' dir='ltr'>hordine,</span> <span class='ocrx_word' id='word_1_302' title='bbox 1011 5179 1052 5244; x_wconf 92' lang='lat' dir='ltr'>ut</span> <span class='ocrx_word' id='word_1_303' title='bbox 1074 5175 1198 5244; x_wconf 91' lang='lat' dir='ltr'>amodo</span> <span class='ocrx_word' id='word_1_304' title='bbox 1221 5179 1257 5243; x_wconf 89' lang='lat' dir='ltr'>et</span> <span class='ocrx_word' id='word_1_305' title='bbox 1281 5195 1391 5263; x_wconf 91' lang='lat' dir='ltr'>usque</span> <span class='ocrx_word' id='word_1_306' title='bbox 1415 5178 1540 5243; x_wconf 90' lang='lat' dir='ltr'>nobem</span> <span class='ocrx_word' id='word_1_307' title='bbox 1563 5177 1650 5245; x_wconf 92' lang='lat' dir='ltr'>anni</span> <span class='ocrx_word' id='word_1_308' title='bbox 1676 5177 1752 5264; x_wconf 90' lang='lat' dir='ltr'>ipsa</span> <span class='ocrx_word' id='word_1_309' title='bbox 1779 5180 1885 5246; x_wconf 89' lang='lat' dir='ltr'>rebus</span> <span class='ocrx_word' id='word_1_310' title='bbox 1912 5180 1986 5263; x_wconf 88' lang='lat' dir='ltr'>ipse</span> <span class='ocrx_word' id='word_1_311' title='bbox 2002 5176 2204 5245; x_wconf 89' lang='lat' dir='ltr'>romoaldus</span> <span class='ocrx_word' id='word_1_312' title='bbox 2220 5181 2343 5246; x_wconf 88' lang='lat' dir='ltr'>tenere</span> <span class='ocrx_word' id='word_1_313' title='bbox 2363 5179 2402 5246; x_wconf 89' lang='lat' dir='ltr'>et</span> 
     </span>
     <span class='ocr_line' id='line_1_29' title="bbox 547 5323 2403 5418; baseline 0.003 -28"><span class='ocrx_word' id='word_1_314' title='bbox 547 5323 732 5394; x_wconf 89' lang='lat' dir='ltr'>dominare</span> <span class='ocrx_word' id='word_1_315' title='bbox 757 5330 792 5393; x_wconf 86' lang='lat' dir='ltr'>et</span> <span class='ocrx_word' id='word_1_316' title='bbox 816 5327 995 5412; x_wconf 89' lang='lat' dir='ltr'>laborare,</span> <span class='ocrx_word' id='word_1_317' title='bbox 1019 5332 1055 5395; x_wconf 90' lang='lat' dir='ltr'>et</span> <span class='ocrx_word' id='word_1_318' title='bbox 1079 5346 1140 5412; x_wconf 89' lang='lat' dir='ltr'>per</span> <span class='ocrx_word' id='word_1_319' title='bbox 1164 5329 1279 5395; x_wconf 92' lang='lat' dir='ltr'>omnis</span> <span class='ocrx_word' id='word_1_320' title='bbox 1303 5346 1437 5397; x_wconf 88' lang='lat' dir='ltr'>annum</span> <span class='ocrx_word' id='word_1_321' title='bbox 1463 5329 1544 5398; x_wconf 89' lang='lat' dir='ltr'>illut</span> <span class='ocrx_word' id='word_1_322' title='bbox 1567 5333 1757 5418; x_wconf 89' lang='lat' dir='ltr'>seminare,</span> <span class='ocrx_word' id='word_1_323' title='bbox 1781 5333 1875 5399; x_wconf 88' lang='lat' dir='ltr'>siout</span> <span class='ocrx_word' id='word_1_324' title='bbox 1898 5329 2097 5415; x_wconf 90' lang='lat' dir='ltr'>meruerit,</span> <span class='ocrx_word' id='word_1_325' title='bbox 2135 5333 2171 5397; x_wconf 93' lang='lat' dir='ltr'>et</span> <span class='ocrx_word' id='word_1_326' title='bbox 2197 5330 2403 5416; x_wconf 85' lang='lat' dir='ltr'>peremnis</span> 
     </span>
     <span class='ocr_line' id='line_1_30' title="bbox 551 5479 2400 5570; baseline 0.002 -23"><span class='ocrx_word' id='word_1_327' title='bbox 551 5497 686 5548; x_wconf 89' lang='lat' dir='ltr'>annum</span> <span class='ocrx_word' id='word_1_328' title='bbox 713 5479 780 5566; x_wconf 91' lang='lat' dir='ltr'>ipsi</span> <span class='ocrx_word' id='word_1_329' title='bbox 807 5481 920 5548; x_wconf 87' lang='lat' dir='ltr'>labori</span> <span class='ocrx_word' id='word_1_330' title='bbox 944 5479 1026 5548; x_wconf 92' lang='lat' dir='ltr'>illut</span> <span class='ocrx_word' id='word_1_331' title='bbox 1049 5479 1132 5548; x_wconf 89' lang='lat' dir='ltr'>inde</span> <span class='ocrx_word' id='word_1_332' title='bbox 1154 5480 1374 5569; x_wconf 84' lang='lat' dir='ltr'>recolligere,</span> <span class='ocrx_word' id='word_1_333' title='bbox 1399 5487 1434 5551; x_wconf 92' lang='lat' dir='ltr'>et</span> <span class='ocrx_word' id='word_1_334' title='bbox 1455 5483 1590 5552; x_wconf 87' lang='lat' dir='ltr'>iaciant</span> <span class='ocrx_word' id='word_1_335' title='bbox 1613 5501 1676 5570; x_wconf 88' lang='lat' dir='ltr'>per</span> <span class='ocrx_word' id='word_1_336' title='bbox 1699 5485 1813 5552; x_wconf 90' lang='lat' dir='ltr'>omnis</span> <span class='ocrx_word' id='word_1_337' title='bbox 1845 5501 1982 5554; x_wconf 85' lang='lat' dir='ltr'>annum</span> <span class='ocrx_word' id='word_1_338' title='bbox 2018 5484 2111 5552; x_wconf 90' lang='lat' dir='ltr'>scire</span> <span class='ocrx_word' id='word_1_339' title='bbox 2136 5501 2192 5551; x_wconf 88' lang='lat' dir='ltr'>me</span> <span class='ocrx_word' id='word_1_340' title='bbox 2226 5481 2279 5550; x_wconf 86' lang='lat' dir='ltr'>vel</span> <span class='ocrx_word' id='word_1_341' title='bbox 2315 5499 2400 5568; x_wconf 86' lang='lat' dir='ltr'>pars</span> 
     </span>
     <span class='ocr_line' id='line_1_31' title="bbox 546 5632 2401 5722; baseline 0.003 -24"><span class='ocrx_word' id='word_1_342' title='bbox 546 5632 706 5719; x_wconf 90' lang='lat' dir='ltr'>predicte</span> <span class='ocrx_word' id='word_1_343' title='bbox 731 5632 890 5719; x_wconf 88' lang='lat' dir='ltr'>ecclesie,</span> <span class='ocrx_word' id='word_1_344' title='bbox 915 5635 956 5700; x_wconf 90' lang='lat' dir='ltr'>ut</span> <span class='ocrx_word' id='word_1_345' title='bbox 980 5632 1028 5700; x_wconf 92' lang='lat' dir='ltr'>ibi</span> <span class='ocrx_word' id='word_1_346' title='bbox 1052 5632 1254 5722; x_wconf 88' lang='lat' dir='ltr'>dirigamus</span> <span class='ocrx_word' id='word_1_347' title='bbox 1278 5636 1426 5704; x_wconf 89' lang='lat' dir='ltr'>missum</span> <span class='ocrx_word' id='word_1_348' title='bbox 1448 5640 1623 5722; x_wconf 88' lang='lat' dir='ltr'>nostrum,</span> <span class='ocrx_word' id='word_1_349' title='bbox 1647 5633 1761 5704; x_wconf 80' lang='lat' dir='ltr'>atilli</span> <span class='ocrx_word' id='word_1_350' title='bbox 1786 5635 1854 5722; x_wconf 89' lang='lat' dir='ltr'>ipsi</span> <span class='ocrx_word' id='word_1_351' title='bbox 1880 5637 1994 5704; x_wconf 91' lang='lat' dir='ltr'>labori</span> <span class='ocrx_word' id='word_1_352' title='bbox 2018 5637 2186 5706; x_wconf 90' lang='lat' dir='ltr'>tritulent</span> <span class='ocrx_word' id='word_1_353' title='bbox 2216 5639 2252 5704; x_wconf 87' lang='lat' dir='ltr'>et</span> <span class='ocrx_word' id='word_1_354' title='bbox 2288 5635 2401 5704; x_wconf 87' lang='lat' dir='ltr'>deant</span> 
     </span>
    </p>
   </div>
   <div class='ocr_carea' id='block_1_10' title="bbox 545 5785 2401 5875">
    <p class='ocr_par' dir='ltr' id='par_1_10' title="bbox 545 5785 2401 5875">
     <span class='ocr_line' id='line_1_32' title="bbox 545 5785 2401 5875; baseline 0.002 -23"><span class='ocrx_word' id='word_1_355' title='bbox 545 5785 627 5854; x_wconf 90' lang='lat' dir='ltr'>inde</span> <span class='ocrx_word' id='word_1_356' title='bbox 651 5789 862 5855; x_wconf 88' lang='lat' dir='ltr'>terraticum</span> <span class='ocrx_word' id='word_1_357' title='bbox 887 5788 933 5857; x_wconf 89' lang='lat' dir='ltr'>ad</span> <span class='ocrx_word' id='word_1_358' title='bbox 956 5790 1071 5875; x_wconf 92' lang='lat' dir='ltr'>ipsum</span> <span class='ocrx_word' id='word_1_359' title='bbox 1094 5789 1242 5856; x_wconf 92' lang='lat' dir='ltr'>missum</span> <span class='ocrx_word' id='word_1_360' title='bbox 1265 5791 1439 5874; x_wconf 88' lang='lat' dir='ltr'>nostrum,</span> <span class='ocrx_word' id='word_1_361' title='bbox 1465 5788 1636 5875; x_wconf 90' lang='lat' dir='ltr'>quomodo</span> <span class='ocrx_word' id='word_1_362' title='bbox 1660 5793 1696 5856; x_wconf 88' lang='lat' dir='ltr'>et</span> <span class='ocrx_word' id='word_1_363' title='bbox 1719 5789 1820 5859; x_wconf 91' lang='lat' dir='ltr'>modo</span> <span class='ocrx_word' id='word_1_364' title='bbox 1844 5787 1932 5858; x_wconf 91' lang='lat' dir='ltr'>dant</span> <span class='ocrx_word' id='word_1_365' title='bbox 1956 5787 2166 5858; x_wconf 89' lang='lat' dir='ltr'>terraticum</span> <span class='ocrx_word' id='word_1_366' title='bbox 2188 5787 2232 5855; x_wconf 89' lang='lat' dir='ltr'>de</span> <span class='ocrx_word' id='word_1_367' title='bbox 2247 5785 2324 5856; x_wconf 88' lang='lat' dir='ltr'>alia</span> <span class='ocrx_word' id='word_1_368' title='bbox 2339 5803 2401 5855; x_wconf 91' lang='lat' dir='ltr'>re·</span> 
     </span>
    </p>
   </div>
   <div class='ocr_carea' id='block_1_11' title="bbox 0 0 2732 7095">
    <p class='ocr_par' dir='ltr' id='par_1_11' title="bbox 0 0 2732 7095">
     <span class='ocr_line' id='line_1_33' title="bbox 0 0 2732 7095; baseline 0 0"><span class='ocrx_word' id='word_1_369' title='bbox 0 0 2732 7095; x_wconf 95' lang='lat' dir='ltr'> </span> 
     </span>
    </p>
   </div>
  </div>
 </body>
</html>
