5456 7096
1003 563 1460 639 DlPLOlllATlGUS
2062 564 2108 639 97

309 793 413 880 didit,
437 792 503 862 tali
527 793 664 879 «rdine,
690 797 730 861 ut
752 792 875 863 amodo
898 795 933 862 et
956 811 1092 880 semper
1115 796 1388 881 omnitempore
1412 792 1457 860 ad
1481 810 1583 862 suam
1609 797 1644 861 et
1668 792 1710 860 de
1735 793 1810 859 suis
1844 792 2021 879 eredibus,
2051 796 2155 861 natos

309 949 585 1032 nascentem,sit
600 948 811 1032 potestatem
829 966 888 1015 eos
904 947 1095 1014 tenendum
1113 953 1147 1015 et
1163 945 1430 1032 dominandum,
1446 949 1480 1014 et
1496 947 1595 1013 fovee
1612 954 1646 1014 et
1662 945 1777 1012 omnis
1793 964 1855 1012 sue
1872 944 2041 1013 utilitatis
2060 945 2157 1013 insta

311 1099 485 1168 rationem
513 1101 644 1168 ibidem
669 1101 815 1188 saciant,
840 1102 933 1168 sicut
955 1101 1137 1184 meruerit,
1160 1105 1207 1184 et,
1234 1097 1294 1166 ubi
1318 1099 1502 1184 meruerit,
1521 1098 1615 1166 infra
1637 1101 1712 1184 ipso
1736 1101 1922 1166 arbustum
1948 1100 2155 1179 arboreset
2220 1131 2232 1144 »

309 1255 400 1320 vites
423 1252 589 1338 plantare
613 1259 648 1323 et
673 1254 925 1341 propaginare,
950 1259 985 1320 et
1010 1252 1075 1338 ipsi
1102 1254 1246 1320 arbores
1270 1256 1305 1319 et
1330 1254 1421 1318 vites
1444 1251 1630 1337 scalciaco,
1656 1251 1715 1318 ille
1739 1243 1859 1319 autem
1883 1257 1920 1317 et
1936 1268 2017 1317 suos
2034 1249 2155 1319 eredes

301 1405 388 1473 illut
411 1405 539 1472 ibidem
564 1410 796 1491 pastenarent
819 1411 855 1474 et
878 1406 1188 1491 propaginareut,
1214 1407 1249 1472 et
1273 1403 1340 1488 ipsi
1365 1403 1510 1470 arbores
1533 1407 1568 1469 et
1604 1403 1690 1468 vites
1725 1401 1939 1469 scalciarent
1974 1405 2009 1468 et
2045 1400 2157 1469 adim-

308 1558 455 1644 plirent,
480 1560 517 1624 et
541 1557 593 1624 sic
616 1563 727 1624 toturn
752 1557 832 1626 illut
855 1576 914 1626 eos
937 1557 1141 1625 lacerarent
1163 1561 1198 1623 et
1221 1553 1401 1622 cultarent
1424 1553 1466 1621 de
1490 1572 1597 1639 super
1622 1553 1727 1620 etde
1753 1555 1904 1638 subter,
1937 1553 2029 1620 sicut
2063 1551 2158 1619 loeus

308 1711 383 1794 ipse
405 1711 593 1796 meruerit,
618 1714 794 1796 quatenus
818 1709 1006 1796 proficiant
1029 1714 1064 1776 et
1089 1727 1159 1774 non
1183 1706 1400 1793 dispereant,
1426 1712 1462 1776 ut
1487 1727 1707 1794 perannum
1733 1709 1870 1774 bonum
1906 1713 2032 1794 pareat
2061 1709 2157 1775 lavo·

218 1900 233 1923 .
313 1867 432 1929 ratum
458 1867 493 1929 et
516 1860 690 1928 collatum
713 1867 749 1929 et
773 1864 922 1946 surium,
947 1865 982 1928 et
1007 1858 1143 1928 salbum
1170 1859 1249 1928 illut
1272 1862 1418 1928 faciant
1441 1865 1476 1928 et
1498 1863 1640 1948 abeant,
1664 1865 1700 1928 et
1723 1879 1784 1946 per
1802 1864 1959 1946 ternpore
1976 1861 2018 1926 de
2037 1859 2157 1928 vinde·

310 2013 380 2080 mie
405 2013 541 2081 saciant
566 2011 640 2098 ipse
665 1975 784 2098 lando,
810 2010 864 2080 νε]
890 2011 967 2078 eius
989 2012 1122 2098 credeS,
1147 2031 1202 2078 me
1226 2012 1395 2080 iamdicto
1419 2014 1472 2080 leo
1495 2015 1658 2101 diacone,
1688 2014 1743 2079 νε]
1761 2032 1844 2098 pars
1862 2013 1974 2098 ipsius
1991 2013 2155 2098 ecclesie,

304 2165 407 2250 scire,
433 2169 472 2232 ut
495 2165 582 2232 illuc
605 2183 797 2252 pergamus
822 2169 886 2232 aut
910 2165 1111 2249 dirigamus
1136 2165 1266 2231 ibidem
1292 2164 1438 2233 missurn
1464 2172 1634 2252 nostrum,
1660 2173 1697 2233 et
1721 2165 1781 2233 ille
1807 2170 1842 2234 ε’]
1858 2183 1939 2233 suos
1955 2167 2075 2234 eredes
2101 2171 2151 2234 to-

304 2321 380 2384 tum
405 2317 480 2403 ipso
505 2319 689 2385 arbustum
714 2322 796 2405 apto
820 2323 975 2403 tempore
999 2318 1261 2388 rationaviliter
1286 2317 1367 2384 illut
1391 2318 1675 2396 bindemiarent,
1693 2325 1728 2387 et
1743 2325 1857 2388 totum
1876 2321 2090 2405 ipsovinum
2108 2320 2153 2388 ad

308 2468 529 2556 pulmentum
554 2488 616 2554 per
640 2469 795 2536 medium
815 2469 896 2537 illut
913 2471 1006 2538 inter
1023 2489 1086 2538 nos
1103 2471 1313 2540 dividamus:
1334 2490 1399 2558 ego
1415 2472 1595 2557 predictus
1612 2471 1665 2539 leo
1681 2474 1853 2541 diaconus
1869 2474 1922 2539 νε]
1940 2491 2022 2559 pars
2039 2473 2153 2558 ipsius

307 2623 455 2692 ecclesie
481 2623 644 2692 tollamus
668 2625 744 2708 ipso
767 2621 889 2690 vinum
913 2622 1154 2709 medietatem,
1178 2623 1221 2689 ed
1247 2625 1321 2708 ipse
1345 2623 1450 2692 lando
1472 2625 1526 2691 νε]
1550 2641 1630 2690 suos
1653 2624 1775 2691 eredes
1798 2622 1899 2690 tollat
1925 2623 2065 2707 reliqua
2083 2640 2151 2689 me·

307 2778 442 2846 dietate
467 2777 509 2844 de
535 2775 610 2863 ipso
634 2780 769 2862 vin-um,
795 2767 996 2846 laciendum
1022 2776 1104 2843 inde
1128 2767 1335 2862 per'partes
1358 2777 1451 2862 quod
1476 2753 1707 2860 voluerimus3
1732 2781 1767 2844 et
1791 2779 1821 2842 si
1846 2776 2066 2844 noluerimus
2089 2793 2156 2842 nos

263 2937 265 2942 “
306 2933 362 2999 νε]
387 2948 472 3016 pars
495 2928 607 3016 ipsius
641 2928 787 2996 ecclesie
822 2945 991 3013 reponere
1014 2929 1090 3012 ipsa
1113 2931 1235 2996 nostra
1268 2930 1459 2995 sortionem
1484 2928 1526 2994 de
1552 2928 1628 3014 ipso
1652 2929 1774 2994 vinum
1808 2928 1852 2994 ad
1877 2927 2061 2994 cellarium
2087 2945 2152 2996 no-

299 3089 427 3168 strum,
452 3081 543 3168 quod
572 3098 656 3166 pars
681 3082 794 3166 ipsius
819 3081 968 3148 ecclesie
992 3083 1073 3148 abet
1098 3083 1134 3147 in
1160 3081 1235 3166 ipso
1259 3081 1384 3168 locum,
1409 3081 1664 3166 adsingnemus
1685 3083 1718 3148 ei
1752 3081 1881 3148 ibidem
1919 3099 2001 3166 pars
2036 3080 2152 3165 ipsius¹

301 3235 448 3302 ecclesie
473 3251 667 3320 organeum
692 3251 821 3300 vonum
845 3234 891 3302 da
915 3236 1038 3301 viuum
1062 3251 1125 3320 per
1150 3232 1249 3300 illum
1272 3235 1345 3300 siat
1368 3234 1497 3298 bonum
1522 3233 1725 3302 conciatum
1747 3239 1783 3301 et
1813 3233 2021 3317 studiaturn,
2055 3231 2148 3299 sicut

300 3387 483 3472 meruerit,
507 3391 542 3454 et
566 3389 691 3454 mittat
715 3385 793 3470 ipsa
818 3391 940 3456 nostra
963 3367 1154 3454 sortionem
1178 3385 1220 3451 de
1246 3387 1320 3470 ipso
1345 3387 1468 3451 uinum
1493 3385 1589 3452 intus
1613 3387 1688 3470 ipso
1705 3403 1914 3471 organeum3
1929 3389 1965 3451 et
1982 3387 2010 3450 si
2031 3385 2151 3450 uolue-

230 3589 237 3605 .
300 3539 414 3606 rimus
438 3557 502 3607 nos
526 3540 580 3606 νε]
603 3557 686 3625 pars
711 3541 823 3626 ipsius
847 3536 993 3607 ecclesie
1016 3558 1186 3626 reponere
1209 3539 1287 3625 ipsa
1311 3543 1434 3606 nostra
1457 3537 1643 3606 medietate
1660 3536 1702 3603 de
1720 3536 1795 3622 ipso
1812 3536 1933 3603 vinum
1951 3538 1995 3604 ad
2020 3537 2145 3604 domus

304 3691 418 3778 ipsius
443 3689 603 3776 landoni,
628 3690 883 3777 adsingnemus
907 3711 970 3758 nos
993 3691 1024 3760 ei
1048 3675 1244 3778 organeum
1268 3694 1426 3756 nostrum
1451 3707 1576 3753 vonum
1601 3689 1648 3755 da
1672 3689 1808 3772 vinum,
1830 3690 1903 3774 ipso
1920 3691 2145 3774 horganeum

299 3859 363 3928 per
386 3841 488 3909 illum
511 3844 710 3911 conciatum
738 3849 773 3911 et
797 3844 991 3913 studiatum
1016 3845 1096 3929 siat,
1120 3846 1157 3909 et
1168 3845 1343 3927 reponant
1360 3841 1459 3908 illum
1478 3842 1575 3908 intus
1592 3857 1676 3908 oasa
1692 3858 1771 3926 sua,
1789 3843 1824 3906 et
1839 3837 1969 3906 ibidem
1995 3838 2146 3906 mittant

298 3994 374 4080 ipso
398 3996 522 4062 vinum
547 3995 644 4064 intus
668 3996 744 4082 ipso
766 4013 976 4083 organeum‚
1000 4001 1037 4064 et
1059 3995 1195 4064 saciant
1218 3994 1277 4062 ille
1300 3998 1337 4061 et
1361 4011 1440 4061 suos
1463 3993 1584 4061 eredes
1607 3993 1694 4059 mihi
1721 3990 1774 4058 νε]
1799 3991 1844 4060 ad
1861 4009 1943 4076 pars
1961 3989 2074 4076 ipsius
2091 4008 2147 4058 ec-

295 4146 403 4216 clesie
428 4147 636 4218 annualiter
660 4147 735 4235 ipso
758 4149 879 4216 vinum
904 4149 1055 4237 salbum,
1078 4149 1188 4218 donec
1212 4147 1292 4214 illut
1316 4147 1399 4240 inde
1419 4115 1619 4233 tulerimus,
1646 4148 1779 4231 absque
1803 4144 2082 4232 degeneratione
2110 4148 2146 4213 et

298 4298 421 4387 ingue3
447 4309 493 4386 ct,
519 4301 579 4369 ubi
604 4318 667 4368 nos
691 4300 743 4368 νε]
767 4319 851 4386 pars
876 4301 987 4386 ipsius
1011 4299 1158 4367 ecclesie
1181 4301 1369 4368 tulerimus
1394 4299 1469 4385 ipso
1492 4301 1613 4365 vinum
1637 4299 1680 4366 de
1704 4297 1783 4383 ipsa
1810 4307 1983 4384 organea',
2017 4319 2038 4366 a
2065 4316 2147 4383 pre-

296 4454 408 4521 sentis
431 4453 504 4540 ipse
530 4452 633 4521 lando
657 4459 693 4521 et
716 4471 800 4521 suos
824 4452 945 4520 eredes
968 4470 1128 4538 organea
1144 4453 1223 4538 ipsa
1241 4455 1333 4521 bena
1351 4452 1513 4520 lavarent
1531 4456 1567 4520 et
1584 4456 1830 4537 procurarent,
1848 4453 1939 4519 sicut
1954 4453 2138 4537 meruerit,

294 4609 331 4672 et
355 4605 430 4691 ipso
454 4605 615 4692 missum,
639 4605 732 4691 quod
755 4624 839 4691 pars
864 4606 975 4693 ipsius
998 4605 1142 4672 ecclesie
1167 4603 1357 4691 direxerit,
1382 4604 1455 4672 sive
1479 4623 1545 4692 ego
1569 4606 1614 4672 ad
1639 4605 1717 4690 ipsa
1742 4591 1922 4672 vindemia
1946 4605 2045 4672 etad
2063 4604 2139 4690 ipse

291 4775 375 4825 aree
398 4777 462 4844 pro
486 4758 729 4845 recipiendum
754 4759 834 4845 ipsa
858 4763 980 4827 nostra
1003 4759 1193 4826 sortionem
1216 4759 1259 4826 de
1283 4760 1357 4844 ipso
1380 4759 1503 4824 vinum
1527 4761 1562 4825 et
1585 4759 1660 4842 ipso
1675 4759 1897 4842 terraticum,
1917 4757 1979 4823 ille
1998 4761 2033 4824 et
2058 4774 2141 4824 suos

299 4910 422 4977 eredes
445 4928 509 4976 nos
532 4911 667 4978 notrire
691 4912 882 4980 secundum
907 4929 1007 4980 suam
1024 4911 1292 4997 possivilitatem
1309 4916 1344 4979 et
1359 4911 1467 4979 deant
1483 4911 1584 4977 nobis
1602 4910 1870 4996 palmeutatica,
1889 4909 1980 4978 sicut
1999 4929 2139 4980 merue-

289 5064 356 5148 rit3
389 5069 424 5131 et
448 5065 490 5131 de
513 5063 605 5149 quod
631 5063 761 5131 ibidem
790 5065 1023 5132 seminaverit
1047 5064 1083 5129 in
1109 5065 1186 5150 ipsa
1210 5064 1421 5132 tradictione
1445 5064 1567 5132 amodo
1590 5071 1625 5130 et
1648 5081 1799 5148 semper,
1815 5063 1922 5130 deant
1938 5063 2021 5130 inde
2038 5063 2140 5130 nobis

293 5218 349 5284 νε]
375 5217 418 5286 ad
444 5237 528 5304 pars
553 5219 665 5304 ipsius
690 5217 839 5286 ecclesie
861 5221 1069 5288 terraticum
1095 5217 1285 5285 secundum
1311 5217 1601 5284 consuetudinem
1626 5217 1669 5283 de
1694 5216 1769 5301 ipso
1792 5216 1931 5300 locum;
1964 5221 2001 5284 et
2032 5214 2139 5302 quale

294 5374 454 5456 ternpore
480 5371 556 5455 ipse
581 5369 687 5437 lando
710 5373 745 5438 et
767 5387 848 5438 suos
870 5370 992 5439 eredes
1016 5373 1092 5456 ipsa
1118 5369 1284 5437 tradictio
1307 5369 1345 5433 in
1362 5369 1603 5454 suprascripto
1619 5369 1768 5436 hordine
1786 5376 1906 5436 tenere
1921 5373 1956 5436 et
1974 5369 2138 5437 lavorare
2173 5443 2178 5454 ¹

293 5517 365 5586 uon
392 5521 587 5608 voluerint,
612 5527 767 5590 autnon
790 5522 985 5609 potuerint,
1009 5523 1133 5590 inclita
1157 5523 1234 5606 ipsa
1256 5522 1423 5590 tradictio
1448 5521 1666 5596 lavorataet
1688 5517 1822 5589 cultata
1851 5523 1945 5588 bona
1969 5526 2004 5588 et
2035 5521 2138 5590 salba

292 5688 373 5737 cnm
399 5669 477 5756 ipsa
500 5685 660 5758 organea
683 5675 869 5742 remittant
885 5674 929 5742 ad
947 5678 1119 5760 potestate
1142 5673 1293 5758 meaque
1317 5674 1410 5742 leoni
1428 5674 1589 5760 diacono,
1609 5675 1661 5742 νε]
1679 5675 1724 5743 ad
1738 5695 1819 5761 pars
1837 5677 1950 5762 ipsius
1967 5678 2134 5764 ecclesie,

290 5824 499 5891 faciendum
524 5825 606 5892 iude
630 5826 721 5911 quod
745 5825 933 5914 voluerint,
956 5832 992 5894 et
1017 5827 1149 5895 liceant
1171 5827 1245 5912 ipse
1269 5827 1374 5894 lando
1400 5828 1451 5896 νε]
1477 5827 1554 5894 eius
1569 5828 1690 5896 eredes
1709 5828 1788 5895 inde
1802 5830 1902 5898 exire
1916 5851 1998 5898 cum
2010 5833 2126 5898 omnis

364 6008 434 6068 Ten.
456 6024 495 6068 νι.
1539 5999 1542 6006 ’
1946 6014 1980 6072 13
