5456 7096
1017 545 1497 654 ntntouurrcus
2055 547 2119 620 15u

324 774 500 858 quantum
524 768 657 836 bictum
680 773 717 839 et
741 767 899 840 laborem
924 769 1005 838 inde
1029 769 1151 839 tollere
1175 773 1376 858 potueritis,
1402 775 1515 839 totum
1540 771 1641 838 nobis
1659 773 1733 838 sint
1756 771 1943 857 potestatis
1965 771 2166 840 faciendum

318 943 387 1013 que
411 925 609 995 bolueritis.
635 928 740 994 tantu
764 923 807 993 de
830 925 898 992 isto
921 926 1059 992 hunum
1075 921 1247 990 molinum
1264 923 1356 1008 quod
1373 922 1543 1010 feceritis,
1558 922 1651 990 detis
1665 920 1767 1007 mihi,
1786 921 1840 989 vel
1857 921 1896 988 in
1908 939 1992 1007 pars
2006 921 2168 1008 predicte

317 1079 466 1148 ecclesie
489 1051 676 1148 demenso
701 1079 914 1165 september,
937 1093 978 1144 oc
1002 1094 1137 1145 annum
1161 1077 1263 1162 prius
1279 1077 1458 1163 beniente,
1475 1077 1507 1144 ic
1524 1075 1569 1144 ad
1586 1075 1690 1144 litore
1707 1075 1817 1144 maris
1833 1076 1912 1143 sine
1928 1079 2089 1144 nostrum
2106 1093 2169 1143 ex·

320 1230 506 1318 pendium,
530 1231 649 1300 decem
674 1229 826 1300 modiola
848 1231 892 1298 de
914 1247 1070 1318 granum
1092 1231 1222 1296 bonum
1246 1235 1283 1297 et
1305 1227 1379 1298 alia
1402 1229 1521 1298 decem
1544 1228 1696 1298 modiola
1711 1228 1754 1296 de
1770 1229 1913 1296 ordeum
1930 1227 2171 1296 similiterbo·

320 1401 409 1451 num
434 1384 478 1452 ad
503 1382 691 1463 modiolum
717 1357 948 1469 plateaticum
972 1382 1091 1450 culma
1114 1345 1345 1468 mensurata3
1380 1387 1418 1450 et
1451 1384 1481 1450 si
1512 1401 1573 1451 vos
1599 1383 1652 1451 vel
1676 1383 1801 1450 vestris
1826 1382 1992 1450 eredibus
2015 1383 2170 1468 potueri·

322 1538 371 1605 tis
396 1537 515 1604 lacere
539 1535 670 1604 ibidem
694 1537 797 1605 modo
820 1535 896 1622 ipso
918 1533 1029 1604 alium
1051 1534 1237 1619 molinum,
1262 1540 1301 1603 ut
1317 1534 1419 1602 illum
1434 1536 1606 1604 abueritis
1621 1534 1753 1604 factum
1771 1537 1810 1602 in
1827 1536 1902 1621 ipso
1918 1537 2168 1625 constitutum,

322 1689 413 1758 sicut
435 1707 545 1776 supra
568 1689 741 1778 diximus,
765 1706 827 1775 per
851 1691 965 1758 totum
988 1687 1063 1773 ipso
1086 1703 1206 1754 meuse
1230 1686 1367 1770 magius
1391 1687 1490 1772 prius
1514 1688 1694 1772 beniente,
1719 1691 1784 1756 aut
1801 1705 1864 1774 per
1881 1691 1993 1754 totum
2011 1704 2167 1756 mensem

325 1845 447 1912 iunius
469 1841 639 1911 similiter
662 1843 762 1932 prius
785 1843 963 1930 beniente,
988 1844 1076 1910 dare
1097 1843 1186 1909 mihi
1213 1841 1266 1908 vel
1291 1840 1330 1906 in
1355 1859 1437 1926 pars
1461 1841 1629 1912 iamdicta
1650 1841 1796 1910 ecclesie
1820 1839 2025 1928 supradicto
2050 1856 2172 1928 mense

321 1999 523 2085 september
547 2016 588 2066 oo
611 2013 748 2066 annum
771 1996 953 2083 beniente,
978 1997 1011 2064 ic
1034 1997 1080 2064 ad
1105 1996 1209 2064 litore
1232 1999 1342 2066 maris
1366 2001 1449 2064 ante
1473 1997 1551 2081 ipsa
1574 1994 1737 2082 ecclesia,
1761 1995 2003 2094 quadraginta
2021 1996 2172 2065 modiola

324 2150 368 2219 de
390 2152 528 2218 bunum
551 2147 684 2236 biginti
707 2149 751 2217 de
774 2167 929 2248 granum
952 2151 989 2215 et
1012 2148 1086 2218 alia
1108 2149 1240 2235 biginti
1264 2149 1308 2216 de
1330 2149 1489 2235 ordeum,
1507 2127 1628 2216 totum
1652 2149 1728 2236 ipso
1752 2150 1887 2217 bictum
1904 2152 2035 2218 bonum
2052 2149 2096 2219 ad
2113 2166 2170 2216 su·

322 2303 525 2392 pradictum
548 2301 703 2370 modium
726 2301 973 2388 plateaticum3
997 2305 1033 2370 et
1057 2303 1089 2367 si
1112 2317 1185 2368 non
1208 2299 1396 2385 potueritis
1419 2300 1536 2367 facere
1559 2301 1663 2368 amba
1681 2302 1758 2386 ipsa
1775 2299 1907 2368 molina
1922 2299 1965 2367 de
1982 2302 2060 2367 istis
2073 2318 2170 2368 men-

323 2456 423 2523 sibus
446 2473 515 2543 que
539 2474 650 2542 supra
674 2453 833 2542 legitur,
869 2472 941 2521 non
974 2454 1079 2524 siatis
1115 2455 1197 2522 inde
1219 2453 1438 2539 culpaviles,
1464 2455 1517 2520 set
1540 2452 1682 2520 faciatis
1704 2471 1766 2519 vos
1788 2458 1825 2521 et
1856 2453 1984 2522 vestris
2007 2451 2173 2521 eredibus

329 2627 441 2678 unum
465 2609 509 2678 de
532 2612 610 2697 ipsa
633 2611 781 2696 molina,
806 2614 842 2678 et
864 2609 958 2678 detis
983 2609 1071 2676 r'nihi
1094 2607 1149 2676 vel
1172 2607 1219 2676 ad
1242 2625 1325 2692 pars
1350 2605 1460 2692 ipsius
1482 2603 1628 2671 ecclesie
1655 2607 1731 2690 ipso
1767 2623 1911 2674 censum
1947 2609 2015 2694 ipsi
2040 2609 2175 2695 biginti

329 2764 482 2834 modiola
505 2764 548 2832 de
570 2764 707 2831 bictum
730 2762 776 2830 ad
800 2761 902 2829 litore
926 2763 1049 2848 maris,
1073 2763 1167 2830 siout
1190 2761 1469 2848 supradiximus,
1496 2765 1533 2829 et
1555 2760 1601 2828 da
1624 2779 1693 2846 quo
1716 2760 1794 2845 ipsa
1817 2763 1949 2830 hamba
1972 2761 2107 2830 molina
2122 2762 2177 2831 fa·

332 2923 428 2985 ctam
453 2913 642 3000 abueritis,
665 2915 728 2980 bos
751 2920 788 2981 et
812 2912 941 2980 vestris
963 2912 1127 2980 eredibus
1151 2930 1261 2999 usque
1283 2911 1468 2981 duodecim
1491 2913 1579 2980 anni
1595 2909 1759 2998 completi
1779 2911 1878 2979 illam
1895 2915 2049 2982 teneatis
2066 2917 2101 2982 et
2118 2911 2177 2980 do·

332 3065 491 3153 minatis,
516 3071 552 3134 et
573 3065 665 3132 detis
688 3064 777 3132 mihi
801 3063 855 3132 vel
878 3064 923 3132 ad
947 3081 1031 3151 pars
1054 3063 1219 3132 iamdicta
1242 3061 1389 3131 ecclesie
1412 3081 1475 3149 per
1498 3065 1611 3130 omnis
1635 3081 1784 3151 annum,
1811 3065 1842 3130 ic
1867 3065 1905 3131 in
1931 3063 2074 3133 salerno
2091 3068 2176 3134 ante

331 3220 409 3306 ipsa
432 3217 583 3286 ecclesia
607 3217 653 3284 ad
677 3215 780 3286 litore
804 3217 914 3285 maris
937 3216 980 3286 de
1004 3219 1080 3302 ipso
1103 3218 1344 3303 suprascripto
1368 3235 1488 3285 mense
1505 3218 1718 3303 september,
1737 3216 1947 3305 octuaginta
1964 3217 2117 3286 modiola
2134 3217 2179 3285 de

325 3385 482 3456 granum
506 3369 635 3436 bonum
660 3367 705 3436 ad
729 3367 885 3436 modium
909 3367 952 3436 de
974 3369 1050 3455 ipso
1073 3369 1187 3435 locum
1211 3367 1254 3436 de
1277 3371 1356 3456 ipsa
1379 3369 1512 3440 molina
1545 3373 1714 3456 capiente*
1745 3387 1807 3456 per
1832 3370 2077 3457 unusquisque
2105 3388 2180 3439 mo·

326 3521 463 3590 dicium
488 3522 666 3609 quadtuor
691 3528 821 3610 quarta
844 3521 888 3590 do
911 3539 1028 3609 granu
1052 3522 1098 3590 ad
1121 3523 1333 3610 quartario,
1357 3541 1426 3609 que
1449 3543 1512 3610 per
1535 3525 1611 3609 ipso
1635 3522 1748 3592 locum
1772 3529 1911 3612 pastum
1934 3523 1980 3592 ad
2004 3525 2082 3611 ipsa
2105 3541 2180 3592 mo·

332 3674 410 3744 lina
432 3676 633 3746 andaberit.
661 3677 708 3742 Et
730 3693 797 3762 ego
819 3675 999 3762 predictus
1022 3674 1133 3742 abbas
1155 3675 1256 3741 stetit
1279 3674 1365 3742 dare
1389 3675 1490 3743 modo
1521 3676 1568 3746 ad
1603 3677 1671 3764 ipsi
1695 3677 1868 3746 iohannes
1901 3676 2023 3747 clerici
2062 3683 2099 3747 et
2132 3679 2179 3748 ad

334 3830 450 3916 ipsum
475 3829 586 3900 alium
614 3832 788 3899 iohannes
811 3849 874 3916 per
898 3829 1114 3898 adiutorium
1138 3828 1181 3896 de
1204 3830 1282 3915 ipsa
1304 3829 1437 3902 molina
1459 3833 1579 3903 decem
1603 3834 1684 3903 auri
1708 3835 1781 3904 tari
1804 3835 1914 3922 boni3
1938 3834 1984 3904 ad
2010 3835 2077 3922 ipsi
2096 3834 2180 3905 duo-

330 3983 447 4052 decim
471 3984 558 4054 anni
581 3985 744 4072 completi
771 3986 877 4054 amba
900 3987 978 4071 ipsa
1002 3984 1134 4053 molina
1158 3985 1332 4063 conciata,
1358 3987 1399 4052 ut
1422 3984 1547 4054 diebus
1570 4005 1613 4055 ac
1636 3986 1800 4056 noctibus
1815 3987 1969 4076 pleniter
1986 4006 2174 4059 macenare

335 4145 493 4227 possent,
517 4159 597 4208 cum
620 4141 697 4227 ipso
721 4141 903 4229 tegurium
926 4143 1128 4209 conciatum
1151 4157 1257 4226 super
1281 4139 1359 4225 ipsa
1381 4135 1513 4209 molina
1536 4141 1750 4226 perbeniant
1771 4141 1817 4211 ad
1835 4146 2010 4226 potestate
2027 4162 2106 4214 mea
2123 4145 2180 4214 vel
2241 4140 2244 4148 '

331 4294 375 4362 de
400 4313 486 4382 pars
509 4295 666 4382 predicte
689 4294 850 4383 ecclesie,
875 4294 1168 4380 faciendumque
1191 4293 1420 4382 boluerimus,
1444 4298 1481 4361 et
1504 4293 1576 4362 illis
1599 4299 1636 4364 et
1659 4298 1738 4364 suis
1756 4297 1923 4366 eredibus
1947 4304 1983 4367 et
1998 4297 2179 4369 ominibus

332 4450 395 4536 qui
419 4448 471 4516 ibi
494 4447 682 4536 miseritis,
708 4447 822 4517 licead
847 4446 920 4517 illis
943 4446 1027 4516 inde
1049 4450 1149 4516 exire
1172 4467 1253 4516 cum
1276 4451 1390 4516 omnis
1414 4448 1556 4516 illorum
1581 4451 1709 4520 mobile
1732 4471 1800 4539 que
1824 4451 1874 4522 ibi
1891 4454 2081 4542 abueritis,
2099 4455 2177 4524 sine

331 4603 592 4671 contrarietate
615 4621 695 4671 mea
721 4600 776 4670 vel
800 4601 843 4670 de
866 4619 950 4688 pars
973 4599 1085 4686 ipsius
1109 4600 1268 4668 ecclesie.
1296 4607 1416 4672 tamen
1441 4606 1556 4672 omnis
1578 4606 1714 4674 hictum
1738 4606 1829 4692 quod
1864 4607 1947 4675 inde
1970 4608 2096 4678 tollere
2118 4628 2178 4696 po·

333 4755 492 4844 tueritis,
519 4773 632 4842 usque
655 4756 730 4843 ipso
755 4758 987 4826 constitutum
1010 4759 1232 4845 completum,
1256 4762 1371 4827 totum
1394 4759 1476 4829 illut
1499 4763 1599 4830 bobis
1622 4763 1771 4850 abeatis,
1796 4769 1912 4851 scepto
1928 4765 2004 4850 ipso
2020 4783 2182 4852 censum,

328 4908 426 5023 quod
446 4909 536 4977 mihi
561 4909 614 4977 vel
638 4909 684 4978 ad
708 4929 792 4998 pars
816 4913 927 4997 ipsius
950 4910 1097 4980 ecclesie
1121 4913 1207 4981 dare
1231 4914 1368 4985 debetis
1390 4935 1454 5004 per
1477 4937 1623 4988 annum.
1649 4920 1697 4986 De
1720 4940 1791 5007 qua
1821 4940 1883 5008 per
1915 4924 2006 4993 bona
2041 4929 2179 4998 combe-

332 5064 472 5133 nientia
495 5065 630 5153 guadia
653 5063 742 5131 mihi
767 5065 834 5151 ipsi
859 5050 1092 5152 suprascripti
1118 5067 1265 5135 iohanni
1289 5068 1410 5138 clerici
1435 5076 1471 5140 et
1495 5071 1668 5142 iohannes
1684 5074 1779 5142 filius
1795 5076 1946 5162 predicti
1964 5078 2038 5146 ursi
2057 5099 2179 5150 mona·

331 5219 391 5286 chi
414 5217 601 5304 dederunt,
625 5223 662 5288 et
689 5217 920 5289 mediatorem
936 5220 1025 5288 mihi
1043 5227 1237 5308 posuerunt
1254 5227 1376 5309 petrus
1392 5223 1488 5291 filius
1502 5225 1680 5310 quondam
1697 5227 1817 5295 domni
1834 5231 2015 5320 musandi,
2033 5233 2093 5318 qui
2111 5236 2179 5304 fuit

330 5375 455 5457 abbas;
479 5376 516 5440 et
538 5392 601 5460 per
624 5373 703 5461 ipsa
726 5374 863 5460 gnadia
886 5374 1138 5461 obligaberunt
1161 5393 1198 5442 se
1214 5377 1250 5444 et
1267 5376 1342 5443 suis
1358 5375 1534 5464 eredibus,
1553 5383 1594 5446 ut
1609 5377 1640 5443 si
1657 5377 1777 5446 taliter
1793 5383 1915 5450 omnia
1931 5387 2177 5474 suprascripta

331 5545 396 5612 per
419 5527 662 5613 suprascripta
684 5527 823 5596 ratione
847 5527 935 5596 mihi
961 5527 1018 5596 vel
1041 5528 1086 5598 ad
1110 5547 1193 5615 pars
1217 5529 1330 5616 ipsius
1353 5531 1501 5600 ecclesie
1524 5549 1596 5600 non
1619 5533 1867 5620 adimpleverit
1890 5541 1926 5604 et
1949 5535 2081 5624 aliquit
2098 5537 2181 5610 inde

330 5678 609 5765 contradixerit,
637 5697 701 5767 per
724 5680 802 5767 ipsa
825 5683 959 5769 guadia
983 5685 1019 5750 et
1035 5702 1098 5770 per
1115 5685 1377 5755 combenientia
1394 5686 1645 5775 obligaberunt
1661 5707 1699 5757 se
1715 5691 1784 5777 ipsi
1799 5693 2034 5780 suprascripti
2051 5699 2088 5763 et
2105 5695 2182 5763 suis

331 5829 502 5932 eredibus
526 5849 734 5922 componere
757 5833 849 5903 mihi
873 5834 927 5903 vel
952 5833 997 5904 ad
1023 5855 1108 5922 pars
1122 5837 1279 5923 predicte
1295 5839 1443 5907 ecclesie
1458 5843 1725 5931 quinquaginta
1740 5843 1819 5912 auri
1837 5843 1963 5914 solidos
1986 5847 2185 5917 constanti·
