5408 7108
986 505 1445 580 DlPLOMATiOUS
2024 504 2090 578 281
2181 573 2183 577 ,

289 727 343 798 tia
365 729 443 797 bico
467 731 580 818 ipsius
603 732 835 822 monasterii,
865 753 973 822 quani
1005 739 1040 804 et
1067 751 1131 822 pro
1163 737 1237 802 vice
1266 753 1403 822 gemme
1434 729 1559 800 relicta
1587 729 1783 815 supradicti
1814 728 1983 817 guaiferii
2011 735 2044 798 et
2069 729 2147 798 fllia

287 885 470 972 quondam
494 886 691 973 guaimarii
715 889 878 975 comitis,
904 887 1054 956 tradidit
1077 885 1192 956 amate
1215 888 1288 954 filio
1312 885 1490 977 quondam
1513 883 1685 952 domnelli
1701 887 1737 952 et
1753 882 1885 951 falconi
1910 887 2063 970 cognato
2084 899 2149 950 suo

289 1037 472 1124 quondam
499 1037 649 1108 iohanni
674 1058 820 1128 grecum
846 1056 917 1107 una
941 1042 1042 1128 pecia
1066 1039 1108 1108 de
1132 1045 1335 1108 terrarum
1359 1041 1546 1110 arbustum
1568 1041 1630 1127 qui
1654 1043 1708 1108 est
1733 1041 1770 1106 in
1795 1037 1911 1106 locum
1935 1039 2042 1106 sianu
2065 1038 2149 1106 fini·

289 1189 354 1258 bus
380 1191 424 1260 de
447 1199 672 1280 apusmonte,
697 1214 767 1281 que
790 1199 843 1264 est
866 1213 929 1282 per
954 1212 994 1262 as
1017 1195 1106 1262 fines
1125 1199 1165 1292 ei
1188 1213 1396 1263 mensuras:
1422 1194 1465 1262 de
1490 1193 1647 1262 exomni
1672 1193 1773 1280 parte
1797 1192 1868 1260 doe
1885 1189 1997 1278 ipsius
2022 1209 2146 1260 mona·

285 1345 389 1416 sterii
413 1351 449 1414 et
473 1345 584 1432 ipsius
607 1365 770 1434 gemme:
796 1368 818 1418 a
844 1351 946 1434 parte
981 1346 1174 1416 occidentis
1199 1353 1282 1418 sunt
1307 1349 1389 1418 inde
1413 1349 1508 1436 passi
1533 1346 1661 1440 viginti
1686 1365 1821 1416 unum:
1847 1365 1870 1415 a
1901 1346 2147 1433 septemtrioni

285 1502 374 1566 sunt
398 1498 480 1567 inde
503 1499 596 1586 passi
622 1497 778 1588 triginta
801 1501 881 1568 duo:
908 1505 1050 1587 aparte
1074 1499 1223 1568 meridie
1240 1499 1321 1568 inde
1338 1507 1423 1568 sunt
1441 1505 1534 1590 passi
1551 1505 1696 1571 centum
1712 1501 1893 1587 tredecim,
1910 1505 2023 1568 totum
2043 1519 2141 1569 men-

284 1656 447 1721 suratum
471 1652 517 1720 ad
542 1655 635 1722 iusto
657 1671 800 1741 passum
826 1653 991 1722 hominis.
1012 1653 1061 1721 ,de
1078 1656 1239 1740 predicta
1262 1656 1429 1742 pociade
1453 1662 1551 1726 terra
1582 1677 1664 1725 cum
1688 1658 1875 1726 arbustum
1900 1656 2049 1725 tradidit
2077 1673 2143 1744 ego

284 1808 466 1897 predictus
489 1811 600 1879 abbas
626 1809 783 1898 ipsorum
807 1810 967 1878 iamdicti
992 1811 1104 1882 amati
1128 1814 1165 1878 et
1182 1809 1314 1878 falconi
1340 1809 1466 1877 inclita
1482 1809 1639 1876 sortione
1656 1807 1808 1895 predicti
1827 1807 2034 1875 monasterii
2065 1826 2148 1877 cum

283 1961 413 2032 inclita
436 1963 595 2030 sortione
618 1963 750 2032 exinde
774 1963 977 2050 pertinente
1001 1963 1116 2050 ipsius
1141 1963 1324 2031 nominate
1347 1982 1484 2049 gemme
1509 1967 1548 2030 iu
1565 1983 1605 2032 oc
1629 1965 1768 2049 ordine,
1793 1973 1832 2031 ut
1856 1961 1981 2030 amodo
1999 1968 2034 2031 et
2051 1980 2145 2031 sem-

284 2134 347 2204 per
372 2118 449 2185 tota
472 2121 508 2184 et
532 2115 658 2186 inclita
681 2116 888 2204 supradicta
911 2121 965 2184 est
984 2111 1167 2203 tradictio,
1185 2122 1290 2186 natos
1315 2123 1513 2202 nascentes,
1533 2137 1592 2204 per
1611 2117 1775 2186 iamdicte
1794 2118 1935 2185 duis-et
1953 2119 2141 2186 mensurie

283 2270 340 2338 vel
365 2270 506 2336 illorum
531 2276 568 2338 et
591 2270 636 2338 ad
661 2289 783 2338 eorum
808 2269 929 2337 eredes
952 2270 1024 2338 siut
1050 2275 1256 2356 potestatem
1284 2278 1406 2340 tenere
1430 2278 1465 2340 et
1489 2271 1688 2358 dominare,
1712 2279 1748 2340 et
1772 2273 1869 2339 fovee
1893 2277 1928 2339 et
1952 2270 2067 2351 omnis
2093 2269 2135 2335 il-

288 2423 405 2493 iorum
430 2424 599 2494 utilitatis
625 2426 719 2493 iusta
746 2423 880 2492 ratione
904 2425 956 2492 ibi
979 2425 1109 2512 facere,
1134 2413 1229 2492 sicut
1252 2426 1439 2511 meruerit,
1457 2432 1493 2494 et
1509 2427 1569 2494 ubi
1596 2425 1779 2510 meruerit,
1797 2445 1860 2512 per
1878 2427 2068 2492 circuitum
2095 2423 2141 2490 ii·

284 2577 337 2647 lut
361 2577 503 2646 cludere
527 2583 561 2647 et
585 2599 721 2666 semper
746 2580 884 2664 clusum
908 2579 1041 2666 abere,
1067 2586 1102 2646 et
1127 2579 1257 2646 ibidem
1286 2579 1356 2646 illis
1381 2579 1537 2646 residere
1560 2585 1596 2647 et
1621 2580 1786 2665 abitare,
1811 2585 1847 2647 ei
1869 2583 1952 2665 apto
1980 2581 2139 2666 tempore

281 2733 365 2802 illut
391 2734 434 2802 de
458 2752 563 2818 super
587 2737 623 2800 et
647 2733 689 2801 de
716 2735 842 2800 subtus
867 2733 1031 2802 laborare
1055 2740 1090 2803 et
1114 2734 1250 2803 cultare
1275 2735 1420 2812 bonum,
1445 2741 1482 2802 et
1507 2733 1567 2802 ubi
1595 2733 1785 2820 meruerit,
1810 2737 1953 2802 arbores
1979 2738 2015 2804 et
2049 2734 2140 2805 bites

280 2887 412 2956 ibidem
436 2887 602 2975 plantare
627 2895 663 2958 et
685 2891 938 2976 propaginare,
971 2890 1064 2955 sicut
1090 2890 1286 2976 meruerit,
1310 2893 1349 2956 ut
1377 2907 1440 2974 per
1464 2907 1583 2956 omnes
1606 2907 1719 2958 annos
1743 2890 1874 2955 bonum
1899 2895 2025 2976 pareat
2049 2891 2147 2960 labo-
2223 2920 2225 2924 ·

277 3047 395 3111 ratum
420 3041 655 3110 etcuitatum
678 3041 850 3128 desuper
879 3045 915 3110 et
939 3043 981 3110 de
1005 3044 1129 3110 subtus
1154 3047 1228 3110 tota
1250 3043 1335 3130 ¹ipsa
1365 3044 1572 3130 supradicta
1603 3045 1795 3118 tradictio‚
1821 3050 2001 3131 quatenus
2027 3045 2134 3132 proti·

279 3199 379 3266 ciant
403 3201 439 3264 et
464 3215 535 3264 non
561 3197 766 3284 dispereant
789 3201 825 3264 et
848 3196 986 3266 salbum
1012 3195 1096 3262 illut
1118 3197 1266 3284 saciant,
1291 3198 1384 3264 sicut
1406 3196 1523 3272 decet:
1551 3200 1586 3262 et
1602 3213 1664 3281 per
1690 3199 1845 3280 tempum
1868 3196 1911 3263 de
1937 3197 2130 3284 bindemie,

279 3350 423 3439 quando
448 3349 641 3435 meruerit,
668 3349 741 3418 illis
765 3355 801 3418 et
825 3348 968 3415 illorum
992 3347 1114 3416 eredes
1142 3347 1281 3416 iaciant
1310 3348 1401 3416 scire
1431 3366 1515 3435 pars
1544 3348 1656 3433 ipsius
1683 3349 1890 3416 monasterii
1916 3355 1952 3418 et
1976 3351 2139 3436 predicta

275 3523 441 3591 gemme,
467 3507 507 3571 ut
532 3502 663 3572 ibidem
687 3503 823 3592 dirigat
846 3504 993 3570 missurn
1019 3520 1123 3570 suum
1137 3551 1147 3588 ,
1171 3505 1206 3570 et
1229 3501 1302 3570 iliis
1325 3507 1361 3571 et
1383 3519 1506 3570 eorum
1538 3501 1657 3572 eredes
1681 3501 1887 3588 supradicta
1918 3504 2134 3574 tradictione

277 3661 546 3731 rationabiliter
570 3660 789 3730 vindemiare
819 3665 854 3727 et
878 3657 998 3745 ibique
1028 3658 1073 3726 ad
1105 3658 1324 3744 palmentum
1348 3674 1564 3744 precurare,
1588 3660 1624 3726 et
1646 3658 1761 3724 omnis
1785 3659 1909 3725 binum
1933 3658 2024 3745 quod
2052 3657 2138 3729 inde

273 3816 439 3900 exierit,
463 3833 526 3901 per
550 3813 778 3883 medietatem
802 3811 985 3898 dividant,
1012 3813 1158 3881 missum
1186 3811 1335 3899 predicti
1370 3813 1576 3880 monasterii
1607 3815 1643 3880 et
1675 3811 1828 3898 predicte
1860 3830 1999 3898 gemme
2032 3807 2136 3880 tollat

277 3967 360 4037 inde
392 3968 648 4056 medietatem,
673 3973 709 4036 ei
733 3968 804 4035 illis
827 3969 1006 4035 eteorum
1029 3966 1151 4033 eredes
1174 3961 1276 4035 tollat
1300 3964 1440 4052 reliqua
1465 3965 1714 4050 medietatem
1737 3983 1840 4051 poma
1875 3965 1904 4032 si
1942 3966 2135 4053 abuerint,
2236 3983 2240 3996 ⁴

276 4121 502 4192 medietatem
527 4124 630 4190 nobis
655 4121 737 4190 inde
760 4121 882 4208 deant,
908 4125 944 4189 et
967 4096 1191 4188 medietatem
1215 4117 1345 4187 exinde
1371 4117 1444 4184 illis
1458 4119 1603 4202 abeant,
1621 4121 1657 4185 et
1673 4117 1749 4203 ipsa
1774 4115 1964 4187 medietate
1990 4119 2033 4187 de
2059 4120 2139 4206 ipso

274 4276 359 4344 bino
383 4273 541 4342 sortione
565 4275 678 4362 ipsius
702 4275 910 4346 monasterii
943 4279 978 4342 et
1007 4271 1163 4360 predicte
1187 4290 1324 4359 gemme
1352 4271 1424 4339 iliis
1448 4274 1582 4340 eteius
1607 4271 1728 4340 eredes
1753 4271 1834 4339 iiiut
1859 4278 2001 4359 portare
2026 4275 2131 4344 salba

272 4429 318 4500 ad
344 4427 548 4518 cellarium,
573 4429 666 4516 quod
689 4449 774 4518 pars
800 4430 913 4518 ipsius
937 4429 1139 4498 monasterii
1168 4431 1204 4494 et
1228 4425 1386 4512 predicte
1410 4445 1550 4511 gemma
1575 4425 1743 4494 habuerit
1758 4425 1798 4492 in
1816 4426 1973 4513 predicto
1998 4425 2130 4515 locum,

269 4591 305 4654 et
329 4585 446 4655 mittat
473 4604 532 4654 eos
555 4585 655 4654 intus
679 4585 754 4672 ipso
775 4588 961 4672 horganeo
984 4583 1045 4670 qui
1064 4603 1125 4670 por
1143 4601 1262 4652 omnes
1285 4599 1398 4652 annos
1423 4601 1485 4670 per
1509 4581 1581 4649 iilis
1606 4583 1738 4651 suerint
1763 4585 1893 4651 bonum
1916 4583 2125 4652 conciatum

270 4746 305 4810 et
321 4740 530 4828 studiatum,
548 4741 642 4808 sicut
666 4742 857 4826 meruerit;
882 4745 918 4808 et
942 4741 1056 4826 ipsum
1082 4740 1238 4825 missum,
1263 4740 1322 4827 qui
1351 4759 1411 4828 per
1429 4746 1549 4826 partes
1574 4759 1636 4827 pro
1661 4741 1739 4827 ipsa
1762 4739 1944 4809 vindemia
1971 4740 2133 4828 bigilan·

270 4895 354 4964 dum
378 4893 510 4962 ibidem
537 4897 725 4982 steterint,
751 4894 820 4962 iilis
848 4913 929 4962 eum
961 4894 1161 4963 nutricaret
1184 4895 1380 4962 secundum
1404 4911 1505 4962 suam
1530 4892 1830 4981 possivilitatem,
1854 4900 1889 4964 et
1925 4895 2129 4982 palmento-

269 5049 344 5120 tica
368 5047 401 5119 ei
425 5049 559 5137 deant,
586 5053 679 5118 sicut
706 5050 835 5118 iustum
860 5047 981 5116 suerit.
1006 5040 1058 5117 'ut
1082 5048 1124 5116 de
1153 5049 1245 5137 quod
1276 5049 1325 5117 ibi
1350 5050 1553 5136 seminant,
1578 5050 1688 5117 deant
1720 5049 1801 5117 inde
1833 5052 2045 5120 terraticum
2081 5053 2127 5121 ad

267 5197 384 5292 ipsum
409 5206 579 5292 missum,
604 5205 665 5291 qui
690 5223 754 5289 per
779 5209 897 5290 partes
927 5204 977 5270 ibi
1000 5205 1187 5281 steterint,
1212 5204 1407 5272 secundum
1431 5205 1721 5273 consuetudinem
1744 5203 1786 5271 de
1812 5206 1887 5292 ipso
1921 5204 2048 5274 locum.
2077 5209 2125 5276 Et

269 5354 376 5443 quate
403 5361 560 5442 tempora
586 5351 659 5421 illis
682 5359 718 5423 et
742 5353 886 5422 illorum
914 5353 1036 5423 eredes
1064 5355 1307 5443 suprascripta
1330 5356 1543 5427 tradictione
1568 5360 1606 5424 in
1631 5357 1800 5426 iamdicto
1823 5357 1970 5426 hordine
1997 5365 2125 5430 tenere

266 5514 303 5579 et
326 5511 492 5590 laborare
516 5528 587 5576 non
611 5509 828 5578 boluerimus
858 5513 1016 5578 autnon
1039 5511 1281 5598 potuerimus,
1306 5509 1471 5580 inclitum
1497 5511 1577 5578 illut
1594 5511 1795 5580 laboratum
1812 5517 1847 5581 et
1861 5511 2013 5600 clusum,
2032 5533 2122 5600 qua-

265 5663 312 5733 lis
336 5665 530 5753 meruerit,
554 5665 705 5734 remidta
727 5662 800 5734 bad
824 5681 907 5750 pars
930 5663 1081 5750 predicti
1106 5661 1218 5732 nostri
1243 5665 1448 5733 monasterii
1472 5664 1576 5732 etad
1601 5683 1685 5753 pars
1709 5665 1851 5734 exdiote
1875 5684 2040 5753 gemme,
2071 5667 2128 5738 fa·

264 5821 430 5890 ciendum
456 5821 540 5889 inde
564 5821 685 5890 omnia
713 5819 803 5908 quod
823 5817 1011 5889 voluerint.
1037 5818 1082 5887 Et
1104 5817 1209 5887 liceat
1233 5819 1306 5886 iltis
1329 5814 1412 5888 inde
1435 5817 1537 5890 exire
1559 5839 1640 5890 oum
1664 5823 1758 5889 omui
1784 5841 1893 5893 causa
1917 5842 1982 5891 sua
2006 5826 2119 5892 mobi-

426 6005 497 6066 τοι.
520 6021 559 6067 rr.
1941 6003 1978 6062 86
