5456 7096
1033 487 1443 562 lllPLolltrlutts
2059 489 2126 562 139

325 735 405 805 sepe
429 735 498 804 que
522 718 577 786 est
600 715 642 784 de
667 714 745 803 ipsa
769 718 886 804 rebus,
910 717 1007 802 passi
1031 716 1162 804 viginti
1186 733 1262 802 sex,
1286 713 1418 784 abinde
1435 713 1642 784 rebolbente
1660 714 1696 782 in
1713 733 1796 802 pars
1813 714 2078 802 septemtrionis
2100 734 2180 803 pas·

323 871 354 940 si
378 869 507 957 viginti
532 867 723 956 quadtuor,
749 872 786 938 et
808 867 1009 937 rebolbente
1033 869 1071 936 in
1096 887 1179 954 pars
1202 867 1395 937 occidentis
1421 867 1515 954 passi
1540 867 1900 955 quadtuordecim,et
1919 866 2123 936 rebolbente
2138 871 2178 937 in

323 1043 407 1111 pars
430 1022 693 1110 septemtrionis
718 1024 815 1092 iusta
837 1022 953 1108 ipsum
977 1021 1163 1110 insitetum
1188 1023 1279 1108 passi
1305 1023 1551 1110 quadraginta
1575 1041 1701 1110 unum,
1725 1029 1761 1092 et
1784 1023 1914 1092 abinde
1940 1030 2074 1092 rectum
2098 1041 2178 1110 per·

325 1183 432 1266 gente
457 1177 496 1246 in
520 1197 603 1265 pars
620 1177 767 1247 orientis
790 1177 882 1263 passi
908 1175 1038 1264 biginti
1060 1176 1261 1262 quadtuor,
1295 1178 1333 1243 et
1358 1177 1487 1244 iterum
1512 1175 1715 1244 rebolbente
1740 1175 1778 1242 in
1803 1195 1886 1263 pars
1911 1176 2177 1262 septemtrionis

327 1347 437 1417 usque
463 1330 501 1395 in
524 1328 641 1398 media
665 1348 747 1418 sepe
770 1329 865 1418 passi
890 1327 1087 1415 duodecim,
1112 1334 1148 1398 et
1170 1328 1301 1399 abinde
1325 1330 1528 1398 rebolbente
1542 1335 1578 1399 et
1593 1331 1827 1400 dessendente
1840 1351 1927 1420 erga
1943 1350 2023 1420 sepe
2039 1333 2082 1402 de
2100 1336 2177 1420 ipsa

324 1486 445 1565 rebuS,
472 1488 508 1552 et
531 1484 769 1570 coniungente
793 1487 831 1550 in
855 1486 932 1570 ipsa
955 1486 1153 1569 arcaturia,
1179 1488 1215 1551 et
1236 1482 1366 1550 abinde
1390 1483 1593 1553 rebolbente
1618 1483 1721 1569 quasi
1747 1486 1784 1552 in
1809 1504 1891 1572 pars
1923 1485 2116 1556 occidentis
2138 1493 2177 1558 et

322 1637 562 1730 coniungente
586 1636 623 1703 in
648 1635 725 1720 ipsa
749 1636 821 1720 bia,
846 1652 909 1720 per
933 1637 1045 1702 totum
1071 1581 1159 1702 istut
1182 1645 1266 1702 sunt
1282 1635 1377 1721 passi
1394 1639 1618 1725 octuaginta,
1633 1641 1670 1704 et
1686 1637 1815 1707 abinde
1832 1643 2003 1726 pergente
2020 1640 2057 1707 in
2073 1646 2174 1727 parte

322 1789 472 1859 meridie
496 1808 585 1877 erga
608 1806 689 1874 sepe
712 1805 781 1874 que
804 1792 858 1894 est
883 1789 978 1856 iusta
1001 1789 1079 1874 ipsa
1102 1789 1175 1871 bia,
1200 1792 1235 1856 et
1258 1789 1497 1877 coniungente
1521 1789 1560 1855 in
1585 1794 1660 1877 ipso
1679 1792 1834 1859 termine
1869 1793 1989 1880 priore
2024 1793 2096 1863 fine
2121 1796 2173 1863 in-

322 1944 365 2011 de
388 1947 473 2011 suut
496 1944 590 2029 passi
615 1945 883 2030 quinquaginta
905 1942 988 2028 du03
1013 1945 1124 2010 totum
1149 1943 1236 2012 istut
1260 1944 1354 2015 infra
1377 1945 1535 2032 predicte
1562 1948 1645 2014 linis
1680 1949 1716 2014 et
1745 1947 1925 2014 mensurie
1962 1949 2037 2033 ipse
2071 1952 2174 2017 ambo

322 2098 480 2184 predicte
504 2099 602 2185 pecie
626 2117 684 2168 eos
708 2099 857 2168 tradidit
881 2098 992 2185 ipsius
1015 2100 1129 2167 nicole
1152 2101 1195 2169 ad
1221 2101 1479 2187 pastenandum
1504 2105 1653 2170 arbores
1678 2109 1712 2170 et
1738 2101 1832 2169 bites
1856 2102 1899 2168 de
1924 2105 2013 2169 bono
2038 2103 2174 2172 bitineo

322 2257 358 2318 et
381 2269 486 2338 poma
511 2254 571 2319 ubi
597 2252 781 2340 meruerit,
807 2257 846 2320 ut
866 2252 990 2321 amodo
1013 2256 1048 2320 et
1072 2271 1180 2338 usque
1202 2252 1384 2320 duodecim
1408 2255 1495 2321 anni
1520 2255 1691 2338 completi
1715 2255 1847 2324 abeant
1880 2253 1928 2322 ibi
1955 2257 2029 2342 ipse
2054 2257 2172 2325 nicola

318 2410 355 2474 et
376 2424 459 2473 suos
477 2406 602 2474 eredes
625 2409 810 2476 arbustum
836 2408 967 2478 lactum
990 2410 1134 2492 bonum,
1161 2409 1360 2494 operatum,
1384 2411 1420 2474 et
1446 2406 1643 2492 cultatum,
1681 2411 1718 2475 et
1752 2409 1905 2476 bitatum
1943 2409 1985 2476 de
2009 2417 2173 2495 superet

320 2558 363 2626 de
387 2563 524 2648 subter,
549 2563 641 2629 sicut
663 2563 706 2631 de
729 2569 849 2630 tantos
872 2549 986 2630 annos
1009 2561 1104 2632 locus
1129 2562 1203 2649 ipse
1227 2561 1409 2630 meruerit.
1435 2561 1619 2649 Simulque
1651 2567 1687 2629 et
1723 2560 1876 2630 tradidit
1910 2561 2022 2650 ipsius
2057 2563 2172 2632 nicole

322 2717 427 2784 rebus
452 2715 655 2802 pertinente
671 2716 827 2800 predicte
851 2715 997 2784 ecclesie
1020 2714 1150 2784 abinde
1175 2718 1213 2781 in
1237 2733 1343 2802 super
1368 2715 1405 2781 in
1430 2733 1514 2802 pars
1539 2714 1709 2801 orientia,
1735 2734 1802 2802 que
1826 2721 1879 2784 est
1905 2723 2003 2785 terra
2026 2737 2105 2784 oum
2120 2717 2172 2784 bi·
2201 2771 2208 2783 s

317 2886 387 2938 nea
410 2872 446 2936 et
470 2873 523 2936 est
546 2886 608 2954 per
632 2867 715 2935 finis
739 2873 775 2938 et
796 2870 989 2936 mensurie:
1014 2889 1037 2936 a
1061 2886 1145 2952 pars
1167 2867 1430 2952 septemtrionis
1453 2886 1539 2954 erga
1563 2887 1644 2955 sepe
1668 2885 1736 2954 que
1762 2868 1868 2935 modo
1885 2869 1934 2936 ibi
1950 2874 2015 2944 est,
2037 2875 2171 2936 rectum

316 3025 488 3108 pergente
512 3019 550 3112 in
570 3039 654 3106 pars
677 3021 839 3106 orientia
865 3019 947 3087 inde
973 3027 1056 3088 sunt
1079 3024 1174 3108 passi
1200 3021 1365 3109 triginta,
1390 3021 1520 3090 abinde
1543 3025 1717 3107 pergente
1744 3023 1780 3086 in
1805 3037 1889 3106 pars
1921 3020 2069 3088 meridie
2093 3039 2171 3106 pas

317 3171 345 3238 si
372 3172 614 3260 quadraginta
637 3175 814 3261 quadtuor
834 3225 843 3261 ,
867 3183 903 3244 et
926 3176 1131 3244 rebolbente
1157 3177 1192 3242 iu
1218 3195 1301 3263 pars
1322 3175 1472 3242 orientis
1497 3173 1594 3262 passi
1620 3174 1754 3262 biginti
1788 3193 1878 3260 sex,
1902 3155 1939 3242 et
1963 3175 2169 3244 rebolbente

316 3327 354 3393 in
378 3345 462 3413 pars
486 3329 635 3396 orientis
659 3329 753 3415 passi
779 3329 908 3416 biginti
940 3347 1031 3414 serr,
1056 3333 1092 3396 et
1115 3329 1314 3396 rebolbente
1337 3346 1399 3413 per
1424 3329 1541 3414 capite
1565 3330 1608 3396 de
1633 3327 1710 3414 ipsa
1734 3326 1838 3395 vinea
1862 3333 1998 3394 rectum
2022 3328 2061 3394 in
2085 3345 2170 3414 pars

317 3481 465 3550 orientis
489 3499 577 3569 erga
599 3501 681 3570 sepe
704 3483 747 3552 de
772 3484 850 3570 ipsa
873 3485 978 3551 rebus
1002 3480 1096 3570 pass'i
1122 3482 1264 3569 viginti,
1289 3487 1325 3549 et
1349 3482 1551 3550 rebolbente
1576 3481 1615 3548 in
1640 3497 1723 3566 pars
1748 3479 1943 3548 occidentis
1968 3481 2064 3549 iusta
2091 3482 2169 3568 ipsa

316 3635 421 3704 vinea
446 3640 537 3723 passi
564 3638 809 3725 quadraginta
832 3638 914 3723 duo,
940 3641 975 3703 et
1000 3635 1202 3705 rebolbente
1227 3638 1264 3704 in
1290 3656 1374 3723 pars
1397 3637 1594 3704 occidentis
1620 3638 1714 3722 passi
1739 3635 1981 3722 quadraginta
2015 3655 2105 3721 sex,
2130 3641 2166 3705 et

315 3793 522 3862 rebolbente
548 3795 584 3860 in
609 3813 692 3881 pars
716 3793 981 3881 septemtrionis
1006 3811 1117 3879 usque
1142 3792 1179 3858 in
1198 3795 1274 3880 ipsa
1297 3792 1415 3860 media
1438 3811 1519 3878 sepe
1544 3791 1662 3878 priore
1688 3792 1757 3857 fine
1775 3793 1871 3878 passi
1888 3792 2165 3880 quinquaginta.

254 3929 257 3944 ’
315 3945 500 4033 Simulque
523 3951 560 4016 et
582 3947 793 4016 tradidimus
817 3945 959 4014 illorum
983 3964 1056 4016 una
1081 3945 1216 4032 peciola
1239 3947 1282 4014 de
1305 3952 1402 4014 terra
1438 3947 1610 4014 coniunta
1647 3945 1690 4014 ad
1727 3945 1806 4032 ipsa
1842 3946 1971 4031 binea,
2008 3965 2078 4032 que
2113 3951 2167 4014 est

315 4102 413 4166 terra
436 4117 515 4167 cum
541 4097 644 4185 silba,
669 4105 709 4168 ut
733 4099 811 4186 ipsa
835 4098 939 4187 pecta
963 4097 1015 4166 illi
1038 4103 1222 4185 scampare
1247 4105 1283 4167 et
1307 4098 1457 4168 insitare
1489 4100 1627 4167 insitas.
1664 4097 1845 4184 Simulque
1878 4102 1914 4166 ct
1949 4100 2167 4168 tradidimus

317 4252 461 4322 illorum
485 4255 559 4325 alia
584 4256 684 4343 peoia
708 4256 751 4324 de
777 4261 874 4328 terra
897 4274 978 4322 cum
1004 4253 1201 4342 malletum,
1224 4255 1283 4340 qui
1309 4257 1362 4322 est
1386 4253 1479 4321 inter
1505 4251 1581 4338 ipsa
1609 4253 1714 4321 vinea
1738 4255 1774 4320 et
1799 4253 1876 4338 ipsa
1901 4255 2020 4340 priore
2053 4256 2166 4324 tradi-

314 4409 426 4495 tione,
450 4415 487 4478 et
509 4415 563 4478 est
585 4428 648 4497 per
671 4411 758 4478 linis
778 4415 814 4478 et
837 4409 1026 4477 mensurie:
1052 4428 1075 4476 a
1098 4412 1200 4494 parte
1223 4407 1509 4494 septemtrioniS,
1545 4405 1639 4492 quod
1670 4411 1724 4474 est
1759 4424 1822 4492 per
1857 4406 1975 4493 capite
2009 4407 2052 4474 de
2088 4408 2167 4494 ipsa

313 4563 433 4648 priore
457 4563 662 4651 traditione,
689 4567 824 4634 rectum
849 4564 1059 4634 aseendente
1083 4564 1121 4629 in
1144 4581 1227 4649 pars
1250 4561 1399 4629 orientis
1424 4564 1508 4628 sunt
1530 4561 1625 4646 passi
1650 4558 1771 4627 decem
1795 4563 1830 4628 et
1842 4563 1932 4646 octo,
1949 4559 2081 4628 abinde
2107 4580 2162 4630 re-

314 4720 408 4784 otum
433 4717 644 4787 assendente
667 4723 703 4787 et
725 4717 957 4786 dessendente
981 4715 1077 4786 iusta
1103 4715 1180 4802 ipsa
1203 4717 1310 4783 binea
1333 4715 1427 4802 passi
1445 4713 1598 4800 triginta
1615 4716 1707 4799 octo,
1723 4718 1759 4781 et
1775 4672 1908 4781 abinde
1924 4713 2157 4782 dessendente

314 4872 416 4956 quasi
441 4870 479 4937 in
504 4889 587 4959 pars
611 4870 805 4940 occidentis
829 4869 924 4958 passi
950 4869 1080 4958 biginti
1104 4867 1295 4956 quadtuor,
1321 4872 1357 4937 et
1380 4868 1584 4936 rebolbente
1616 4869 1654 4934 in
1691 4869 1768 4954 ipsa
1803 4871 1906 4952 parte
1939 4868 2166 4953 septemtrio·

315 5025 374 5091 nis
395 5043 465 5112 que
488 5029 542 5094 est
566 5021 685 5112 priore
709 5025 794 5112 fine,
819 5023 902 5091 inde
926 5028 1011 5091 sunt
1034 5025 1128 5110 passi
1153 5022 1217 5092 alii
1243 5023 1374 5110 biginti
1391 5023 1591 5111 quadtuor:
1631 5025 1706 5090 tota
1730 5021 1938 5107 supradicta
1973 5022 2157 5090 mensoria

312 5157 519 5248 mensurata
535 5177 604 5247 suit
626 5179 672 5248 ad
696 5179 790 5248 iusto
814 5137 1093 5265 passumomini
1118 5182 1154 5246 et
1178 5179 1254 5245 tota
1276 5176 1483 5264 supradicta
1506 5177 1612 5244 robus
1635 5175 1824 5243 circoitum
1848 5191 1896 5241 ex
1932 5176 2030 5241 omni
2056 5179 2161 5261 parte

310 5331 481 5400 coniunta
504 5336 560 5401 est
582 5331 628 5402 ud
650 5334 757 5401 rebus
782 5331 939 5419 predicte
965 5329 1125 5399 ecclesie.
1152 5331 1201 5396 Ec
1225 5349 1307 5399 vero
1330 5335 1405 5400 tota
1428 5330 1637 5416 supradicta
1661 5330 1765 5396 rebus
1790 5328 1902 5415 ipsius
1934 5327 2052 5396 nicola
2088 5331 2163 5396 tra·

311 5484 468 5553 didimus
491 5483 557 5553 tali
581 5484 719 5572 ordine,
745 5487 786 5552 ut
809 5482 933 5552 amodo
956 5488 993 5551 et
1015 5500 1168 5570 semper,
1194 5487 1296 5553 natos
1320 5457 1518 5571 nassentes,
1544 5485 1617 5570 ipse
1641 5481 1759 5552 nicola
1783 5487 1819 5552 et
1842 5501 1923 5550 suos
1940 5481 2061 5550 eredes
2083 5480 2159 5568 ipsa

313 5637 505 5706 traditione
529 5635 671 5706 illorum
695 5642 788 5704 esset
811 5637 1009 5723 potestatis,
1033 5641 1069 5704 et
1092 5635 1288 5724 dominare,
1313 5644 1348 5706 et
1370 5639 1470 5706 lobee
1495 5643 1531 5706 et
1553 5637 1668 5704 omnis
1687 5635 1829 5704 illorum
1857 5635 2026 5704 utilitatis
2044 5635 2093 5703 ibi
2111 5637 2164 5705 ia·

306 5809 388 5861 cere
411 5791 505 5862 iusta
532 5789 686 5870 ratione,
711 5797 746 5860 et
769 5790 898 5859 ibidem
925 5790 1079 5860 residere
1102 5798 1139 5861 et
1161 5793 1316 5878 abitare,
1340 5795 1376 5858 et
1402 5781 1528 5862 amodo
1550 5793 1587 5858 et
1610 5807 1747 5876 semper
1773 5795 1848 5859 tota
1873 5791 1951 5877 ipsa
1977 5789 2083 5859 binea
2101 5807 2167 5857 suo
