5402 7088
988 553 1429 628 -orruourrrcus
1638 613 1642 620 .
1693 509 1695 512 ’
2012 661 2015 668 ¹
2062 556 2085 628 5

272 773 423 845 lituram
449 776 532 846 inde
556 775 680 847 tollere
706 731 997 866 potuerit'usque
1025 779 1225 866 conpletum
1253 780 1368 866 ipsum
1397 778 1655 864 constitutum,
1682 779 1793 846 totum
1827 777 1908 847 illut
1931 779 1999 848 sivi
2024 779 2132 848 habe·

281 931 363 1016 ret,
385 932 526 999 tantum
550 949 614 1018 pro
637 949 781 1000 censum
807 929 936 999 exinde
959 931 1045 1001 dere
1069 933 1184 1019 nobis,
1210 933 1265 1000 vel
1289 931 1503 1000 admissum
1527 936 1711 1018 nostrum,
1736 949 1799 1000 seu
1823 931 1873 998 im
1896 950 1980 1018 pars
2016 932 2129 1050 ipsius

278 1080 438 1170 ecclesie,
462 1101 526 1170 pro
549 1083 618 1152 isto
640 1101 760 1152 mense
784 1085 903 1170 magio
926 1085 1083 1170 quinque
1107 1085 1260 1153 modiola
1276 1086 1505 1184 degranum,
1529 1089 1566 1164 et
1589 1103 1652 1172 pro
1676 1085 1743 1154 isto
1767 1103 1887 1154 mense
1911 1087 2013 1154 iunio
2029 1088 2145 1188 prius

276 1239 429 1304 venturo
451 1231 537 1312 dare
561 1237 664 1304 nobis
685 1234 756 1306 alio
779 1236 945 1326 similiter
968 1237 1128 1324 quinque
1151 1237 1307 1306 modiola
1324 1237 1367 1306 de
1383 1257 1538 1324 granum
1563 1239 1706 1324 bonurn,
1730 1239 1836 1326 quale
1861 1239 2057 1307 intraberit
2080 1238 2128 1309 ad

279 1383 395 1470 ipsum
419 1383 592 1452 molinum
616 1386 874 1488 admodiolum
898 1389 1098 1457 domninum
1123 1389 1241 1459 culma
1275 1396 1511 1478 mensurata,
1535 1395 1570 1459 et
1594 1391 1666 1460 iam
1689 1411 1712 1462 a
1735 1362 1909 1462 kalendas
1935 1393 2052 1462 ‘iulias
2087 1393 2126 1460 in

281 1541 392 1608 antea
414 1556 528 1624 usque
553 1541 670 1626 ipsum
694 1559 830 1610 annum
854 1517 1068 1629 conpletum,
1093 1542 1123 1610 si
1146 1543 1286 1612 salierit
1308 1543 1384 1630 ipso
1408 1561 1587 1630 granum,
1613 1549 1652 1612 ut
1674 1543 1802 1614 divitia
1833 1537 1936 1632 eiad,
1959 1533 2045 1615 dare
2069 1562 2133 1612 no-

284 1693 342 1760 bis
364 1709 429 1779 per
451 1694 568 1760 omnis
593 1711 713 1798 mense
738 1653 870 1780 septem
894 1694 1044 1763 modiola
1066 1693 1109 1762 de
1133 1713 1301 1781 granum,
1316 1699 1352 1763 et
1367 1697 1399 1762 si
1416 1715 1485 1762 non
1509 1697 1648 1766 salierit
1671 1697 1746 1784 ipso
1768 1716 1936 1786 granum,
1961 1651 2055 1768 dare·
2071 1717 2134 1766 no-

281 1845 339 1912 bis
361 1815 425 1932 per
447 1846 562 1914 omnis
585 1864 704 1914 mense
728 1866 840 1933 usque
864 1847 939 1933 ipso
962 1849 1195 1916 constitutum
1231 1867 1302 1916 ana
1338 1865 1403 1916 sex
1442 1849 1594 1956 modiola
1616 1849 1658 1925 de
1682 1867 1837 1936 granum
1860 1868 2131 1938 parmensem,

288 1999 393 2084 quale
418 1997 611 2068 intraberit
633 1998 679 2068 ad
703 2001 778 2086 ipso
802 1999 972 2068 molinum
997 2000 1043 2070 ad
1066 2000 1265 2088 predictum
1296 2000 1485 2068 modiolum
1509 2001 1712 2098 domnicum
1747 2002 1866 2073 culma
1900 2008 2135 2090 mensurata;

279 2111 370 2222 etsi
392 2151 489 2220 infra
512 2153 587 2238 ipso
609 2155 842 2219 constitutum
866 2168 1049 2218 necessum
1084 2150 1133 2216 ibi
1166 2151 1275 2219 fuerit
1298 2151 1410 2239 mole,
1435 2167 1498 2218 seu
1521 2121 1674 2238 canale,
1699 2153 1753 2222 vel
1778 2158 1919 2222 voccale
1942 2153 1989 2234 ad
2018 2154 2135 2240 ipsum

287 2305 474 2390 molinum,
499 2323 565 2372 nos
588 2305 643 2372 vel
666 2269 962 2390 partibus'ipsius
985 2303 1131 2372 ecclesie
1154 2304 1236 2372 illut
1252 2305 1304 2372 eis
1320 2307 1441 2392 ibique
1465 2306 1552 2374 dare
1578 2304 1769 2416 faciamus,
1793 2311 1829 2374 et
1852 2324 1916 2394 pro
1939 2307 2052 2375 alium
2076 2327 2132 2376 re-

284 2461 412 2540 ditum
424 2459 475 2526 ibi
500 2459 703 2527 laciendum
728 2458 889 2527 ded-imus
912 2460 945 2528 ei
970 2445 1083 2528 unum
1119 2479 1269 2530 aureum
1305 2459 1375 2526 tari
1402 2476 1465 2545 pro
1488 2458 1729 2544 adiutorium3
1752 2463 1842 2530 etsi
1867 2461 1973 2548 plena
1997 2460 2131 2529 maiore

259 2615 326 2684 de
352 2611 544 2682 inundatio
566 2613 768 2699 plubiarum
793 2611 1041 2698 descenderit,
1066 2575 1131 2698 qui
1152 2609 1347 2695 disrunpad
1371 2614 1407 2677 et
1429 2611 1559 2677 obruat
1582 2611 1662 2696 ipsa
1684 2612 1856 2677 arcatura
1878 2609 1933 2677 vel
1968 2609 2043 2696 ipso
2065 2626 2139 2676 mo-
2238 2659 2252 2684 .

282 2762 427 2851 linum,
451 2780 516 2830 nos
542 2764 596 2831 rel
620 2765 787 2848 partibus
812 2763 923 2848 ipsius
946 2762 1094 2830 ecclesie
1118 2761 1280 2828 stetimus
1313 2779 1376 2846 per
1410 2777 1530 2827 omnes
1554 2761 1649 2828 vices
1672 2759 1753 2828 illut
1776 2760 1893 2828 iacere
1914 2759 2079 2830 conciare
2102 2765 2138 2830 et

282 2915 344 2985 ille
368 2915 536 2985 manibus
559 2915 635 2984 suis
658 2893 804 2985 adiubet
828 2914 876 2983 ibi
902 2914 947 2982 ad
971 2913 1221 3000 copulandum,
1244 2914 1337 2982 sicut
1359 2913 1486 2982 melius
1508 2914 1685 3002 potuerlt;
1709 2919 1745 2982 et
1767 2913 1797 2982 si
1821 2930 1947 3000 operas
1970 2911 2137 2999 perdide·
2201 3009 2204 3017 Ι

235 3103 245 3120 ·
284 3069 334 3136 rit
356 3069 475 3155 ipsum
499 3025 673 3136 molinum
697 3085 761 3155 pro
784 3068 862 3154 ipsa
886 3073 1035 3137 ructura
1059 3067 1103 3134 de
1128 3067 1207 3154 ipsa
1232 3065 1349 3153 plena,
1368 3065 1470 3131 nobis
1486 3063 1567 3131 illut
1591 3066 1817 3151 imputemus;
1841 3071 1889 3149 et,
1912 3067 1943 3133 si
1967 3066 2053 3152 quid
2076 3066 2139 3134 ab·

286 3219 349 3308 sit,
377 3227 484 3310 geme
507 3219 648 3290 venerit
670 3238 775 3308 super
798 3239 867 3290 anc
888 3219 1070 3288 civitatem
1087 3219 1150 3304 qui
1169 3218 1360 3306 impediad,
1376 3225 1417 3285 ut
1433 3236 1504 3286 non
1520 3217 1678 3287 macinet
1702 3218 1817 3306 ipsum
1842 3218 2028 3306 molinum,
2052 3225 2141 3288 tunc

293 3381 465 3464 quantum
489 3391 596 3462 opera
619 3329 813 3461 perdiderit
835 3390 901 3458 pro
924 3373 1002 3458 ipsa
1034 3379 1202 3458 gentem,
1231 3371 1332 3438 nobis
1361 3371 1442 3439 illut
1466 3373 1704 3458 imputemus,
1728 3377 1763 3440 et
1786 3374 2055 3459 stetimusnos,
2079 3389 2143 3441 seu

289 3547 375 3618 pars
398 3527 511 3616 ipsius
524 3527 683 3614 ecclesie,
701 3526 831 3596 inclita
855 3527 933 3613 ipsa
956 3501 1150 3594 traditione
1172 3524 1489 3593 ei.deiensandum
1521 3507 1646 3593 amodo
1671 3529 1706 3593 et
1730 3543 1842 3610 usque
1865 3543 1975 3592 unum
2001 3543 2185 3634 annum·

288 3680 490 3768 conpletum
514 3681 561 3750 ab
584 3680 699 3748 omnis
723 3681 885 3747 homines
917 3680 1087 3764 omnique
1113 3679 1301 3763 partibus:
1327 3676 1371 3744 ad
1395 3675 1597 3762 conpletum
1628 3675 1744 3762 ipsum
1779 3677 2011 3744 constitutum
2035 3675 2138 3786 incli-
2230 3761 2235 3775 ι

287 3837 364 3904 tum
388 3834 503 3922 ipsum
526 3833 699 3903 molinum
722 3852 803 3902 cum
828 3835 918 3901 mole
939 3837 976 3900 et
999 3831 1215 3917 ferraturia‚
1250 3837 1287 3899 et
1321 3848 1403 3898 eum
1430 3830 1525 3897 omni
1549 3827 1673 3898 ordine
1697 3835 1732 3896 et
1755 3829 1917 3916 regimen
1940 3847 2003 3898 sen
2028 3831 2143 3917 perti·

290 3949 419 4060 nentia
441 4006 519 4076 sua,
543 3988 700 4075 qualiter
722 3987 877 4075 perfecte
899 3987 1081 4054 macinare
1104 3981 1243 4069 possed,
1267 3987 1405 4052 etcum
1428 3982 1508 4069 ipsa
1530 3981 1648 4052 redita
1671 3981 1773 4052 salba
1786 4031 1796 4069 ‚
1820 3983 1915 4052 sicut
1938 3947 2139 4075 meruerit,

290 4145 465 4224 remittad
488 4143 533 4214 ad
556 4145 729 4232 potestate
752 4159 832 4210 mea
855 4139 910 4208 vel
933 4139 976 4208 de
999 4157 1082 4226 pars
1105 4139 1216 4226 ipsius
1238 4137 1385 4208 ecclesie
1398 4187 1409 4227 ,
1432 4141 1468 4206 et
1489 4137 1605 4226 licead
1630 4137 1732 4206 illum
1755 4142 1792 4207 et
1813 4140 1950 4208 omines
1972 4158 2060 4226 quos
2084 4116 2140 4210 ibi

262 4335 263 4338 π
290 4297 443 4383 miserit,
468 4296 553 4365 inde
575 4297 676 4366 exire
699 4269 900 4363 cumomni
925 4292 1065 4394 illorum
1088 4292 1248 4379 mobilia,
1265 4297 1301 4362 et
1315 4295 1443 4380 pergat
1467 4289 1529 4358 ubi
1554 4290 1744 4386 voluerint.
1768 4291 1867 4361 Unde
1890 4292 1930 4360 in
1953 4309 1994 4361 eo
2016 4292 2139 4362 hordi-

292 4465 341 4518 ne
362 4465 428 4537 per
449 4445 737 4517 conbenientiam
759 4445 1006 4534 guadiamihi
1022 4443 1120 4514 dedit
1135 4446 1210 4531 ipse
1226 4443 1386 4530 iannaci,
1411 4448 1448 4512 et
1470 4443 1704 4526 mediatorem
1728 4445 1818 4513 mihi
1840 4443 1958 4532 posuit
1980 4446 2139 4531 seipsum

293 4605 330 4670 et
354 4600 528 4670 iohannes
548 4555 726 4687 'presbiter
750 4599 846 4668 filius
869 4601 998 4682 rosels,
1024 4602 1064 4665 ut
1088 4595 1120 4664 si
1145 4595 1268 4666 taliter
1291 4595 1412 4663 omnia
1426 4594 1672 4681 suprascripta
1687 4613 1749 4682 per
1767 4595 1972 4682 supradicto
1988 4597 2142 4665 hordine

297 4753 375 4840 ipse
399 4753 548 4823 iannaci
571 4755 674 4832 nobis
700 4771 772 4820 non
802 4751 1050 4839 adimpleberit
1078 4753 1115 4818 et
1142 4749 1272 4836 aliquit
1298 4749 1381 4818 inde
1407 4748 1718 4838 contradixerint,
1741 4749 1796 4818 vel
1821 4769 1884 4837 per
1908 4753 1985 4838 ipsa
2009 4752 2143 4840 guadia

294 4923 505 4994 componere
528 4905 704 4993 obligavit
730 4924 768 4974 se
793 4905 867 4992 ipse
890 4904 1014 4972 innaci
1037 4906 1073 4972 et
1104 4921 1185 4972 suos
1215 4902 1336 4972 eredes
1368 4900 1458 4970 mihi
1482 4903 1665 4973 nominato
1687 4903 1888 4991 truppoaldi
1913 4905 2063 4991 abbati,
2085 4905 2141 4972 vel

294 5055 343 5124 im
366 5072 452 5142 pars
476 5054 588 5142 ipsius
610 5055 796 5143 aecclesie,
820 5055 952 5143 biginti
976 5054 1056 5124 auri
1076 5055 1180 5123 solidi
1196 5055 1402 5126 costantini.
1422 5057 1519 5133 Quod
1542 5056 1668 5144 scripsi
1684 5073 1750 5144 ego
1766 5057 1958 5127 mtrandus
1981 5059 2145 5128 notarius
2236 5093 2241 5104 ι

294 5205 358 5294 qui
382 5207 543 5277 interlui.

341 5331 373 5448 †
396 5361 472 5448 Ego
490 5353 555 5448 'qui
578 5379 689 5448 supra
711 5359 871 5438 ademari
895 5359 1015 5427 iudex.

989 5677 1413 5694 m
