5408 7108
997 507 1334 585 bretonnrlo
1358 511 1423 586 US
1568 511 1571 515 ’
2026 507 2096 582 213

305 734 353 804 tis
378 736 451 804 dne
474 753 568 822 aqua
592 753 661 821 que
684 736 842 806 decurrit
864 735 907 805 de
931 735 1066 806 molina
1089 739 1277 823 vestraque
1298 736 1484 825 germani:
1510 737 1658 824 aparte
1688 734 1838 804 meridie
1875 732 2045 804 similiter
2068 732 2152 802 finis

298 887 370 959 via.
395 889 444 957 Ec
471 893 591 958 autem
617 888 775 976 predicta
800 891 902 978 pecie
926 889 968 958 de
992 892 1090 958 terra
1112 887 1209 958 infra
1233 887 1420 982 iamdictas
1442 889 1532 957 fines
1554 888 1683 958 inclita
1716 887 1906 958 medietate
1937 886 2019 956 inde
2050 886 2149 954 vobis

302 1040 481 1112 iamdictis
504 1043 687 1129 germanis
711 1039 841 1112 donabi
868 1061 949 1110 cum
972 1041 1093 1112 omnia
1118 1041 1215 1110 intro
1238 1059 1277 1108 se
1299 1039 1487 1110 abentibus
1510 1041 1743 1126 omnibusque
1766 1039 1842 1108 suis
1858 1038 2088 1128 pertinentiis
2111 1043 2149 1109 et

299 1213 381 1263 eum
404 1193 481 1264 vice
504 1194 547 1262 de
572 1196 647 1281 ipse
671 1195 740 1282 vie,
764 1194 810 1264 ad
836 1196 1015 1264 securiter
1038 1198 1074 1264 et
1096 1194 1246 1263 firmiter
1269 1194 1394 1264 amodo
1416 1197 1452 1262 et
1476 1212 1614 1281 semper
1637 1212 1698 1262 vos
1720 1193 1902 1264 iamdictis
1924 1194 2087 1282 germani
2112 1198 2150 1264 et

302 1345 429 1416 vestris
451 1347 619 1416 eredibus
642 1348 890 1436 suprascripta
914 1367 994 1417 mea
1022 1347 1215 1418 donatione
1238 1345 1415 1416 abendum
1438 1350 1474 1415 et
1495 1346 1615 1414 omnia
1639 1345 1720 1414 inde
1749 1347 1951 1416 faciendum
1974 1348 2067 1436 quod
2091 1365 2149 1416 vo·

298 1499 453 1588 neritis,
478 1500 614 1586 absque
636 1501 733 1569 omni
756 1510 837 1570 mee
852 1504 888 1570 et
906 1501 949 1570 de
964 1498 1052 1568 meis
1081 1501 1246 1569 eredibus
1261 1497 1514 1567 contrarietate
1530 1495 1585 1565 vel
1608 1497 1853 1584 requisitione:
1871 1497 1970 1568 Unde
1985 1516 2049 1586 pro
2066 1517 2149 1569 con-

298 1654 513 1724 firmandam
536 1659 572 1724 et
599 1653 889 1724 stabilissendam
913 1673 988 1724 ane
1011 1653 1254 1741 suprascripta
1275 1670 1355 1721 mea
1377 1650 1581 1739 donatione,
1604 1668 1700 1719 nunc
1716 1673 1738 1722 a
1754 1653 1930 1739 presentis
1947 1653 2143 1722 secundum

302 1807 416 1895 legem
439 1808 579 1894 suscepi
603 1827 626 1878 a
648 1808 710 1874 bos
734 1805 925 1876 iamdictis
948 1809 1132 1896 germanis
1155 1806 1331 1894 launegilt
1353 1827 1506 1896 grosena
1529 1815 1552 1891 ¹)
1576 1828 1673 1898 una,
1697 1811 1791 1878 sicut
1812 1807 1907 1878 inter
1930 1809 2032 1877 nobis
2055 1825 2147 1877 com·

304 1960 417 2028 benit:
449 1958 621 2045 finitoque
644 1958 819 2046 launegilt
843 1959 959 2046 ipsum
984 1964 1077 2047 aput
1100 1977 1164 2028 nos
1187 1978 1229 2029 ea
1251 1959 1403 2046 ratione,
1420 1979 1483 2047 per
1499 1959 1759 2031 combenientia
1780 1960 1916 2047 guadia
1937 1960 2037 2028 vobis
2061 1961 2149 2030 iam·

303 2109 410 2180 dictis
433 2111 618 2210 germanis
642 2110 721 2178 dedi
746 2114 782 2179 et
806 2111 1011 2179 fideiussore
1034 2112 1132 2180 vobis
1155 2113 1253 2197 posui
1280 2115 1427 2181 ioannes
1449 2130 1565 2180 comes
1588 2112 1685 2180 filius
1707 2111 1884 2199 quondam
1918 2111 2071 2184 adenolfi
2094 2113 2149 2180 iu·

300 2262 402 2350 dici3
427 2251 464 2331 e't
488 2281 551 2350 per
576 2265 655 2351 ipsa
677 2263 809 2349 guadia
833 2261 950 2350 obligo
974 2281 1029 2330 me
1052 2267 1088 2332 et
1110 2261 1199 2332 meis
1223 2263 1389 2332 eredibus
1412 2263 1537 2332 amodo
1559 2272 1596 2333 et
1610 2281 1751 2350 semper
1774 2243 2029 2334 defensandum
2045 2265 2145 2332 vobis

304 2403 474 2508 predictis
498 2419 681 2506 germanis
704 2419 808 2488 etad
833 2418 961 2488 vestris
984 2417 1148 2486 eredibus
1174 2417 1301 2487 inclita
1324 2415 1605 2504 suprascriptam
1621 2435 1702 2485 mea
1717 2416 1945 2524 donationem
1961 2417 2008 2487 da
2031 2419 2149 2526 omnis

302 2574 452 2672 omines.
479 2572 570 2648 Quot
593 2573 623 2640 si
648 2571 792 2639 minime
818 2570 899 2638 illut
922 2571 1015 2638 robis
1037 2575 1074 2638 et
1097 2569 1143 2639 ad
1166 2569 1293 2638 vestris
1315 2567 1480 2636 eredibus
1503 2567 1688 2638 defensare
1711 2570 1955 2658 potuerimus,
1979 2575 2078 2657 tunc,
2103 2571 2151 2640 si·

304 2725 366 2791 cut
389 2722 429 2791 in
454 2721 513 2791 lex
537 2722 866 2811 langnobardorum
888 2722 931 2792 de
955 2721 1087 2790 donum
1109 2724 1146 2791 et
1168 2721 1344 2809 launegilt
1366 2721 1536 2810 continet,
1561 2721 1614 2791 ita
1636 2741 1702 2824 ego
1724 2728 1761 2792 et
1783 2741 1878 2792 meos
1901 2726 2024 2796 eredes
2048 2726 2156 2796 adin·

301 2877 463 2966 pleamus
486 2881 522 2946 et
544 2878 787 2965 persolbamus
810 2876 941 2946 exinde
965 2877 1062 2946 vobis
1085 2853 1121 2946 et
1145 2877 1191 2946 ad
1215 2876 1340 2947 vestris
1362 2878 1528 2947 eredibus
1551 2879 1739 2967 iustitiam3
1767 2883 1804 2949 et
1826 2881 1968 2967 quando
1991 2900 2050 2951 vos
2067 2884 2157 2956 iam·

307 3029 399 3098 dicti
423 3029 588 3118 germani
613 3033 649 3098 et
670 3029 798 3102 vestris
821 3028 985 3096 eredibus
1008 3027 1052 3096 de
1074 3030 1318 3118 suprascripta
1341 3049 1420 3099 mea
1450 3029 1641 3100 donatione
1664 3050 1727 3120 per
1758 3034 1821 3100 bos
1844 3035 1931 3121 ipsis
1969 3035 2156 3105 volueritis

311 3200 429 3252 essere
452 3188 617 3254 auctores
640 3188 676 3253 et
695 3183 907 3272 defensores,
932 3186 1019 3251 tunc
1043 3181 1225 3250 licentiam
1249 3188 1284 3252 et
1307 3186 1517 3269 potestatem
1541 3184 1679 3254 abeatis
1702 3186 1742 3252 in
1765 3185 1930 3254 omnibus
1954 3187 2037 3263 inde
2060 3206 2146 3259 cau·

302 3351 387 3406 sare
411 3341 448 3407 et
474 3337 581 3405 finem
607 3338 737 3424 tacere,
761 3334 916 3424 qualiter
938 3335 1122 3405 volueritis
1145 3353 1228 3403 cum
1252 3336 1367 3404 omnis
1390 3338 1570 3406 monimen
1593 3341 1630 3406 et
1651 3337 1788 3408 ratione
1811 3357 1901 3426 quas
1925 3337 2009 3409 inde
2032 3345 2150 3410 osten·

311 3487 396 3558 dere
418 3487 614 3558 bolueritis.
638 3491 683 3558 Et
706 3489 738 3557 si
762 3488 885 3558 taliter
908 3489 1043 3576 omnia,
1065 3489 1160 3556 sicut
1182 3487 1345 3575 superius
1369 3487 1517 3576 legitur,
1541 3507 1606 3578 ego
1630 3494 1667 3556 et
1688 3508 1783 3560 meos
1808 3490 1932 3560 eredes
1955 3495 2054 3562 vobis
2070 3513 2148 3582 pre-

302 3638 414 3708 dictis
436 3641 622 3729 germanis
645 3643 682 3708 et
707 3640 753 3709 ad
776 3639 905 3708 restris
927 3639 1091 3709 eredibus
1112 3656 1183 3709 non
1207 3639 1530 3728 adimpleverimus,
1547 3645 1583 3710 et
1600 3641 1680 3710 illut
1702 3641 1758 3711 vel
1774 3641 1906 3712 exinde
1923 3645 2021 3713 vobis
2039 3664 2152 3715 remo·

304 3795 390 3862 bere
413 3796 479 3863 aut
504 3797 673 3862 contrane
697 3793 947 3888 quesierimus,
972 3793 1026 3862 vel
1048 3791 1079 3860 si
1102 3792 1371 3882 qualiscumque
1394 3775 1742 3866 causationes'vobis
1764 3801 1800 3866 et
1822 3797 1869 3867 ad
1886 3798 2015 3867 vestris
2038 3800 2151 3870 eredi-

306 3946 378 4012 bus
401 3943 533 4014 exinde
557 3940 796 4032 emiserimus,
819 3949 883 4015 aut
906 3947 1206 4034 preposuerimus‚
1229 3965 1293 4034 per
1314 3947 1428 4036 ipsam
1451 3949 1621 4036 guadiam
1645 3967 1854 4038 componere
1877 3949 1995 4040 obligo
2017 3969 2074 4022 me
2091 3971 2158 4042 ego

305 4097 498 4167 iamdictus
522 4096 722 4169 landemari
745 4103 781 4168 et
803 4099 891 4168 meis
914 4100 1080 4169 eredibus
1101 4099 1200 4170 vobis
1222 4099 1393 4188 predictis
1416 4101 1599 4188 germanis
1622 4101 1826 4194 comitibus,
1841 4124 1951 4192 qnam
1973 4111 2010 4176 et
2032 4107 2079 4178 ad
2095 4125 2151 4174 ve·

305 4248 393 4319 stris
416 4249 596 4337 eredibus,
623 4249 888 4338 quinquaginta
907 4252 989 4320 auri
1004 4248 1132 4331 solidos
1155 4250 1461 4322 constantinianos
1476 4255 1513 4320 et
1528 4254 1649 4324 omnia
1662 4258 1907 4346 suprascripta
1921 4275 1987 4346 ego
2010 4261 2047 4328 et
2060 4275 2158 4331 meos

306 4401 435 4473 eredes
462 4403 562 4472 vobis
586 4406 622 4472 et
644 4403 691 4473 ad
713 4405 841 4472 vestris
865 4401 1030 4473 eredibus
1053 4403 1320 4492 adimpleamus.
1347 4404 1392 4472 Et
1415 4401 1538 4474 taliter
1560 4409 1715 4479 scrivere
1738 4411 1943 4499 rogavimus
1959 4413 1995 4482 te
2010 4410 2161 4483 romoal-

307 4557 376 4627 dus
398 4557 593 4645 notarium‚
619 4560 739 4627 actum
761 4555 915 4626 salerno.

353 4681 384 4798 †
412 4710 488 4800 Ego
512 4709 575 4798 qui
598 4727 709 4796 supra
731 4712 873 4779 amatus
896 4706 1007 4780 iudex

354 5219 379 5301 Ι)
398 5235 550 5305 prosena,
573 5217 713 5281 forsitan
737 5216 826 5280 idem
850 5235 887 5280 ae
910 5216 1054 5280 crusina:
1078 5213 1183 5298 patrii.
1208 5233 1269 5278 seu
1292 5217 1391 5280 vestis
1414 5235 1534 5298 genus.
