5408 7108
622 519 691 594 nos
1265 525 1446 602 codun
1484 473 1754 618 cavannis

554 733 788 816 'consuetudo
813 747 925 860 ipsius
949 749 1032 837 loci,
1054 752 1150 819 sicut
1172 751 1336 839 superius
1358 751 1490 844 dictum
1514 759 1589 843 est,
1611 757 1649 824 ct
1669 757 1744 849 ipse
1765 755 1963 842 quartia-et
1985 755 2029 856 de
2052 772 2275 843 quocumque
2300 753 2420 841 fruges

575 894 668 981 qnod
694 895 822 964 ibidem
846 901 997 984 parntus
1020 900 1130 970 luerit
1153 904 1272 990 abere,
1292 904 1424 996 inclita
1448 907 1673 977 medictatem
1699 910 1781 978 inde
1804 929 1926 978 eorum
1950 910 2101 997 demus,
2125 913 2162 978 et
2185 908 2325 996 reliqua
2348 927 2422 978 me·

575 1044 746 1115 dietatem
765 1051 901 1120 exinde
925 1054 1028 1120 nobis
1052 1056 1307 1142 abeamusper
1330 1058 1538 1144 supradicta
1561 1047 1753 1154 guadiaet
1775 1061 1934 1150 obligata
1957 1079 2064 1149 pena,
2089 1063 2183 1150 quod
2207 1063 2334 1148 scripsi
2357 1079 2423 1149 ego
2543 1157 2550 1166 ·
2689 1111 2690 1128 η

571 1202 696 1284 petrus
718 1203 891 1271 notarius.

618 1323 649 1439 †
673 1353 748 1440 ligo
772 1355 993 1442 guandclseri

618 1477 749 1596 †Ego
771 1509 969 1579 dauferius.
1088 1517 1100 1538 ⁶
1139 1519 1145 1530 '

1220 2155 1227 2168 '
1336 2183 1340 2190 ·
1377 2165 1568 2280 3le-

1339 2459 1397 2546 A.
1425 2461 1480 2534 D.
1509 2461 1640 2537 1042.

615 2689 651 2831 †
676 2741 716 2806 ln
740 2742 885 2810 nomine
907 2741 1042 2866 domini
1066 2746 1383 2832 vicesimoquinto
1406 2763 1502 2816 auno
1525 2750 1749 2838 principatus
1778 2751 1899 2821 domni
1925 2739 2041 2831 n'ostri
2064 2754 2246 2843 guaimari
2276 2756 2424 2843 salerni,

424 2895 430 2906 '
568 2899 604 2963 et
626 2895 753 2983 quinto
777 2913 872 2965 anno
894 2894 1120 2983 principatus
1143 2899 1220 2969 eius
1244 2881 1368 2986 capue,
1385 2903 1421 2968 et
1436 2889 1564 2986 quarto
1586 2919 1683 2969 anno
1705 2901 1857 2974 ducatus
1881 2905 1958 2974 eius
1981 2905 2102 2976 amalfi
2125 2911 2161 2976 et
2183 2909 2359 2995 sirrenti,
2385 2915 2423 2978 et

568 3049 684 3134 primo
708 3067 804 3117 anno
828 3051 1054 3138 principatus
1077 3054 1113 3118 et
1138 3050 1287 3120 ducatus
1302 3051 1422 3119 domni
1439 3055 1550 3122 nostri
1568 3055 1685 3142 gisolfi
1701 3058 1778 3154 eius
1800 3057 1867 3127 filii
1883 3059 2029 3146 gloriosi
2047 3059 2287 3149 principibuS‚
2301 3080 2423 3132 mense

516 3223 524 3236 ¹
568 3203 782 3288 sebtembar‚
807 3182 997 3272 undecima
1021 3169 1225 3292 indictione:
1250 3204 1540 3271 Memoratorium
1556 3185 1693 3274 factum
1716 3201 1741 3276 a'
1756 3226 1812 3275 me
1828 3209 2003 3276 iohannes
2018 3224 2172 3276 curcone
2187 3207 2261 3275 filio
2277 3207 2426 3308 landolfi

567 3356 611 3425 de
634 3374 723 3444 apos
746 3361 942 3443 monta-,eo
965 3355 1058 3444 quod
1082 3359 1167 3424 ante
1189 3356 1369 3444 presentia
1392 3357 1551 3427 ademari
1574 3351 1714 3428 comitis
1736 3364 1771 3429 et
1793 3359 1902 3428 iudex
1917 3327 2232 3455 adtenendumhet
2256 3361 2424 3431 lauoran-

566 3511 657 3580 dum
676 3509 829 3581 tradidit
851 3512 957 3579 michi
982 3512 1200 3599 grimoaldus
1224 3530 1337 3580 comes
1360 3513 1455 3580 filius
1479 3511 1655 3606 quondam
1680 3515 1850 3584 romoaldi
1875 3512 2003 3582 inclita
2027 3513 2221 3582 sortionem
2244 3513 2288 3584 de
2315 3517 2447 3584 renum

565 3681 646 3754 sua,
670 3665 761 3754 quod
786 3667 869 3734 abet
894 3667 931 3733 in
957 3667 1031 3754 ipso
1056 3667 1171 3762 locum
1195 3669 1435 3753 apos-monte,
1461 3683 1528 3752 que
1551 3671 1636 3734 sunt
1659 3667 1701 3734 de
1724 3667 1839 3734 tribus
1861 3665 1959 3753 pecie
1975 3664 2018 3733 de
2042 3671 2140 3735 terra
2156 3686 2238 3735 cum
2263 3671 2423 3738 arbustis

565 3822 603 3887 et
626 3819 896 3906 apolloniatum,
921 3820 1013 3908 quod
1036 3839 1219 3890 commune
1232 3823 1326 3890 abet
1349 3840 1427 3889 cum
1438 3821 1668 3900 consortibus
1692 3822 1776 3898 suis,
1801 3820 1865 3906 qui
1888 3825 1973 3889 sunt
1996 3821 2119 3888 eredes
2146 3822 2339 3910 grimoaldi
2367 3767 2424 3890 cd·

527 3963 536 3982 ⁶
566 3973 664 4042 mitis
689 3973 763 4042 thio
787 3991 847 4040 suo
870 3975 906 4041 et
929 3973 1048 4041 eredes
1071 3973 1184 4043 alfani
1206 3991 1379 4062 germano
1402 3992 1481 4042 suc.
1505 3975 1618 4080 Unam
1642 3993 1687 4042 ex
1710 3975 1786 4060 ipse
1809 3972 1906 4060 pecie
1928 3977 1981 4042 est
2003 3995 2026 4045 a
2049 3994 2154 4062 super
2186 3977 2249 4045 via
2270 3978 2421 4063 puplica

447 4125 460 4146 “
566 4147 635 4214 que
660 4129 781 4216 pergit
801 4130 846 4199 ad
870 4129 1030 4217 nuceria,
1053 4133 1090 4198 et
1113 4129 1187 4208 alia
1210 4130 1312 4216 pecia
1337 4133 1389 4198 est
1413 4150 1436 4198 a
1458 4132 1581 4198 subtus
1605 4130 1682 4216 ipsa
1707 4128 1780 4217 via,
1805 4127 1941 4215 etipsa
1964 4127 2038 4199 alia
2060 4131 2162 4216 pecta
2187 4135 2241 4199 est
2273 4105 2449 4200 eonion-⁵

227 4305 237 4322 ·
321 4319 325 4330 ·
427 4321 430 4328 .
565 4287 624 4352 cta
647 4303 726 4352 cum
752 4283 829 4370 ipsa
852 4284 923 4353 via.
942 4286 1020 4370 lpsa
1036 4285 1151 4371 pecie,
1169 4297 1237 4370 que
1255 4287 1464 4367 estasuper
1484 4281 1561 4368 ipsa
1578 4283 1650 4369 via,
1668 4301 1731 4368 per
1747 4300 1786 4350 ec
1804 4284 1885 4349 finis
1902 4286 1940 4350 ct
1954 4283 2144 4386 mensurio:
2162 4281 2206 4350 de
2223 4302 2296 4351 una
2316 4288 2420 4370 parte

566 4439 639 4507 dne
664 4415 743 4527 ipsa
767 4439 839 4526 via,
864 4443 900 4508 et
922 4438 965 4508 de
987 4429 1101 4546 super*¹
1118 4437 1191 4504 dne
1213 4435 1307 4503 sicut
1330 4435 1462 4504 termiti
1486 4439 1523 4504 et
1545 4454 1627 4524 sepe
1649 4433 1847 4525 discernit,
1872 4443 1907 4507 et
1930 4437 1974 4506 de
1997 4438 2067 4508 alie
2091 4437 2228 4506 duobus
2253 4437 2418 4525 partibus

564 4585 643 4662 dne⁰
659 4592 814 4662 illorum.
840 4545 920 4681 Ipsa
942 4591 1014 4663 alia
1037 4591 1151 4680 pecia,
1176 4611 1246 4678 quc
1269 4595 1321 4660 est
1337 4589 1361 4660 a
1375 4593 1499 4659 subtus
1523 4589 1601 4679 ipsa
1624 4591 1698 4680 via,
1714 4591 1756 4659 de
1775 4609 1849 4660 nna
1870 4595 1974 4678 parte
1997 4593 2068 4661 dne
2092 4594 2170 4680 ipsa
2202 4593 2284 4678 uia,
2311 4596 2349 4660 et
2372 4591 2415 4659 de
2524 4693 2527 4697 .

564 4748 637 4822 alie
661 4747 776 4836 partis
799 4747 868 4814 fine
893 4745 1048 4813 illorum.
1073 4743 1242 4818 similiter
1265 4747 1301 4811 et
1326 4743 1404 4830 ipsa
1427 4744 1501 4812 alia
1525 4741 1626 4831 pccia
1649 4763 1718 4830 que
1740 4749 1794 4813 est
1815 4744 1986 4814 coniunta
2009 4745 2055 4816 ad
2080 4745 2158 4832 ipsa
2183 4746 2272 4832 via,
2295 4749 2351 4814 ost
2375 4743 2418 4814 de

563 4903 631 4973 due
653 4901 768 4990 partis
791 4881 861 4969 fine
891 4899 1042 4969 illorum.
1068 4898 1112 4982 de
1135 4896 1259 4986 inclite
1282 4896 1349 4965 iste
1374 4897 1488 4966 tribus
1511 4891 1610 4984 pecie
1644 4901 1812 4984 quartam
1837 4901 1988 4986 partem,
2012 4899 2105 4986 quod
2134 4902 2190 4968 est
2223 4902 2418 4970 sortionem
2466 4983 2475 4998 ι

564 5072 684 5142 suam,
708 5051 818 5123 michi
843 5052 1003 5122 tradidit:
1029 5049 1204 5136 simulque
1220 5055 1257 5120 et
1271 5037 1551 5134 tradidit'micbi
1575 5068 1686 5122 unam
1709 5055 1874 5138 quartam
1898 5056 2036 5140 partem
2059 5030 2195 5122 dc'alia
2219 5053 2420 5139 paciacum

461 5215 464 5224 '
564 5210 755 5278 arbustum
774 5211 811 5276 in
833 5209 910 5295 ipso
934 5207 1047 5276 locum
1070 5213 1106 5276 et
1129 5207 1325 5294 propinquo
1340 5193 1417 5292 pue
1440 5209 1493 5272 est
1515 5208 1706 5274 sortionem
1728 5179 1854 5292 suam,
1879 5207 1971 5294 quod
1994 5208 2114 5276 tenuit
2137 5209 2267 5276 abbate
2292 5207 2419 5276 iohan-

470 5361 474 5364 ’
563 5381 627 5433 nes
650 5362 805 5432 abitator
828 5361 870 5428 de
893 5361 969 5446 ipso
1005 5358 1146 5446 locum,
1170 5361 1263 5426 sicut
1285 5358 1454 5442 diximus,
1480 5357 1607 5426 inclita
1631 5359 1709 5444 ipsa
1735 5363 1901 5443 quartam
1925 5361 2028 5442 parte
2051 5357 2094 5426 de
2118 5361 2191 5425 tote
2216 5359 2291 5444 ipse
2313 5360 2416 5443 pecie

563 5516 656 5604 quod
679 5521 731 5584 est
754 5515 909 5582 sortione
932 5529 1010 5598 sua,
1035 5511 1145 5580 michi
1170 5509 1320 5578 tradidit
1343 5509 1407 5577 tali
1432 5509 1576 5596 tinore,
1600 5515 1637 5578 ut
1660 5510 1784 5580 amodo
1808 5515 1844 5578 et
1866 5509 1962 5577 omni
1989 5513 2145 5596 tempore
2169 5529 2236 5596 ego
2259 5517 2295 5578 et
2319 5527 2412 5578 meos

563 5669 713 5754 credes,
736 5671 839 5737 natos
862 5670 1060 5749 nascentes,
1085 5667 1204 5730 nostre
1229 5661 1413 5748 potestatis
1435 5660 1517 5728 illut
1539 5664 1660 5746 tenere
1684 5667 1719 5730 et
1742 5661 1941 5748 dominare,
1965 5665 2001 5731 et
2024 5663 2140 5729 omnis
2168 5667 2289 5730 nostro
2312 5659 2419 5730 utili-

565 5821 651 5891 tatis
675 5822 770 5890 iusta
795 5819 970 5889 rationem
993 5817 1043 5886 ibi
1068 5817 1212 5901 lacere,
1236 5819 1272 5882 et
1297 5813 1377 5881 illut
1403 5812 1604 5881 laboremus
1628 5815 1837 5883 annualiter
1863 5815 2081 5900 temporibus
2105 5817 2208 5903 suis,
2233 5814 2327 5882 sicut
2352 5832 2422 5884 me·
2496 5863 2507 5882 .
