5408 7108
627 521 698 594 262
860 581 865 590 ,
1260 516 1440 591 tobnx
1480 517 1756 592 CAVENSlS

579 744 756 813 cultemus
782 745 826 814 de
851 764 956 833 super
981 745 1081 814 etde
1104 748 1240 832 subter,
1265 746 1358 815 sicut
1383 748 1556 814 meruerit
1580 745 1665 814 locis
1684 746 1768 832 ipsis
1784 746 1828 815 de
1845 762 1933 811 vono
1950 745 2095 814 arbusto
2112 747 2148 810 et
2163 743 2432 828 abellanietum,

585 903 624 968 ut
648 900 838 986 proficiant
860 905 897 968 et
920 917 992 966 non
1015 901 1222 987 dispereant
1246 863 1283 968 et
1306 919 1368 986 per
1392 898 1508 966 omnis
1534 917 1669 967 annum
1686 900 1815 967 bonum
1831 902 1957 984 pareat
1975 899 2175 966 lavoratum
2192 901 2228 964 et
2243 896 2429 966 cultatem.

581 1056 627 1121 Et
651 1073 714 1140 per
738 1054 852 1121 omnis
876 1071 1011 1123 annum
1037 1057 1121 1140 apto
1146 1059 1302 1139 tempore
1319 1054 1391 1122 tale
1407 1053 1483 1139 ipse
1507 1052 1691 1121 abellanae
1714 1051 1925 1137 colligamus
1945 1057 1981 1120 et
1999 1068 2191 1136 menemus,
2209 1057 2244 1118 et
2262 1068 2323 1135 per
2349 1055 2436 1118 tem·

581 1225 665 1293 pore
693 1206 937 1275 devindemia
964 1224 1103 1293 semper
1128 1207 1223 1274 scire
1247 1207 1418 1276 iaciamus
1443 1225 1527 1292 pars
1552 1207 1663 1294 ipsius
1687 1205 1833 1276 ecclesie
1850 1189 1970 1272 'sancti
1995 1203 2157 1290 maximi,
2174 1207 2212 1272 ut
2230 1203 2360 1271 ibidem
2384 1202 2436 1270 di-

581 1364 679 1448 rigat
702 1362 851 1428 missum
877 1378 996 1446 suum,
1014 1363 1131 1446 elego
1155 1365 1191 1427 et
1215 1377 1310 1426 meos
1332 1361 1454 1428 eredes
1479 1363 1554 1446 ipso
1571 1363 1755 1428 arbustum
1781 1355 2036 1424 bindemiemus
2059 1363 2095 1424 et
2113 1359 2234 1425 vinum
2258 1357 2372 1443 ipsum
2389 1357 2434 1426 ad

584 1515 807 1602 palmentum
831 1531 1074 1600 procuremus,
1098 1513 1199 1581 etde
1223 1514 1338 1578 omnis
1362 1513 1483 1580 vinum
1502 1517 1538 1578 et
1554 1511 1719 1579 abelleno
1735 1515 1771 1578 et
1788 1513 1898 1596 pomis
1921 1510 2013 1596 quod
2037 1509 2121 1578 inde
2138 1507 2339 1596 fecerimus,
2365 1527 2435 1578 me·

581 1669 751 1736 dietatem
776 1667 859 1734 iude
875 1667 913 1732 in
930 1685 1015 1752 pars
1039 1666 1152 1752 ipsius
1175 1666 1320 1733 ecclesie
1345 1665 1473 1732 ibidem
1498 1665 1634 1751 demus,
1651 1667 1770 1732 tamen
1795 1665 1869 1750 ipse
1886 1664 2050 1732 abellane
2076 1679 2269 1748 seccemus,
2291 1665 2432 1750 reliqua

586 1823 759 1892 medietas
783 1823 866 1890 inde
889 1822 992 1889 nobis
1015 1825 1195 1890 abeamus.
1224 1821 1358 1888 Sortem
1383 1821 1495 1904 ipsius
1518 1821 1664 1888 ecclesie
1688 1820 1731 1887 de
1753 1821 1827 1904 ipso
1851 1821 1971 1886 vinum
1996 1837 2058 1904 per
2081 1835 2203 1886 omnes
2227 1836 2341 1886 annos
2366 1835 2430 1885 nos

498 2015 503 2024 ·
579 1973 663 2044 illut
687 1977 871 2044 mittamus
896 1976 934 2041 in
959 1993 1114 2060 organeo
1138 1975 1186 2041 da
1209 1976 1331 2040 vinum
1356 1974 1448 2060 quod
1473 1992 1557 2059 pars
1583 1974 1695 2060 ipsius
1718 1971 1863 2041 ecclesie
1888 1972 1989 2039 nobis
2018 1972 2147 2040 ibidem
2171 1971 2431 2059 adsignaverit,

577 2133 614 2196 et
640 2128 716 2214 ipso
739 2146 934 2215 organeum
957 2145 1094 2212 semper
1119 2145 1182 2193 nos
1197 2127 1402 2195 concicmus
1426 2130 1461 2192 et
1476 2127 1671 2192 studiemus
1696 2127 1838 2210 bonum,
1856 2129 1893 2192 et
1910 2142 2122 2211 reponamus
2138 2125 2176 2189 in
2192 2129 2314 2194 nostra
2330 2141 2433 2192 man·

577 2282 691 2368 sione,
716 2300 823 2368 quam
848 2259 995 2349 abemus
1018 2281 1057 2346 in
1081 2281 1155 2348 alia
1180 2299 1236 2347 res
1260 2279 1372 2366 ipsius
1396 2279 1555 2353 ecclesie,
1582 2283 1617 2346 et
1640 2278 1780 2345 salbum
1808 2279 1880 2362 ipso
1905 2275 2026 2343 vinum
2051 2276 2252 2366 faciamus,
2277 2276 2361 2344 dum
2388 2279 2430 2342 il-

576 2438 632 2504 lut
657 2435 738 2502 inde
763 2433 887 2502 tulerit
911 2453 996 2517 pars
1020 2433 1131 2520 ipsius
1156 2434 1303 2502 ecclesie
1328 2435 1461 2517 absque
1493 2429 1771 2517 degeneratione
1800 2437 1836 2497 et
1859 2435 1991 2516 ingne:
2018 2395 2299 2516 missum'ipsius
2322 2429 2431 2498 eccle-

574 2592 639 2672 sie,
664 2587 748 2655 dum
772 2605 835 2672 per
858 2586 1035 2654 vindemie
1059 2591 1094 2652 et
1119 2605 1181 2671 pro
1204 2587 1282 2672 ipsa
1305 2585 1426 2671 frugia
1451 2585 1642 2668 recipiendi
1674 2583 1805 2650 ibidem
1828 2585 1995 2668 steterit,
2028 2601 2090 2651 nos
2116 2585 2198 2654 illut
2222 2589 2422 2655 nutriemns

573 2739 767 2809 secundum
790 2745 946 2808 nostram
970 2740 1238 2826 possivilitatem
1252 2788 1262 2825 ‚
1286 2741 1322 2805 et
1345 2739 1467 2806 demus
1491 2739 1523 2804 ei
1549 2755 1611 2822 per
1635 2754 1755 2803 omnes
1779 2754 1892 2804 annos
1917 2736 2199 2824 palmentatiea,
2224 2741 2318 2807 sicut
2340 2758 2424 2807 con·

573 2893 722 2961 suetudo
745 2898 798 2960 est
822 2912 884 2978 per
908 2890 982 2978 ipso
1006 2892 1146 2976 locum3
1170 2897 1205 2959 et
1228 2893 1270 2958 de
1294 2892 1385 2978 quod
1409 2908 1629 2976 perannum
1656 2892 1692 2957 in
1718 2892 1794 2975 ipsa
1821 2891 2035 2959 tradictione
2060 2889 2275 2960 seminatum
2299 2891 2429 2978 fuerit,

578 3048 703 3114 demus
729 3047 812 3114 inde
835 3045 1057 3129 terraticum,
1081 3044 1174 3111 sicut
1197 3043 1411 3110 consuetudo
1433 3047 1497 3111 est.
1524 3043 1567 3110 Et
1591 3041 1695 3128 quale
1718 3044 1874 3126 ternpore
1901 3041 1978 3128 ipsa
2003 3061 2058 3108 res
2083 3048 2204 3111 tenere
2227 3047 2263 3110 et
2288 3042 2428 3112 lavora-

574 3219 613 3269 re
637 3199 870 3298 noluerimus,
894 3196 1020 3266 inclita
1043 3195 1289 3282 suprascripta
1312 3195 1508 3265 traditione
1533 3197 1624 3265 bona
1649 3197 1810 3264 lavorata
1834 3197 2058 3264 remittamus
2080 3197 2121 3263 in
2139 3215 2223 3282 pars
2240 3197 2353 3283 ipsius
2370 3215 2426 3264 ec-

575 3353 698 3438 clesie,
723 3355 759 3420 et
781 3369 845 3418 nos
871 3351 976 3420 liceat
1001 3350 1084 3419 inde
1108 3353 1209 3419 exire
1232 3369 1311 3418 cum
1336 3367 1485 3435 omnem*
1505 3355 1664 3415 nostrum
1691 3347 1860 3415 mobilem
1890 3354 1925 3416 et
1953 3347 2006 3417 ire
2033 3349 2092 3416 ubi
2125 3348 2353 3417 boluerimus.
2380 3351 2428 3418 De

573 3526 647 3594 qua
671 3525 735 3594 per
759 3505 1056 3574 combenientiam
1081 3504 1216 3591 guadia
1240 3503 1350 3570 michi
1375 3502 1450 3588 ipse
1473 3503 1623 3568 domnus
1646 3503 1757 3569 abbas
1780 3499 1860 3568 dedi
1885 3507 1921 3569 et
1935 3499 2166 3568 mediatorem
2183 3499 2290 3568 micbi
2309 3503 2426 3588 posuit

577 3661 681 3728 basso
705 3622 856 3727 clericus
879 3657 974 3725 filius
996 3657 1174 3745 quondam
1199 3655 1371 3739 iohanni3
1397 3661 1432 3722 et
1456 3673 1518 3739 per
1543 3655 1619 3740 ipsa
1643 3655 1776 3741 guadia
1800 3659 1867 3721 etc.
1888 3655 2035 3722 statuto
2058 3655 2172 3722 inulta
2190 3657 2348 3740 triptota
2363 3672 2428 3723 uu-

570 3807 819 3882 ri'solidorum
841 3815 1223 3882 constantiniauorum.
1249 3811 1362 3885 Quam
1384 3812 1510 3896 scripsi
1534 3827 1600 3896 ego
1625 3815 1744 3895 petrus
1769 3809 1931 3877 notarius
1955 3814 2075 3877 actum
2099 3808 2253 3877 salerno.

616 3937 647 4053 †
672 3968 751 4054 Ego
774 3966 916 4035 Alterus
939 3966 1148 4037 nominatus
1171 3965 1344 4033 diaconus
1366 3963 1646 4048 archipresbiter
1669 3967 1706 4030 et
1730 3962 1854 4031 abbas.

618 4089 649 4208 †
674 4120 751 4208 Ego
774 4123 898 4207 petrus
922 4121 1095 4206 presbiter
1119 4123 1154 4186 et
1178 4117 1454 4205 primiclericus.

1420 4640 1597 4720 MXL·

1355 4908 1412 4982 A.
1440 4905 1495 4980 D.
1528 4903 1657 4980 1044.

615 5111 650 5250 †
675 5165 714 5230 ln
736 5164 878 5232 nornine
901 5165 1034 5231 domini
1059 5162 1229 5232 vicesimo
1252 5169 1352 5232 sexto
1376 5180 1472 5232 anno
1496 5165 1719 5251 principatus
1742 5166 1875 5234 salerni
1900 5162 2019 5232 domni
2042 5163 2154 5231 nostri
2173 5144 2422 5250 guaimari,et

570 5321 672 5385 sexto
695 5335 791 5385 anno
816 5317 1042 5418 principatus
1065 5320 1143 5386 eius
1166 5335 1291 5404 capue,
1307 5321 1343 5385 et
1359 5319 1432 5385 dux
1456 5317 1533 5386 eius
1556 5317 1691 5405 amalfi,
1709 5323 1745 5386 et
1768 5319 1894 5405 quinto
1919 5323 1940 5400 ¹)
1965 5334 2060 5386 anno
2083 5317 2233 5386 ducatus
2250 5316 2329 5385 eius
2349 5333 2427 5384 sur·

567 5469 735 5554 rentum,
759 5472 796 5535 et
819 5469 926 5536 tertio
950 5487 1044 5538 anno
1068 5470 1292 5557 principatus
1315 5468 1434 5538 domni
1459 5471 1571 5538 nostri
1595 5467 1715 5555 gisuld
1745 5471 1823 5538 eius
1847 5469 1926 5548 filii,
1951 5468 2187 5557 gloriosorum
2221 5467 2421 5556 suprascri-

608 5836 633 5918 ¹)
656 5835 765 5916 Lege:
790 5845 894 5902 sexto.
