<?xml version="1.0" encoding="UTF-8"?>
<!DOCTYPE html PUBLIC "-//W3C//DTD XHTML 1.0 Transitional//EN"
    "http://www.w3.org/TR/xhtml1/DTD/xhtml1-transitional.dtd">
<html xmlns="http://www.w3.org/1999/xhtml" xml:lang="en" lang="en">
 <head>
  <title>
</title>
<meta http-equiv="Content-Type" content="text/html;charset=utf-8" />
  <meta name='ocr-system' content='tesseract 3.04.00' />
  <meta name='ocr-capabilities' content='ocr_page ocr_carea ocr_par ocr_line ocrx_word'/>
</head>
<body>
  <div class='ocr_page' id='page_1' title='image "./codexdiplomatic04aragoog_0389.png"; bbox 0 0 5406 7090; ppageno 0'>
   <div class='ocr_carea' id='block_1_1' title="bbox 662 726 1837 867">
    <p class='ocr_par' dir='ltr' id='par_1_1' title="bbox 662 726 1837 867">
     <span class='ocr_line' id='line_1_1' title="bbox 662 726 1837 867; baseline 0.022 -63"><span class='ocrx_word' id='word_1_1' title='bbox 662 726 760 804; x_wconf 87' lang='lat' dir='ltr'><strong>uon.</strong></span> <span class='ocrx_word' id='word_1_2' title='bbox 790 727 890 806; x_wconf 78' lang='lat' dir='ltr'><strong>cnr.</strong></span> <span class='ocrx_word' id='word_1_3' title='bbox 1620 748 1837 867; x_wconf 71' lang='lat' dir='ltr'><strong>suasano.</strong></span> 
     </span>
    </p>
   </div>
   <div class='ocr_carea' id='block_1_2' title="bbox 316 1017 2176 1145">
    <p class='ocr_par' dir='ltr' id='par_1_2' title="bbox 316 1017 2176 1145">
     <span class='ocr_line' id='line_1_2' title="bbox 316 1017 2176 1145; baseline 0.02 -42"><span class='ocrx_word' id='word_1_4' title='bbox 316 1028 473 1104; x_wconf 83' lang='lat' dir='ltr'><strong>Tandem</strong></span> <span class='ocrx_word' id='word_1_5' title='bbox 500 1031 614 1128; x_wconf 91' lang='lat' dir='ltr'><strong>potior</strong></span> <span class='ocrx_word' id='word_1_6' title='bbox 638 1033 774 1108; x_wconf 90' lang='lat' dir='ltr'><strong>cunctis</strong></span> <span class='ocrx_word' id='word_1_7' title='bbox 800 1031 884 1109; x_wconf 88' lang='lat' dir='ltr'><strong>haec</strong></span> <span class='ocrx_word' id='word_1_8' title='bbox 911 1036 1001 1110; x_wconf 88' lang='lat' dir='ltr'><strong>sedit</strong></span> <span class='ocrx_word' id='word_1_9' title='bbox 1038 1038 1223 1123; x_wconf 87' lang='lat' dir='ltr'><strong>sententio,</strong></span> <span class='ocrx_word' id='word_1_10' title='bbox 1266 1041 1353 1114; x_wconf 78' lang='lat' dir='ltr'><strong>tibus</strong></span> <span class='ocrx_word' id='word_1_11' title='bbox 1379 1043 1519 1118; x_wconf 86' lang='lat' dir='ltr'><strong>tandem</strong></span> <span class='ocrx_word' id='word_1_12' title='bbox 1537 1050 1650 1145; x_wconf 90' lang='lat' dir='ltr'><strong>potior</strong></span> <span class='ocrx_word' id='word_1_13' title='bbox 1667 1017 1804 1128; x_wconf 88' lang='lat' dir='ltr'><strong>cunctis</strong></span> <span class='ocrx_word' id='word_1_14' title='bbox 1823 1055 1908 1135; x_wconf 88' lang='lat' dir='ltr'><strong>haec</strong></span> <span class='ocrx_word' id='word_1_15' title='bbox 1928 1062 2017 1138; x_wconf 86' lang='lat' dir='ltr'><strong>sedit</strong></span> <span class='ocrx_word' id='word_1_16' title='bbox 2037 1075 2176 1142; x_wconf 91' lang='lat' dir='ltr'><strong>senten-</strong></span> 
     </span>
    </p>
   </div>
   <div class='ocr_carea' id='block_1_3' title="bbox 325 1182 2175 1313">
    <p class='ocr_par' dir='ltr' id='par_1_3' title="bbox 325 1182 2175 1313">
     <span class='ocr_line' id='line_1_3' title="bbox 325 1182 2175 1313; baseline 0.019 -57"><span class='ocrx_word' id='word_1_17' title='bbox 325 1182 462 1257; x_wconf 87' lang='lat' dir='ltr'><strong>scilioet</strong></span> <span class='ocrx_word' id='word_1_18' title='bbox 482 1193 519 1258; x_wconf 93' lang='lat' dir='ltr'><strong>ut</strong></span> <span class='ocrx_word' id='word_1_19' title='bbox 535 1185 622 1258; x_wconf 85' lang='lat' dir='ltr'><strong>douo</strong></span> <span class='ocrx_word' id='word_1_20' title='bbox 638 1185 720 1277; x_wconf 80' lang='lat' dir='ltr'><strong>fidei</strong></span> <span class='ocrx_word' id='word_1_21' title='bbox 744 1186 890 1261; x_wconf 79' lang='lat' dir='ltr'><strong>tuomioc</strong></span> <span class='ocrx_word' id='word_1_22' title='bbox 911 1193 1226 1285; x_wconf 82' lang='lat' dir='ltr'><strong>praestantissimus</strong></span> <span class='ocrx_word' id='word_1_23' title='bbox 1265 1186 1328 1275; x_wconf 77' lang='lat' dir='ltr'><strong>tiu,</strong></span> <span class='ocrx_word' id='word_1_24' title='bbox 1356 1191 1520 1297; x_wconf 71' lang='lat' dir='ltr'><strong>scilicet,</strong></span> <span class='ocrx_word' id='word_1_25' title='bbox 1548 1207 1587 1270; x_wconf 86' lang='lat' dir='ltr'><strong>ut</strong></span> <span class='ocrx_word' id='word_1_26' title='bbox 1614 1201 1660 1272; x_wconf 86' lang='lat' dir='ltr'><strong>ud</strong></span> <span class='ocrx_word' id='word_1_27' title='bbox 1683 1201 1774 1276; x_wconf 83' lang='lat' dir='ltr'><strong>dono</strong></span> <span class='ocrx_word' id='word_1_28' title='bbox 1798 1206 1881 1298; x_wconf 85' lang='lat' dir='ltr'><strong>fidoi</strong></span> <span class='ocrx_word' id='word_1_29' title='bbox 1907 1213 2052 1288; x_wconf 85' lang='lat' dir='ltr'><strong>tuoudoc</strong></span> <span class='ocrx_word' id='word_1_30' title='bbox 2073 1239 2175 1313; x_wconf 86' lang='lat' dir='ltr'><strong>proo-</strong></span> 
     </span>
    </p>
   </div>
   <div class='ocr_carea' id='block_1_4' title="bbox 196 1333 2167 1450">
    <p class='ocr_par' dir='ltr' id='par_1_4' title="bbox 196 1333 2167 1450">
     <span class='ocr_line' id='line_1_4' title="bbox 196 1333 2167 1450; baseline 0.018 -52"><span class='ocrx_word' id='word_1_31' title='bbox 196 1443 202 1450; x_wconf 28' lang='grc'><em>.</em></span> <span class='ocrx_word' id='word_1_32' title='bbox 323 1333 472 1432; x_wconf 76' lang='lat' dir='ltr'><strong>eligatur</strong></span> <span class='ocrx_word' id='word_1_33' title='bbox 501 1392 1221 1412; x_wconf 86' lang='lat'><strong>............</strong></span> <span class='ocrx_word' id='word_1_34' title='bbox 1265 1348 1493 1422; x_wconf 75' lang='lat' dir='ltr'><strong>rtccttsstmor</strong></span> <span class='ocrx_word' id='word_1_35' title='bbox 1518 1347 1667 1447; x_wconf 77' lang='lat' dir='ltr'>eligatur</span> <span class='ocrx_word' id='word_1_36' title='bbox 1718 1412 2167 1442; x_wconf 88' lang='grc'><strong>........</strong></span> 
     </span>
    </p>
   </div>
   <div class='ocr_carea' id='block_1_5' title="bbox 320 1490 2174 1612">
    <p class='ocr_par' dir='ltr' id='par_1_5' title="bbox 320 1490 2174 1612">
     <span class='ocr_line' id='line_1_5' title="bbox 320 1490 2174 1612; baseline 0.017 -50"><span class='ocrx_word' id='word_1_37' title='bbox 320 1490 402 1563; x_wconf 93' lang='lat' dir='ltr'><strong>dum</strong></span> <span class='ocrx_word' id='word_1_38' title='bbox 429 1516 489 1588; x_wconf 91' lang='lat' dir='ltr'><strong>per</strong></span> <span class='ocrx_word' id='word_1_39' title='bbox 514 1491 650 1567; x_wconf 91' lang='lat' dir='ltr'><strong>aurium</strong></span> <span class='ocrx_word' id='word_1_40' title='bbox 675 1493 851 1569; x_wconf 84' lang='lat' dir='ltr'><strong>volutatur</strong></span> <span class='ocrx_word' id='word_1_41' title='bbox 888 1497 1158 1592; x_wconf 79' lang='lat' dir='ltr'><strong>conceptaculo.</strong></span> <span class='ocrx_word' id='word_1_42' title='bbox 1214 1547 1222 1562; x_wconf 87' lang='lat'><strong>.</strong></span> <span class='ocrx_word' id='word_1_43' title='bbox 1266 1495 1346 1569; x_wconf 93' lang='lat' dir='ltr'><strong>dum</strong></span> <span class='ocrx_word' id='word_1_44' title='bbox 1374 1525 1434 1596; x_wconf 90' lang='lat' dir='ltr'><strong>per</strong></span> <span class='ocrx_word' id='word_1_45' title='bbox 1467 1505 1604 1576; x_wconf 83' lang='lat' dir='ltr'><strong>aurium</strong></span> <span class='ocrx_word' id='word_1_46' title='bbox 1644 1507 1819 1584; x_wconf 87' lang='lat' dir='ltr'><strong>volutatur</strong></span> <span class='ocrx_word' id='word_1_47' title='bbox 1847 1521 2061 1612; x_wconf 82' lang='lat' dir='ltr'><strong>receptaculo</strong></span> <span class='ocrx_word' id='word_1_48' title='bbox 2102 1577 2110 1594; x_wconf 94' lang='lat'><strong>.</strong></span> <span class='ocrx_word' id='word_1_49' title='bbox 2166 1578 2174 1592; x_wconf 90' lang='lat'><strong>.</strong></span> 
     </span>
    </p>
   </div>
   <div class='ocr_carea' id='block_1_6' title="bbox 316 1641 2176 1889">
    <p class='ocr_par' dir='ltr' id='par_1_6' title="bbox 316 1641 2176 1889">
     <span class='ocr_line' id='line_1_6' title="bbox 316 1641 2176 1768; baseline 0.019 -54"><span class='ocrx_word' id='word_1_50' title='bbox 316 1641 483 1716; x_wconf 82' lang='lat' dir='ltr'><strong>sevientis</strong></span> <span class='ocrx_word' id='word_1_51' title='bbox 502 1644 608 1717; x_wconf 88' lang='lat' dir='ltr'><strong>maris</strong></span> <span class='ocrx_word' id='word_1_52' title='bbox 634 1645 822 1720; x_wconf 77' lang='lat' dir='ltr'><strong><em>horrendae</em></strong></span> <span class='ocrx_word' id='word_1_53' title='bbox 843 1648 1009 1742; x_wconf 80' lang='lat' dir='ltr'><em>procellae</em></span> <span class='ocrx_word' id='word_1_54' title='bbox 1087 1701 1092 1714; x_wconf 93' lang='lat'><em>.</em></span> <span class='ocrx_word' id='word_1_55' title='bbox 1150 1702 1158 1716; x_wconf 92' lang='lat'><strong><em>.</em></strong></span> <span class='ocrx_word' id='word_1_56' title='bbox 1215 1699 1222 1714; x_wconf 90' lang='lat'><strong>.</strong></span> <span class='ocrx_word' id='word_1_57' title='bbox 1265 1649 1431 1726; x_wconf 78' lang='lat' dir='ltr'><strong>sevientis</strong></span> <span class='ocrx_word' id='word_1_58' title='bbox 1459 1655 1563 1728; x_wconf 88' lang='lat' dir='ltr'><strong>maris</strong></span> <span class='ocrx_word' id='word_1_59' title='bbox 1580 1659 1787 1759; x_wconf 76' lang='lat' dir='ltr'><strong>rodcudoo(³</strong></span> <span class='ocrx_word' id='word_1_60' title='bbox 1804 1665 1985 1768; x_wconf 79' lang='lat' dir='ltr'><strong>rodmdoe)</strong></span> <span class='ocrx_word' id='word_1_61' title='bbox 1999 1673 2176 1768; x_wconf 76' lang='lat' dir='ltr'><strong>procellae.</strong></span> 
     </span>
     <span class='ocr_line' id='line_1_7' title="bbox 326 1792 1275 1889; baseline 0.002 -28"><span class='ocrx_word' id='word_1_62' title='bbox 326 1799 360 1863; x_wconf 91' lang='lat' dir='ltr'><strong>et</strong></span> <span class='ocrx_word' id='word_1_63' title='bbox 377 1815 464 1887; x_wconf 91' lang='lat' dir='ltr'><strong>quae</strong></span> <span class='ocrx_word' id='word_1_64' title='bbox 481 1792 546 1864; x_wconf 90' lang='lat' dir='ltr'><strong>sibi</strong></span> <span class='ocrx_word' id='word_1_65' title='bbox 566 1793 712 1889; x_wconf 88' lang='lat' dir='ltr'><strong>quisque</strong></span> <span class='ocrx_word' id='word_1_66' title='bbox 730 1793 885 1882; x_wconf 89' lang='lat' dir='ltr'><strong>timebat,</strong></span> <span class='ocrx_word' id='word_1_67' title='bbox 908 1795 941 1868; x_wconf 91' lang='lat' dir='ltr'><strong>in</strong></span> <span class='ocrx_word' id='word_1_68' title='bbox 957 1795 1036 1868; x_wconf 84' lang='lat' dir='ltr'><strong>iilos</strong></span> <span class='ocrx_word' id='word_1_69' title='bbox 1062 1817 1226 1869; x_wconf 89' lang='lat' dir='ltr'><strong>conversa</strong></span> <span class='ocrx_word' id='word_1_70' title='bbox 1269 1851 1275 1863; x_wconf 96' lang='lat'>.</span> 
     </span>
    </p>
   </div>
   <div class='ocr_carea' id='block_1_7' title="bbox 312 1938 2176 2668">
    <p class='ocr_par' dir='ltr' id='par_1_7' title="bbox 319 1938 549 2040">
     <span class='ocr_line' id='line_1_8' title="bbox 319 1938 549 2040; baseline 0.004 -28"><span class='ocrx_word' id='word_1_71' title='bbox 319 1938 477 2015; x_wconf 89' lang='lat' dir='ltr'><strong>tulerunt</strong></span> <span class='ocrx_word' id='word_1_72' title='bbox 494 1942 549 2040; x_wconf 86' lang='lat' dir='ltr'><strong>(a).</strong></span> 
     </span>
    </p>

    <p class='ocr_par' dir='ltr' id='par_1_8' title="bbox 312 2099 2176 2502">
     <span class='ocr_line' id='line_1_9' title="bbox 377 2099 2176 2217; baseline 0.016 -53"><span class='ocrx_word' id='word_1_73' title='bbox 377 2151 384 2164; x_wconf 89' lang='lat'>.</span> <span class='ocrx_word' id='word_1_74' title='bbox 441 2152 448 2167; x_wconf 93' lang='lat'><em>.</em></span> <span class='ocrx_word' id='word_1_75' title='bbox 505 2099 699 2194; x_wconf 72' lang='lat' dir='ltr'><strong>,eiusdem</strong></span> <span class='ocrx_word' id='word_1_76' title='bbox 726 2099 973 2197; x_wconf 90' lang='lat' dir='ltr'><strong>omnipotentia</strong></span> <span class='ocrx_word' id='word_1_77' title='bbox 999 2100 1130 2187; x_wconf 81' lang='lat' dir='ltr'><strong>fretus,</strong></span> <span class='ocrx_word' id='word_1_78' title='bbox 1159 2124 1226 2197; x_wconf 88' lang='lat' dir='ltr'><strong>qua</strong></span> <span class='ocrx_word' id='word_1_79' title='bbox 1268 2105 1522 2202; x_wconf 67' lang='lat' dir='ltr'><strong>tto-ejusdem</strong></span> <span class='ocrx_word' id='word_1_80' title='bbox 1549 2111 1797 2207; x_wconf 89' lang='lat' dir='ltr'><strong>omnipotentia</strong></span> <span class='ocrx_word' id='word_1_81' title='bbox 1816 2113 1940 2202; x_wconf 83' lang='lat' dir='ltr'><strong>fretos,</strong></span> <span class='ocrx_word' id='word_1_82' title='bbox 1960 2142 2027 2215; x_wconf 89' lang='lat' dir='ltr'><strong>quc</strong></span> <span class='ocrx_word' id='word_1_83' title='bbox 2043 2123 2176 2217; x_wconf 86' lang='lat' dir='ltr'><strong>ruqitus</strong></span> 
     </span>
     <span class='ocr_line' id='line_1_10' title="bbox 312 2250 2175 2367; baseline 0.013 -44"><span class='ocrx_word' id='word_1_84' title='bbox 312 2250 415 2326; x_wconf 88' lang='lat' dir='ltr'><strong>etiam</strong></span> <span class='ocrx_word' id='word_1_85' title='bbox 441 2251 532 2327; x_wconf 90' lang='lat' dir='ltr'><strong>inter</strong></span> <span class='ocrx_word' id='word_1_86' title='bbox 558 2255 675 2328; x_wconf 85' lang='lat' dir='ltr'><strong>omnia</strong></span> <span class='ocrx_word' id='word_1_87' title='bbox 706 2259 838 2352; x_wconf 84' lang='lat' dir='ltr'><strong>roqitus</strong></span> <span class='ocrx_word' id='word_1_88' title='bbox 875 2261 992 2331; x_wconf 86' lang='lat' dir='ltr'><strong>osiuoo</strong></span> <span class='ocrx_word' id='word_1_89' title='bbox 1032 2255 1066 2328; x_wconf 87' lang='lat' dir='ltr'><strong>in</strong></span> <span class='ocrx_word' id='word_1_90' title='bbox 1105 2257 1224 2330; x_wconf 86' lang='lat' dir='ltr'><strong>facun—</strong></span> <span class='ocrx_word' id='word_1_91' title='bbox 1265 2261 1434 2360; x_wconf 79' lang='lat' dir='ltr'><strong>(cudite)</strong></span> <span class='ocrx_word' id='word_1_92' title='bbox 1462 2268 1581 2338; x_wconf 81' lang='lat' dir='ltr'><strong>acinco</strong></span> <span class='ocrx_word' id='word_1_93' title='bbox 1615 2265 1650 2337; x_wconf 95' lang='lat' dir='ltr'><strong>in</strong></span> <span class='ocrx_word' id='word_1_94' title='bbox 1677 2269 1861 2343; x_wconf 78' lang='lat' dir='ltr'><strong>facundiae</strong></span> <span class='ocrx_word' id='word_1_95' title='bbox 1894 2273 2175 2367; x_wconf 82' lang='lat' dir='ltr'><strong>potestttecterc</strong></span> 
     </span>
     <span class='ocr_line' id='line_1_11' title="bbox 312 2403 1610 2502; baseline 0.007 -27"><span class='ocrx_word' id='word_1_96' title='bbox 312 2403 388 2477; x_wconf 91' lang='lat' dir='ltr'><strong>diae</strong></span> <span class='ocrx_word' id='word_1_97' title='bbox 411 2415 522 2502; x_wconf 89' lang='lat' dir='ltr'><strong>potest</strong></span> <span class='ocrx_word' id='word_1_98' title='bbox 547 2409 686 2482; x_wconf 85' lang='lat' dir='ltr'><strong>flectere</strong></span> <span class='ocrx_word' id='word_1_99' title='bbox 713 2433 817 2482; x_wconf 88' lang='lat' dir='ltr'><strong>sonos</strong></span> <span class='ocrx_word' id='word_1_100' title='bbox 847 2462 1172 2482; x_wconf 91' lang='lat'><strong>......</strong></span> <span class='ocrx_word' id='word_1_101' title='bbox 1265 2433 1369 2482; x_wconf 89' lang='lat' dir='ltr'><strong>sonos</strong></span> <span class='ocrx_word' id='word_1_102' title='bbox 1422 2467 1430 2484; x_wconf 92' lang='lat'><strong>.</strong></span> <span class='ocrx_word' id='word_1_103' title='bbox 1479 2467 1487 2485; x_wconf 89' lang='lat'>.</span> <span class='ocrx_word' id='word_1_104' title='bbox 1540 2468 1548 2485; x_wconf 93' lang='lat'><strong>.</strong></span> <span class='ocrx_word' id='word_1_105' title='bbox 1602 2469 1610 2484; x_wconf 94' lang='lat'><strong>.</strong></span> 
     </span>
    </p>

    <p class='ocr_par' dir='ltr' id='par_1_9' title="bbox 315 2556 2175 2668">
     <span class='ocr_line' id='line_1_12' title="bbox 315 2556 2175 2668; baseline 0.009 -37"><span class='ocrx_word' id='word_1_106' title='bbox 315 2616 355 2634; x_wconf 92' lang='lat'><strong>..</strong></span> <span class='ocrx_word' id='word_1_107' title='bbox 384 2617 391 2630; x_wconf 91' lang='lat'><em>.</em></span> <span class='ocrx_word' id='word_1_108' title='bbox 422 2559 573 2634; x_wconf 89' lang='lat' dir='ltr'><strong>medium</strong></span> <span class='ocrx_word' id='word_1_109' title='bbox 600 2564 679 2637; x_wconf 79' lang='lat' dir='ltr'><strong>freti</strong></span> <span class='ocrx_word' id='word_1_110' title='bbox 705 2587 767 2660; x_wconf 89' lang='lat' dir='ltr'><strong>quo</strong></span> <span class='ocrx_word' id='word_1_111' title='bbox 793 2587 815 2636; x_wconf 91' lang='lat' dir='ltr'><strong>o</strong></span> <span class='ocrx_word' id='word_1_112' title='bbox 844 2563 963 2659; x_wconf 86' lang='lat' dir='ltr'><strong>qotlioo</strong></span> <span class='ocrx_word' id='word_1_113' title='bbox 988 2561 1225 2635; x_wconf 78' lang='lat' dir='ltr'><strong>ricoubrittou-</strong></span> <span class='ocrx_word' id='word_1_114' title='bbox 1269 2556 1346 2633; x_wconf 85' lang='lat'><strong>16.</strong></span> <span class='ocrx_word' id='word_1_115' title='bbox 1397 2615 1405 2632; x_wconf 90' lang='lat'><strong>.</strong></span> <span class='ocrx_word' id='word_1_116' title='bbox 1453 2612 1463 2633; x_wconf 92' lang='lat'><strong>.</strong></span> <span class='ocrx_word' id='word_1_117' title='bbox 1514 2616 1522 2632; x_wconf 94' lang='lat'><strong>.</strong></span> <span class='ocrx_word' id='word_1_118' title='bbox 1575 2557 1732 2634; x_wconf 61' lang='lat' dir='ltr'><strong>‘medium</strong></span> <span class='ocrx_word' id='word_1_119' title='bbox 1770 2565 1848 2638; x_wconf 80' lang='lat' dir='ltr'><strong>freti</strong></span> <span class='ocrx_word' id='word_1_120' title='bbox 1874 2571 1961 2664; x_wconf 89' lang='lat' dir='ltr'><strong>quod</strong></span> <span class='ocrx_word' id='word_1_121' title='bbox 1999 2573 2175 2668; x_wconf 85' lang='lat' dir='ltr'><strong>aquiliae</strong></span> 
     </span>
    </p>
   </div>
   <div class='ocr_carea' id='block_1_8' title="bbox 310 2713 2171 2812">
    <p class='ocr_par' dir='ltr' id='par_1_10' title="bbox 310 2713 2171 2812">
     <span class='ocr_line' id='line_1_13' title="bbox 310 2713 2171 2812; baseline 0.008 -32"><span class='ocrx_word' id='word_1_122' title='bbox 310 2718 387 2788; x_wconf 74' lang='lat' dir='ltr'><strong>otoo</strong></span> <span class='ocrx_word' id='word_1_123' title='bbox 412 2717 694 2812; x_wconf 67' lang='lat' dir='ltr'><strong>usquetendituq</strong></span> <span class='ocrx_word' id='word_1_124' title='bbox 770 2771 1221 2793; x_wconf 86' lang='grc'><strong>........</strong></span> <span class='ocrx_word' id='word_1_125' title='bbox 1263 2717 1331 2786; x_wconf 85' lang='lat' dir='ltr'><strong>oris</strong></span> <span class='ocrx_word' id='word_1_126' title='bbox 1357 2713 1552 2787; x_wconf 80' lang='lat' dir='ltr'><strong>britannice</strong></span> <span class='ocrx_word' id='word_1_127' title='bbox 1582 2736 1691 2807; x_wconf 91' lang='lat' dir='ltr'><strong>usque</strong></span> <span class='ocrx_word' id='word_1_128' title='bbox 1716 2716 1872 2791; x_wconf 80' lang='lat' dir='ltr'><strong>tenditur</strong></span> <span class='ocrx_word' id='word_1_129' title='bbox 1916 2774 1923 2790; x_wconf 95' lang='lat'><em>.</em></span> <span class='ocrx_word' id='word_1_130' title='bbox 1977 2775 1984 2792; x_wconf 93' lang='lat'>.</span> <span class='ocrx_word' id='word_1_131' title='bbox 2037 2775 2046 2792; x_wconf 89' lang='lat'><strong>.</strong></span> <span class='ocrx_word' id='word_1_132' title='bbox 2100 2743 2109 2796; x_wconf 70' lang='lat'>3</span> <span class='ocrx_word' id='word_1_133' title='bbox 2164 2778 2171 2794; x_wconf 94' lang='lat'>.</span> 
     </span>
    </p>
   </div>
   <div class='ocr_carea' id='block_1_9' title="bbox 313 2865 2282 2966">
    <p class='ocr_par' dir='ltr' id='par_1_11' title="bbox 313 2865 2282 2966">
     <span class='ocr_line' id='line_1_14' title="bbox 313 2865 2282 2966; baseline 0.005 -28"><span class='ocrx_word' id='word_1_134' title='bbox 313 2868 372 2941; x_wconf 83' lang='lat' dir='ltr'><strong>sod</strong></span> <span class='ocrx_word' id='word_1_135' title='bbox 398 2865 552 2965; x_wconf 79' lang='lat' dir='ltr'><strong>undique</strong></span> <span class='ocrx_word' id='word_1_136' title='bbox 585 2870 684 2965; x_wconf 81' lang='lat' dir='ltr'><strong>potua</strong></span> <span class='ocrx_word' id='word_1_137' title='bbox 710 2879 741 2941; x_wconf 87' lang='lat' dir='ltr'><strong>ot</strong></span> <span class='ocrx_word' id='word_1_138' title='bbox 774 2870 921 2966; x_wconf 79' lang='lat' dir='ltr'><strong>condique</strong></span> <span class='ocrx_word' id='word_1_139' title='bbox 939 2878 1094 2964; x_wconf 82' lang='lat' dir='ltr'><strong>poutue.</strong></span> <span class='ocrx_word' id='word_1_140' title='bbox 1150 2925 1157 2938; x_wconf 92' lang='lat'><em>.</em></span> <span class='ocrx_word' id='word_1_141' title='bbox 1212 2922 1219 2938; x_wconf 94' lang='lat'><strong>.</strong></span> <span class='ocrx_word' id='word_1_142' title='bbox 1262 2868 1322 2940; x_wconf 86' lang='lat' dir='ltr'><strong>sod</strong></span> <span class='ocrx_word' id='word_1_143' title='bbox 1346 2868 1495 2963; x_wconf 84' lang='lat' dir='ltr'><strong>undiquc</strong></span> <span class='ocrx_word' id='word_1_144' title='bbox 1516 2867 1691 2962; x_wconf 82' lang='lat' dir='ltr'><strong>populus,</strong></span> <span class='ocrx_word' id='word_1_145' title='bbox 1719 2890 1780 2938; x_wconf 85' lang='lat' dir='ltr'><strong>sou</strong></span> <span class='ocrx_word' id='word_1_146' title='bbox 1805 2871 1960 2963; x_wconf 81' lang='lat' dir='ltr'><strong>scopulus</strong></span> <span class='ocrx_word' id='word_1_147' title='bbox 1986 2871 2026 2964; x_wconf 82' lang='lat'><strong>(1)</strong></span> <span class='ocrx_word' id='word_1_148' title='bbox 2053 2883 2085 2944; x_wconf 83' lang='lat' dir='ltr'><strong>ct</strong></span> <span class='ocrx_word' id='word_1_149' title='bbox 2118 2895 2177 2948; x_wconf 84' lang='lat' dir='ltr'><strong>uu·</strong></span> <span class='ocrx_word' id='word_1_150' title='bbox 2278 2873 2282 2882; x_wconf 87' lang='lat'>&#39;</span> 
     </span>
    </p>
   </div>
   <div class='ocr_carea' id='block_1_10' title="bbox 888 3022 2286 3132">
    <p class='ocr_par' dir='ltr' id='par_1_12' title="bbox 888 3022 2286 3132">
     <span class='ocr_line' id='line_1_15' title="bbox 888 3022 2286 3132; baseline -0.001 -36"><span class='ocrx_word' id='word_1_151' title='bbox 888 3084 896 3099; x_wconf 93' lang='lat'><strong>.</strong></span> <span class='ocrx_word' id='word_1_152' title='bbox 962 3083 969 3099; x_wconf 94' lang='lat'><strong>.</strong></span> <span class='ocrx_word' id='word_1_153' title='bbox 1022 3083 1030 3099; x_wconf 91' lang='lat'>.</span> <span class='ocrx_word' id='word_1_154' title='bbox 1083 3083 1091 3100; x_wconf 91' lang='lat'><strong>.</strong></span> <span class='ocrx_word' id='word_1_155' title='bbox 1143 3081 1151 3099; x_wconf 93' lang='lat'><strong>.</strong></span> <span class='ocrx_word' id='word_1_156' title='bbox 1213 3083 1221 3097; x_wconf 94' lang='lat'><strong>.</strong></span> <span class='ocrx_word' id='word_1_157' title='bbox 1265 3022 1363 3117; x_wconf 80' lang='lat' dir='ltr'><strong>dique</strong></span> <span class='ocrx_word' id='word_1_158' title='bbox 1389 3033 1511 3115; x_wconf 83' lang='lat' dir='ltr'><strong>pontus</strong></span> <span class='ocrx_word' id='word_1_159' title='bbox 1533 3074 1853 3093; x_wconf 92' lang='grc'><strong>......</strong></span> <span class='ocrx_word' id='word_1_160' title='bbox 1865 3101 1867 3104; x_wconf 59' lang='grc'><strong>,</strong></span> <span class='ocrx_word' id='word_1_161' title='bbox 1909 3077 2172 3097; x_wconf 93' lang='grc'><strong>.....</strong></span> <span class='ocrx_word' id='word_1_162' title='bbox 2278 3117 2286 3132; x_wconf 37' lang='lat'><em>⁰</em></span> 
     </span>
    </p>
   </div>
   <div class='ocr_carea' id='block_1_11' title="bbox 309 3175 2174 4799">
    <p class='ocr_par' dir='ltr' id='par_1_13' title="bbox 309 3175 2174 4799">
     <span class='ocr_line' id='line_1_16' title="bbox 319 3175 2173 3274; baseline 0.003 -28"><span class='ocrx_word' id='word_1_163' title='bbox 319 3175 462 3250; x_wconf 84' lang='lat' dir='ltr'><strong>inimica</strong></span> <span class='ocrx_word' id='word_1_164' title='bbox 486 3177 539 3250; x_wconf 89' lang='lat' dir='ltr'><strong>vis</strong></span> <span class='ocrx_word' id='word_1_165' title='bbox 564 3177 772 3252; x_wconf 85' lang='lat' dir='ltr'><strong>daemonum</strong></span> <span class='ocrx_word' id='word_1_166' title='bbox 789 3177 900 3274; x_wconf 89' lang='lat' dir='ltr'><strong>caepit</strong></span> <span class='ocrx_word' id='word_1_167' title='bbox 918 3201 1117 3267; x_wconf 87' lang='lat' dir='ltr'><strong>occurrere,</strong></span> <span class='ocrx_word' id='word_1_168' title='bbox 1136 3182 1221 3253; x_wconf 83' lang='lat' dir='ltr'><strong>iuvi-</strong></span> <span class='ocrx_word' id='word_1_169' title='bbox 1261 3235 1269 3251; x_wconf 91' lang='lat'><strong>.</strong></span> <span class='ocrx_word' id='word_1_170' title='bbox 1320 3236 1328 3252; x_wconf 92' lang='lat'><strong>.</strong></span> <span class='ocrx_word' id='word_1_171' title='bbox 1380 3177 1558 3252; x_wconf 78' lang='lat' dir='ltr'><strong>,Inimica</strong></span> <span class='ocrx_word' id='word_1_172' title='bbox 1576 3176 1629 3250; x_wconf 88' lang='lat' dir='ltr'><strong>vis</strong></span> <span class='ocrx_word' id='word_1_173' title='bbox 1649 3177 1856 3248; x_wconf 88' lang='lat' dir='ltr'><strong>daemonum</strong></span> <span class='ocrx_word' id='word_1_174' title='bbox 1876 3179 1990 3273; x_wconf 88' lang='lat' dir='ltr'><strong>caepit</strong></span> <span class='ocrx_word' id='word_1_175' title='bbox 2012 3201 2173 3254; x_wconf 87' lang='lat' dir='ltr'><strong>occurre-</strong></span> 
     </span>
     <span class='ocr_line' id='line_1_17' title="bbox 315 3325 2173 3426; baseline 0.003 -28"><span class='ocrx_word' id='word_1_176' title='bbox 315 3326 466 3400; x_wconf 85' lang='lat' dir='ltr'><strong>dcutium</strong></span> <span class='ocrx_word' id='word_1_177' title='bbox 483 3325 732 3424; x_wconf 87' lang='lat' dir='ltr'><strong>insuperabiles</strong></span> <span class='ocrx_word' id='word_1_178' title='bbox 761 3327 855 3399; x_wconf 88' lang='lat' dir='ltr'><strong>viros</strong></span> <span class='ocrx_word' id='word_1_179' title='bbox 881 3326 922 3400; x_wconf 88' lang='lat' dir='ltr'><strong>ad</strong></span> <span class='ocrx_word' id='word_1_180' title='bbox 950 3329 1220 3424; x_wconf 79' lang='lat' dir='ltr'><strong>recuperandam</strong></span> <span class='ocrx_word' id='word_1_181' title='bbox 1263 3351 1299 3401; x_wconf 90' lang='lat' dir='ltr'><strong>re</strong></span> <span class='ocrx_word' id='word_1_182' title='bbox 1336 3329 1521 3402; x_wconf 77' lang='lat' dir='ltr'><strong>videntium</strong></span> <span class='ocrx_word' id='word_1_183' title='bbox 1547 3325 1797 3423; x_wconf 73' lang='lat' dir='ltr'><strong>insuperabiles</strong></span> <span class='ocrx_word' id='word_1_184' title='bbox 1824 3328 1917 3400; x_wconf 91' lang='lat' dir='ltr'><strong>viros</strong></span> <span class='ocrx_word' id='word_1_185' title='bbox 1954 3329 1995 3400; x_wconf 91' lang='lat' dir='ltr'><strong>ad</strong></span> <span class='ocrx_word' id='word_1_186' title='bbox 2031 3349 2173 3426; x_wconf 91' lang='lat' dir='ltr'><strong>recupe-</strong></span> 
     </span>
     <span class='ocr_line' id='line_1_18' title="bbox 309 3477 2174 3578; baseline 0 -25"><span class='ocrx_word' id='word_1_187' title='bbox 309 3479 457 3568; x_wconf 83' lang='lat' dir='ltr'><strong>saiutem</strong></span> <span class='ocrx_word' id='word_1_188' title='bbox 475 3479 679 3578; x_wconf 89' lang='lat' dir='ltr'><strong>populorum</strong></span> <span class='ocrx_word' id='word_1_189' title='bbox 706 3481 863 3554; x_wconf 87' lang='lat' dir='ltr'><strong>tendere.</strong></span> <span class='ocrx_word' id='word_1_190' title='bbox 886 3481 987 3554; x_wconf 84' lang='lat' dir='ltr'><strong>Venti</strong></span> <span class='ocrx_word' id='word_1_191' title='bbox 1014 3479 1221 3556; x_wconf 89' lang='lat' dir='ltr'><strong>incumbunt</strong></span> <span class='ocrx_word' id='word_1_192' title='bbox 1262 3479 1402 3552; x_wconf 85' lang='lat' dir='ltr'><strong>rendam</strong></span> <span class='ocrx_word' id='word_1_193' title='bbox 1429 3477 1576 3552; x_wconf 86' lang='lat' dir='ltr'><strong>salutem</strong></span> <span class='ocrx_word' id='word_1_194' title='bbox 1594 3478 1801 3576; x_wconf 91' lang='lat' dir='ltr'><strong>populorum</strong></span> <span class='ocrx_word' id='word_1_195' title='bbox 1819 3477 1973 3554; x_wconf 87' lang='lat' dir='ltr'><strong>tendere.</strong></span> <span class='ocrx_word' id='word_1_196' title='bbox 1992 3479 2093 3555; x_wconf 89' lang='lat' dir='ltr'><strong>Venti</strong></span> <span class='ocrx_word' id='word_1_197' title='bbox 2121 3481 2174 3562; x_wconf 88' lang='lat' dir='ltr'><strong>in·</strong></span> 
     </span>
     <span class='ocr_line' id='line_1_19' title="bbox 318 3619 2170 3729; baseline -0.002 -25"><span class='ocrx_word' id='word_1_198' title='bbox 318 3629 475 3718; x_wconf 77' lang='lat' dir='ltr'><strong>conibus,</strong></span> <span class='ocrx_word' id='word_1_199' title='bbox 502 3639 685 3726; x_wconf 85' lang='lat' dir='ltr'><strong>vastosque</strong></span> <span class='ocrx_word' id='word_1_200' title='bbox 709 3630 840 3705; x_wconf 88' lang='lat' dir='ltr'><strong>tollunt</strong></span> <span class='ocrx_word' id='word_1_201' title='bbox 864 3629 906 3702; x_wconf 89' lang='lat' dir='ltr'><strong>ad</strong></span> <span class='ocrx_word' id='word_1_202' title='bbox 932 3629 1033 3704; x_wconf 89' lang='lat' dir='ltr'><strong>litora</strong></span> <span class='ocrx_word' id='word_1_203' title='bbox 1059 3633 1218 3720; x_wconf 83' lang='lat' dir='ltr'><strong>tinctus,</strong></span> <span class='ocrx_word' id='word_1_204' title='bbox 1263 3631 1431 3705; x_wconf 83' lang='lat' dir='ltr'><strong>cumbunt</strong></span> <span class='ocrx_word' id='word_1_205' title='bbox 1447 3619 1624 3728; x_wconf 83' lang='lat' dir='ltr'><strong>ompuibos</strong></span> <span class='ocrx_word' id='word_1_206' title='bbox 1650 3629 1739 3729; x_wconf 84' lang='lat' dir='ltr'><strong>(sio),</strong></span> <span class='ocrx_word' id='word_1_207' title='bbox 1766 3639 1949 3726; x_wconf 88' lang='lat' dir='ltr'><strong>vastosque</strong></span> <span class='ocrx_word' id='word_1_208' title='bbox 1976 3629 2102 3704; x_wconf 89' lang='lat' dir='ltr'><strong>tollunt</strong></span> <span class='ocrx_word' id='word_1_209' title='bbox 2128 3628 2170 3702; x_wconf 89' lang='lat' dir='ltr'><strong>ad</strong></span> 
     </span>
     <span class='ocr_line' id='line_1_20' title="bbox 315 3775 2170 3878; baseline -0.003 -25"><span class='ocrx_word' id='word_1_210' title='bbox 315 3789 349 3854; x_wconf 91' lang='lat' dir='ltr'><strong>et</strong></span> <span class='ocrx_word' id='word_1_211' title='bbox 374 3805 477 3878; x_wconf 87' lang='lat' dir='ltr'><strong>supra</strong></span> <span class='ocrx_word' id='word_1_212' title='bbox 503 3781 614 3877; x_wconf 90' lang='lat' dir='ltr'><strong>capita</strong></span> <span class='ocrx_word' id='word_1_213' title='bbox 639 3806 759 3856; x_wconf 88' lang='lat' dir='ltr'><strong>eorum</strong></span> <span class='ocrx_word' id='word_1_214' title='bbox 779 3782 889 3857; x_wconf 87' lang='lat' dir='ltr'><strong>imber</strong></span> <span class='ocrx_word' id='word_1_215' title='bbox 908 3786 1018 3861; x_wconf 91' lang='lat' dir='ltr'><strong>astitit</strong></span> <span class='ocrx_word' id='word_1_216' title='bbox 1043 3787 1218 3875; x_wconf 86' lang='lat' dir='ltr'><strong>ceruleus,</strong></span> <span class='ocrx_word' id='word_1_217' title='bbox 1261 3781 1364 3858; x_wconf 86' lang='lat' dir='ltr'><strong>litora</strong></span> <span class='ocrx_word' id='word_1_218' title='bbox 1389 3782 1543 3870; x_wconf 87' lang='lat' dir='ltr'><strong>fluctus,</strong></span> <span class='ocrx_word' id='word_1_219' title='bbox 1572 3787 1607 3853; x_wconf 92' lang='lat' dir='ltr'><strong>et</strong></span> <span class='ocrx_word' id='word_1_220' title='bbox 1633 3802 1734 3875; x_wconf 89' lang='lat' dir='ltr'><strong>supra</strong></span> <span class='ocrx_word' id='word_1_221' title='bbox 1759 3776 1870 3875; x_wconf 88' lang='lat' dir='ltr'><strong>capita</strong></span> <span class='ocrx_word' id='word_1_222' title='bbox 1909 3800 2030 3850; x_wconf 92' lang='lat' dir='ltr'><strong>eorum</strong></span> <span class='ocrx_word' id='word_1_223' title='bbox 2059 3775 2170 3849; x_wconf 89' lang='lat' dir='ltr'><strong>imber</strong></span> 
     </span>
     <span class='ocr_line' id='line_1_21' title="bbox 314 3927 2173 4021; baseline 0 -19"><span class='ocrx_word' id='word_1_224' title='bbox 314 3953 473 4005; x_wconf 91' lang='lat' dir='ltr'><strong>necnon</strong></span> <span class='ocrx_word' id='word_1_225' title='bbox 507 3942 542 4006; x_wconf 93' lang='lat' dir='ltr'><strong>et</strong></span> <span class='ocrx_word' id='word_1_226' title='bbox 571 3935 684 4008; x_wconf 89' lang='lat' dir='ltr'><strong>omnis</strong></span> <span class='ocrx_word' id='word_1_227' title='bbox 720 3933 894 4010; x_wconf 88' lang='lat' dir='ltr'><strong>inhorruit</strong></span> <span class='ocrx_word' id='word_1_228' title='bbox 932 3938 1025 4012; x_wconf 90' lang='lat' dir='ltr'><strong>unda</strong></span> <span class='ocrx_word' id='word_1_229' title='bbox 1062 3940 1219 4014; x_wconf 75' lang='lat' dir='ltr'><strong>rudibus.</strong></span> <span class='ocrx_word' id='word_1_230' title='bbox 1261 3937 1370 4013; x_wconf 90' lang='lat' dir='ltr'><strong>astitit</strong></span> <span class='ocrx_word' id='word_1_231' title='bbox 1408 3934 1582 4021; x_wconf 89' lang='lat' dir='ltr'><strong>ceruleus,</strong></span> <span class='ocrx_word' id='word_1_232' title='bbox 1611 3955 1675 4006; x_wconf 88' lang='lat' dir='ltr'><strong>neo</strong></span> <span class='ocrx_word' id='word_1_233' title='bbox 1701 3956 1770 4006; x_wconf 93' lang='lat' dir='ltr'><strong>non</strong></span> <span class='ocrx_word' id='word_1_234' title='bbox 1797 3942 1832 4008; x_wconf 93' lang='lat' dir='ltr'><strong>et</strong></span> <span class='ocrx_word' id='word_1_235' title='bbox 1858 3931 1971 4006; x_wconf 88' lang='lat' dir='ltr'><strong>omnis</strong></span> <span class='ocrx_word' id='word_1_236' title='bbox 1997 3927 2173 4003; x_wconf 85' lang='lat' dir='ltr'><strong>inhorruit</strong></span> 
     </span>
     <span class='ocr_line' id='line_1_22' title="bbox 312 4054 2172 4176; baseline 0.002 -23"><span class='ocrx_word' id='word_1_237' title='bbox 312 4077 455 4156; x_wconf 84' lang='lat' dir='ltr'><strong>Nimbus</strong></span> <span class='ocrx_word' id='word_1_238' title='bbox 480 4085 568 4158; x_wconf 86' lang='lat' dir='ltr'><strong>diem</strong></span> <span class='ocrx_word' id='word_1_239' title='bbox 594 4084 753 4176; x_wconf 88' lang='lat' dir='ltr'><strong>involvit,</strong></span> <span class='ocrx_word' id='word_1_240' title='bbox 781 4054 817 4162; x_wconf 83' lang='lat' dir='ltr'><strong>et</strong></span> <span class='ocrx_word' id='word_1_241' title='bbox 842 4111 909 4160; x_wconf 84' lang='lat' dir='ltr'><strong>nox</strong></span> <span class='ocrx_word' id='word_1_242' title='bbox 927 4087 1067 4161; x_wconf 91' lang='lat' dir='ltr'><strong>humida</strong></span> <span class='ocrx_word' id='word_1_243' title='bbox 1081 4089 1218 4162; x_wconf 88' lang='lat' dir='ltr'><strong>coelum</strong></span> <span class='ocrx_word' id='word_1_244' title='bbox 1260 4091 1351 4164; x_wconf 87' lang='lat' dir='ltr'><strong>unda</strong></span> <span class='ocrx_word' id='word_1_245' title='bbox 1363 4089 1520 4164; x_wconf 76' lang='lat' dir='ltr'><strong>nubibus.</strong></span> <span class='ocrx_word' id='word_1_246' title='bbox 1538 4085 1654 4162; x_wconf 80' lang='lat' dir='ltr'><strong>Nubes</strong></span> <span class='ocrx_word' id='word_1_247' title='bbox 1673 4089 1760 4161; x_wconf 72' lang='lat' dir='ltr'><strong>dum</strong></span> <span class='ocrx_word' id='word_1_248' title='bbox 1778 4085 1938 4174; x_wconf 86' lang='lat' dir='ltr'><strong>involvit,</strong></span> <span class='ocrx_word' id='word_1_249' title='bbox 1967 4095 2002 4160; x_wconf 88' lang='lat' dir='ltr'><strong>et</strong></span> <span class='ocrx_word' id='word_1_250' title='bbox 2020 4107 2087 4156; x_wconf 84' lang='lat' dir='ltr'><strong>nox</strong></span> <span class='ocrx_word' id='word_1_251' title='bbox 2105 4083 2172 4158; x_wconf 91' lang='lat' dir='ltr'><strong>hu-</strong></span> 
     </span>
     <span class='ocr_line' id='line_1_23' title="bbox 312 4231 2171 4341; baseline 0.003 -37"><span class='ocrx_word' id='word_1_252' title='bbox 312 4231 464 4312; x_wconf 88' lang='lat' dir='ltr'><strong>ahstutit.</strong></span> <span class='ocrx_word' id='word_1_253' title='bbox 484 4236 570 4309; x_wconf 89' lang='lat' dir='ltr'><strong>Hinc</strong></span> <span class='ocrx_word' id='word_1_254' title='bbox 587 4241 686 4314; x_wconf 88' lang='lat' dir='ltr'><strong>navis</strong></span> <span class='ocrx_word' id='word_1_255' title='bbox 705 4253 849 4318; x_wconf 86' lang='lat' dir='ltr'><strong>curvato</strong></span> <span class='ocrx_word' id='word_1_256' title='bbox 870 4244 1005 4340; x_wconf 82' lang='lat' dir='ltr'><strong>gurgite</strong></span> <span class='ocrx_word' id='word_1_257' title='bbox 1026 4239 1161 4316; x_wconf 88' lang='lat' dir='ltr'><strong>tollitur</strong></span> <span class='ocrx_word' id='word_1_258' title='bbox 1180 4239 1216 4309; x_wconf 88' lang='lat' dir='ltr'><strong>in</strong></span> <span class='ocrx_word' id='word_1_259' title='bbox 1261 4245 1353 4318; x_wconf 93' lang='lat' dir='ltr'><strong>mida</strong></span> <span class='ocrx_word' id='word_1_260' title='bbox 1379 4243 1514 4316; x_wconf 90' lang='lat' dir='ltr'><strong>coelum</strong></span> <span class='ocrx_word' id='word_1_261' title='bbox 1534 4241 1686 4341; x_wconf 80' lang='lat' dir='ltr'><strong>abstulit.</strong></span> <span class='ocrx_word' id='word_1_262' title='bbox 1705 4237 1791 4314; x_wconf 90' lang='lat' dir='ltr'><strong>Hinc</strong></span> <span class='ocrx_word' id='word_1_263' title='bbox 1806 4239 1904 4313; x_wconf 86' lang='lat' dir='ltr'><strong>navis</strong></span> <span class='ocrx_word' id='word_1_264' title='bbox 1923 4245 2064 4312; x_wconf 85' lang='lat' dir='ltr'><strong>curuato</strong></span> <span class='ocrx_word' id='word_1_265' title='bbox 2091 4261 2171 4334; x_wconf 89' lang='lat' dir='ltr'><strong>gur-</strong></span> 
     </span>
     <span class='ocr_line' id='line_1_24' title="bbox 313 4381 2170 4496; baseline 0.007 -42"><span class='ocrx_word' id='word_1_266' title='bbox 313 4381 476 4471; x_wconf 89' lang='lat' dir='ltr'><strong>ooelum,</strong></span> <span class='ocrx_word' id='word_1_267' title='bbox 514 4385 595 4459; x_wconf 87' lang='lat' dir='ltr'><strong>hinc</strong></span> <span class='ocrx_word' id='word_1_268' title='bbox 633 4398 749 4485; x_wconf 85' lang='lat' dir='ltr'><strong>aperto</strong></span> <span class='ocrx_word' id='word_1_269' title='bbox 786 4396 955 4490; x_wconf 81' lang='lat' dir='ltr'><strong>mergitur</strong></span> <span class='ocrx_word' id='word_1_270' title='bbox 984 4395 1018 4467; x_wconf 93' lang='lat' dir='ltr'><strong>in</strong></span> <span class='ocrx_word' id='word_1_271' title='bbox 1050 4394 1216 4472; x_wconf 88' lang='lat' dir='ltr'><strong>abissum.</strong></span> <span class='ocrx_word' id='word_1_272' title='bbox 1260 4399 1330 4496; x_wconf 85' lang='lat' dir='ltr'><strong>gite</strong></span> <span class='ocrx_word' id='word_1_273' title='bbox 1354 4399 1489 4475; x_wconf 89' lang='lat' dir='ltr'><strong>tollitur</strong></span> <span class='ocrx_word' id='word_1_274' title='bbox 1515 4399 1549 4470; x_wconf 94' lang='lat' dir='ltr'><strong>in</strong></span> <span class='ocrx_word' id='word_1_275' title='bbox 1577 4395 1726 4483; x_wconf 87' lang='lat' dir='ltr'><strong>coelum,</strong></span> <span class='ocrx_word' id='word_1_276' title='bbox 1750 4395 1831 4468; x_wconf 91' lang='lat' dir='ltr'><strong>hinc</strong></span> <span class='ocrx_word' id='word_1_277' title='bbox 1857 4404 1975 4494; x_wconf 92' lang='lat' dir='ltr'><strong>aperto</strong></span> <span class='ocrx_word' id='word_1_278' title='bbox 2000 4397 2170 4492; x_wconf 90' lang='lat' dir='ltr'><strong>mergitur</strong></span> 
     </span>
     <span class='ocr_line' id='line_1_25' title="bbox 313 4534 2170 4660; baseline 0.005 -54"><span class='ocrx_word' id='word_1_279' title='bbox 313 4534 533 4634; x_wconf 82' lang='lat' dir='ltr'><strong>Franguntur</strong></span> <span class='ocrx_word' id='word_1_280' title='bbox 550 4543 634 4614; x_wconf 91' lang='lat' dir='ltr'><strong>remi</strong></span> <span class='ocrx_word' id='word_1_281' title='bbox 653 4567 713 4617; x_wconf 83' lang='lat' dir='ltr'><strong>oco</strong></span> <span class='ocrx_word' id='word_1_282' title='bbox 729 4555 904 4620; x_wconf 81' lang='lat' dir='ltr'><strong>uentorum</strong></span> <span class='ocrx_word' id='word_1_283' title='bbox 927 4551 1054 4624; x_wconf 81' lang='lat' dir='ltr'><strong>rabiem</strong></span> <span class='ocrx_word' id='word_1_284' title='bbox 1071 4553 1220 4625; x_wconf 84' lang='lat' dir='ltr'><strong>ociorum</strong></span> <span class='ocrx_word' id='word_1_285' title='bbox 1260 4552 1294 4626; x_wconf 93' lang='lat' dir='ltr'><strong>in</strong></span> <span class='ocrx_word' id='word_1_286' title='bbox 1310 4554 1483 4651; x_wconf 83' lang='lat' dir='ltr'><strong>abyssum.</strong></span> <span class='ocrx_word' id='word_1_287' title='bbox 1500 4551 1725 4660; x_wconf 67' lang='lat' dir='ltr'><strong>Franguntur</strong></span> <span class='ocrx_word' id='word_1_288' title='bbox 1745 4548 1830 4621; x_wconf 90' lang='lat' dir='ltr'><strong>remi</strong></span> <span class='ocrx_word' id='word_1_289' title='bbox 1849 4571 1910 4622; x_wconf 83' lang='lat' dir='ltr'><strong>ooo</strong></span> <span class='ocrx_word' id='word_1_290' title='bbox 1921 4555 2097 4619; x_wconf 79' lang='lat' dir='ltr'><strong>acutorum</strong></span> <span class='ocrx_word' id='word_1_291' title='bbox 2112 4567 2170 4616; x_wconf 87' lang='lat' dir='ltr'><strong>ro-</strong></span> 
     </span>
     <span class='ocr_line' id='line_1_26' title="bbox 309 4690 2164 4799; baseline 0.006 -42"><span class='ocrx_word' id='word_1_292' title='bbox 309 4690 475 4763; x_wconf 82' lang='lat' dir='ltr'><strong>sustiucut</strong></span> <span class='ocrx_word' id='word_1_293' title='bbox 492 4695 588 4769; x_wconf 85' lang='lat' dir='ltr'><strong>muti.</strong></span> <span class='ocrx_word' id='word_1_294' title='bbox 612 4694 773 4794; x_wconf 83' lang='lat' dir='ltr'><strong>Eripiunt</strong></span> <span class='ocrx_word' id='word_1_295' title='bbox 791 4701 902 4775; x_wconf 83' lang='lat' dir='ltr'><strong>nubes</strong></span> <span class='ocrx_word' id='word_1_296' title='bbox 927 4726 972 4778; x_wconf 87' lang='lat' dir='ltr'><strong>ex</strong></span> <span class='ocrx_word' id='word_1_297' title='bbox 1002 4706 1112 4780; x_wconf 88' lang='lat' dir='ltr'><strong>oculis</strong></span> <span class='ocrx_word' id='word_1_298' title='bbox 1139 4731 1218 4782; x_wconf 89' lang='lat' dir='ltr'><strong>oue·</strong></span> <span class='ocrx_word' id='word_1_299' title='bbox 1258 4711 1343 4784; x_wconf 84' lang='lat' dir='ltr'><strong>biom</strong></span> <span class='ocrx_word' id='word_1_300' title='bbox 1366 4713 1535 4784; x_wconf 81' lang='lat' dir='ltr'><strong>sustinect</strong></span> <span class='ocrx_word' id='word_1_301' title='bbox 1558 4707 1653 4780; x_wconf 89' lang='lat' dir='ltr'><strong>moti.</strong></span> <span class='ocrx_word' id='word_1_302' title='bbox 1669 4702 1830 4799; x_wconf 81' lang='lat' dir='ltr'><strong>Eripiunt</strong></span> <span class='ocrx_word' id='word_1_303' title='bbox 1854 4699 1963 4774; x_wconf 91' lang='lat' dir='ltr'><strong>nubes</strong></span> <span class='ocrx_word' id='word_1_304' title='bbox 1984 4725 2025 4772; x_wconf 85' lang='lat' dir='ltr'><strong>ex</strong></span> <span class='ocrx_word' id='word_1_305' title='bbox 2051 4697 2164 4774; x_wconf 90' lang='lat' dir='ltr'><strong>oculis</strong></span> 
     </span>
    </p>
   </div>
   <div class='ocr_carea' id='block_1_12' title="bbox 308 4834 2168 4952">
    <p class='ocr_par' dir='ltr' id='par_1_14' title="bbox 308 4834 2168 4952">
     <span class='ocr_line' id='line_1_27' title="bbox 308 4834 2168 4952; baseline 0.01 -46"><span class='ocrx_word' id='word_1_306' title='bbox 308 4834 381 4912; x_wconf 94' lang='lat' dir='ltr'><strong>lum</strong></span> <span class='ocrx_word' id='word_1_307' title='bbox 399 4849 434 4914; x_wconf 90' lang='lat' dir='ltr'><strong>et</strong></span> <span class='ocrx_word' id='word_1_308' title='bbox 451 4843 557 4936; x_wconf 88' lang='lat' dir='ltr'><strong>diem,</strong></span> <span class='ocrx_word' id='word_1_309' title='bbox 585 4861 871 4948; x_wconf 85' lang='lat' dir='ltr'><strong>praesentemque</strong></span> <span class='ocrx_word' id='word_1_310' title='bbox 898 4856 1075 4931; x_wconf 90' lang='lat' dir='ltr'><strong>minantur</strong></span> <span class='ocrx_word' id='word_1_311' title='bbox 1101 4861 1216 4934; x_wconf 85' lang='lat' dir='ltr'><strong>omnia</strong></span> <span class='ocrx_word' id='word_1_312' title='bbox 1258 4858 1394 4933; x_wconf 89' lang='lat' dir='ltr'><strong>coelum</strong></span> <span class='ocrx_word' id='word_1_313' title='bbox 1413 4866 1447 4930; x_wconf 91' lang='lat' dir='ltr'><strong>et</strong></span> <span class='ocrx_word' id='word_1_314' title='bbox 1461 4856 1570 4942; x_wconf 85' lang='lat' dir='ltr'><strong>diem,</strong></span> <span class='ocrx_word' id='word_1_315' title='bbox 1591 4863 1875 4952; x_wconf 87' lang='lat' dir='ltr'><strong>praesentemque</strong></span> <span class='ocrx_word' id='word_1_316' title='bbox 1897 4851 2075 4924; x_wconf 91' lang='lat' dir='ltr'><strong>minantur</strong></span> <span class='ocrx_word' id='word_1_317' title='bbox 2094 4873 2168 4924; x_wconf 90' lang='lat' dir='ltr'><strong>om·</strong></span> 
     </span>
    </p>
   </div>
   <div class='ocr_carea' id='block_1_13' title="bbox 307 4997 1498 5096">
    <p class='ocr_par' dir='ltr' id='par_1_15' title="bbox 307 4997 1498 5096">
     <span class='ocr_line' id='line_1_28' title="bbox 307 4997 1498 5096; baseline 0.022 -36"><span class='ocrx_word' id='word_1_318' title='bbox 307 4997 466 5064; x_wconf 92' lang='lat' dir='ltr'><strong>mortem.</strong></span> <span class='ocrx_word' id='word_1_319' title='bbox 681 5023 687 5046; x_wconf 62' lang='lat'>⁸</span> <span class='ocrx_word' id='word_1_320' title='bbox 945 5091 948 5096; x_wconf 11' lang='lat' dir='ltr'>A</span> <span class='ocrx_word' id='word_1_321' title='bbox 1258 5015 1314 5089; x_wconf 87' lang='lat' dir='ltr'><strong>nia</strong></span> <span class='ocrx_word' id='word_1_322' title='bbox 1340 5023 1498 5088; x_wconf 90' lang='lat' dir='ltr'><strong>mortem.</strong></span> 
     </span>
    </p>
   </div>
   <div class='ocr_carea' id='block_1_14' title="bbox 308 5359 785 5381">
    <p class='ocr_par' dir='ltr' id='par_1_16' title="bbox 308 5359 785 5381">
     <span class='ocr_line' id='line_1_29' title="bbox 308 5359 785 5381; baseline 0.013 -8"><span class='ocrx_word' id='word_1_323' title='bbox 308 5359 785 5381; x_wconf 38' lang='grc' dir='ltr'><strong>ᾖ</strong></span> 
     </span>
    </p>
   </div>
   <div class='ocr_carea' id='block_1_15' title="bbox 306 5643 2292 5732">
    <p class='ocr_par' dir='ltr' id='par_1_17' title="bbox 306 5643 2292 5732">
     <span class='ocr_line' id='line_1_30' title="bbox 306 5643 2292 5732; baseline 0.002 -28"><span class='ocrx_word' id='word_1_324' title='bbox 306 5644 352 5722; x_wconf 82' lang='lat' dir='ltr'><strong>(a)</strong></span> <span class='ocrx_word' id='word_1_325' title='bbox 373 5643 437 5706; x_wconf 90' lang='lat' dir='ltr'><strong>Nel</strong></span> <span class='ocrx_word' id='word_1_326' title='bbox 462 5648 610 5727; x_wconf 82' lang='lat' dir='ltr'><strong>margine</strong></span> <span class='ocrx_word' id='word_1_327' title='bbox 634 5645 771 5710; x_wconf 87' lang='lat' dir='ltr'><strong>laterale</strong></span> <span class='ocrx_word' id='word_1_328' title='bbox 795 5645 849 5710; x_wconf 92' lang='lat' dir='ltr'><strong>del</strong></span> <span class='ocrx_word' id='word_1_329' title='bbox 874 5653 984 5732; x_wconf 85' lang='lat' dir='ltr'><strong>nostro</strong></span> <span class='ocrx_word' id='word_1_330' title='bbox 1010 5645 1129 5710; x_wconf 85' lang='lat' dir='ltr'><strong>Codice</strong></span> <span class='ocrx_word' id='word_1_331' title='bbox 1152 5666 1231 5712; x_wconf 91' lang='lat' dir='ltr'><strong>sono</strong></span> <span class='ocrx_word' id='word_1_332' title='bbox 1255 5649 1371 5712; x_wconf 89' lang='lat' dir='ltr'><strong>scritte</strong></span> <span class='ocrx_word' id='word_1_333' title='bbox 1388 5649 1420 5713; x_wconf 88' lang='lat' dir='ltr'><strong>le</strong></span> <span class='ocrx_word' id='word_1_334' title='bbox 1437 5648 1549 5732; x_wconf 86' lang='lat' dir='ltr'><strong>parole</strong></span> <span class='ocrx_word' id='word_1_335' title='bbox 1572 5649 1628 5713; x_wconf 91' lang='lat' dir='ltr'><strong>TU</strong></span> <span class='ocrx_word' id='word_1_336' title='bbox 1651 5648 1708 5712; x_wconf 75' lang='grc' dir='ltr'><strong>ΑΗ</strong></span> <span class='ocrx_word' id='word_1_337' title='bbox 1724 5648 1756 5710; x_wconf 91' lang='lat' dir='ltr'><strong>di</strong></span> <span class='ocrx_word' id='word_1_338' title='bbox 1774 5647 1882 5710; x_wconf 83' lang='lat' dir='ltr'><strong>fronte</strong></span> <span class='ocrx_word' id='word_1_339' title='bbox 1900 5645 1966 5709; x_wconf 86' lang='lat' dir='ltr'><strong>alte</strong></span> <span class='ocrx_word' id='word_1_340' title='bbox 1989 5645 2102 5728; x_wconf 82' lang='lat' dir='ltr'><strong>parole</strong></span> <span class='ocrx_word' id='word_1_341' title='bbox 2127 5649 2158 5710; x_wconf 84' lang='lat' dir='ltr'><strong>et</strong></span> <span class='ocrx_word' id='word_1_342' title='bbox 2278 5644 2292 5658; x_wconf 81' lang='grc'><strong>“</strong></span> 
     </span>
    </p>
   </div>
   <div class='ocr_carea' id='block_1_16' title="bbox 315 5793 1317 5877">
    <p class='ocr_par' dir='ltr' id='par_1_18' title="bbox 315 5793 1317 5877">
     <span class='ocr_line' id='line_1_31' title="bbox 315 5793 1317 5877; baseline 0 -19"><span class='ocrx_word' id='word_1_343' title='bbox 315 5809 402 5873; x_wconf 79' lang='lat' dir='ltr'><strong>quoe</strong></span> <span class='ocrx_word' id='word_1_344' title='bbox 422 5793 486 5857; x_wconf 81' lang='lat' dir='ltr'><strong>eibi</strong></span> <span class='ocrx_word' id='word_1_345' title='bbox 506 5797 639 5877; x_wconf 85' lang='lat' dir='ltr'><strong>quisque</strong></span> <span class='ocrx_word' id='word_1_346' title='bbox 660 5795 806 5874; x_wconf 84' lang='lat' dir='ltr'><strong>timebat,</strong></span> <span class='ocrx_word' id='word_1_347' title='bbox 829 5797 869 5858; x_wconf 82' lang='lat' dir='ltr'><strong>in</strong></span> <span class='ocrx_word' id='word_1_348' title='bbox 889 5796 961 5858; x_wconf 86' lang='lat' dir='ltr'><strong>ilios</strong></span> <span class='ocrx_word' id='word_1_349' title='bbox 983 5813 1140 5859; x_wconf 79' lang='lat' dir='ltr'><strong>conuerso</strong></span> <span class='ocrx_word' id='word_1_350' title='bbox 1161 5796 1317 5858; x_wconf 72' lang='lat' dir='ltr'><strong>tutemet.</strong></span> 
     </span>
    </p>
   </div>
   <div class='ocr_carea' id='block_1_17' title="bbox 0 0 2708 7090">
    <p class='ocr_par' dir='ltr' id='par_1_19' title="bbox 0 0 2708 7090">
     <span class='ocr_line' id='line_1_32' title="bbox 0 0 2708 7090; baseline 0 10"><span class='ocrx_word' id='word_1_351' title='bbox 0 0 2708 7090; x_wconf 95' lang='lat' dir='ltr'><strong> </strong></span> 
     </span>
    </p>
   </div>
  </div>
 </body>
</html>
