<?xml version="1.0" encoding="UTF-8"?>
<!DOCTYPE html PUBLIC "-//W3C//DTD XHTML 1.0 Transitional//EN"
    "http://www.w3.org/TR/xhtml1/DTD/xhtml1-transitional.dtd">
<html xmlns="http://www.w3.org/1999/xhtml" xml:lang="en" lang="en">
 <head>
  <title>
</title>
<meta http-equiv="Content-Type" content="text/html;charset=utf-8" />
  <meta name='ocr-system' content='tesseract 3.04.00' />
  <meta name='ocr-capabilities' content='ocr_page ocr_carea ocr_par ocr_line ocrx_word'/>
</head>
<body>
  <div class='ocr_page' id='page_1' title='image "./codexdiplomatic04aragoog_0265.png"; bbox 0 0 5408 7108; ppageno 0'>
   <div class='ocr_carea' id='block_1_1' title="bbox 992 485 2099 576">
    <p class='ocr_par' dir='ltr' id='par_1_1' title="bbox 992 485 2099 576">
     <span class='ocr_line' id='line_1_1' title="bbox 992 485 2099 576; baseline -0.016 0"><span class='ocrx_word' id='word_1_1' title='bbox 992 498 1415 576; x_wconf 34' lang='lat' dir='ltr'><strong>,DIPLOMATICUS</strong></span> <span class='ocrx_word' id='word_1_2' title='bbox 2026 485 2099 560; x_wconf 68' lang='lat'><strong>225</strong></span> 
     </span>
    </p>
   </div>
   <div class='ocr_carea' id='block_1_2' title="bbox 296 715 2154 1439">
    <p class='ocr_par' dir='ltr' id='par_1_2' title="bbox 296 715 2154 1285">
     <span class='ocr_line' id='line_1_2' title="bbox 296 715 2147 823; baseline -0.014 -15"><span class='ocrx_word' id='word_1_3' title='bbox 296 755 344 808; x_wconf 83' lang='lat' dir='ltr'><strong>cx</strong></span> <span class='ocrx_word' id='word_1_4' title='bbox 369 737 421 806; x_wconf 88' lang='lat' dir='ltr'><strong>eis</strong></span> <span class='ocrx_word' id='word_1_5' title='bbox 443 738 635 823; x_wconf 87' lang='lat' dir='ltr'><strong>quicquam</strong></span> <span class='ocrx_word' id='word_1_6' title='bbox 660 751 841 811; x_wconf 83' lang='lat' dir='ltr'><strong>removere</strong></span> <span class='ocrx_word' id='word_1_7' title='bbox 864 738 929 803; x_wconf 88' lang='lat' dir='ltr'><strong>aut</strong></span> <span class='ocrx_word' id='word_1_8' title='bbox 951 736 1116 800; x_wconf 89' lang='lat' dir='ltr'><strong>contrare</strong></span> <span class='ocrx_word' id='word_1_9' title='bbox 1139 727 1387 815; x_wconf 83' lang='lat' dir='ltr'><strong>quesierimus,</strong></span> <span class='ocrx_word' id='word_1_10' title='bbox 1404 741 1468 812; x_wconf 86' lang='lat' dir='ltr'><strong>per</strong></span> <span class='ocrx_word' id='word_1_11' title='bbox 1484 722 1563 810; x_wconf 88' lang='lat' dir='ltr'><strong>ipsa</strong></span> <span class='ocrx_word' id='word_1_12' title='bbox 1586 719 1720 810; x_wconf 84' lang='lat' dir='ltr'><strong>guadia</strong></span> <span class='ocrx_word' id='word_1_13' title='bbox 1743 715 1943 804; x_wconf 81' lang='lat' dir='ltr'><strong>obligamus</strong></span> <span class='ocrx_word' id='word_1_14' title='bbox 1969 733 2033 783; x_wconf 87' lang='lat' dir='ltr'><strong>nos</strong></span> <span class='ocrx_word' id='word_1_15' title='bbox 2056 716 2147 783; x_wconf 91' lang='lat' dir='ltr'><strong>iam·</strong></span> 
     </span>
     <span class='ocr_line' id='line_1_3' title="bbox 306 870 2148 978; baseline -0.012 -20"><span class='ocrx_word' id='word_1_16' title='bbox 306 889 394 959; x_wconf 91' lang='lat' dir='ltr'><strong>dieti</strong></span> <span class='ocrx_word' id='word_1_17' title='bbox 418 889 585 978; x_wconf 77' lang='lat' dir='ltr'><strong>germani</strong></span> <span class='ocrx_word' id='word_1_18' title='bbox 609 893 646 956; x_wconf 90' lang='lat' dir='ltr'><strong>et</strong></span> <span class='ocrx_word' id='word_1_19' title='bbox 669 885 800 955; x_wconf 87' lang='lat' dir='ltr'><strong>nostris</strong></span> <span class='ocrx_word' id='word_1_20' title='bbox 823 885 987 954; x_wconf 88' lang='lat' dir='ltr'><strong>eredibus</strong></span> <span class='ocrx_word' id='word_1_21' title='bbox 1009 885 1225 970; x_wconf 75' lang='lat' dir='ltr'><strong>componere</strong></span> <span class='ocrx_word' id='word_1_22' title='bbox 1248 881 1317 950; x_wconf 87' lang='lat' dir='ltr'><strong>tibi</strong></span> <span class='ocrx_word' id='word_1_23' title='bbox 1343 878 1534 947; x_wconf 90' lang='lat' dir='ltr'><strong>iamdictus</strong></span> <span class='ocrx_word' id='word_1_24' title='bbox 1557 871 1759 946; x_wconf 80' lang='lat' dir='ltr'><strong>adelbertus</strong></span> <span class='ocrx_word' id='word_1_25' title='bbox 1784 889 1899 942; x_wconf 89' lang='lat' dir='ltr'><strong>comes</strong></span> <span class='ocrx_word' id='word_1_26' title='bbox 1926 876 1961 940; x_wconf 90' lang='lat' dir='ltr'><strong>et</strong></span> <span class='ocrx_word' id='word_1_27' title='bbox 1990 870 2035 940; x_wconf 92' lang='lat' dir='ltr'><strong>ad</strong></span> <span class='ocrx_word' id='word_1_28' title='bbox 2073 872 2148 937; x_wconf 90' lang='lat' dir='ltr'><strong>tuis</strong></span> 
     </span>
     <span class='ocr_line' id='line_1_4' title="bbox 301 1023 2154 1129; baseline -0.012 -16"><span class='ocrx_word' id='word_1_29' title='bbox 301 1042 467 1113; x_wconf 91' lang='lat' dir='ltr'><strong>eredibus</strong></span> <span class='ocrx_word' id='word_1_30' title='bbox 490 1040 760 1129; x_wconf 86' lang='lat' dir='ltr'><strong>quinquaginta</strong></span> <span class='ocrx_word' id='word_1_31' title='bbox 782 1041 864 1107; x_wconf 86' lang='lat' dir='ltr'><strong>auri</strong></span> <span class='ocrx_word' id='word_1_32' title='bbox 888 1036 1015 1105; x_wconf 89' lang='lat' dir='ltr'><strong>solidos</strong></span> <span class='ocrx_word' id='word_1_33' title='bbox 1039 1035 1360 1121; x_wconf 84' lang='lat' dir='ltr'><strong>constantinianus,</strong></span> <span class='ocrx_word' id='word_1_34' title='bbox 1378 1037 1426 1120; x_wconf 91' lang='lat' dir='ltr'><strong>et,</strong></span> <span class='ocrx_word' id='word_1_35' title='bbox 1442 1033 1536 1100; x_wconf 88' lang='lat' dir='ltr'><strong>sicut</strong></span> <span class='ocrx_word' id='word_1_36' title='bbox 1558 1030 1722 1117; x_wconf 87' lang='lat' dir='ltr'><strong>superius</strong></span> <span class='ocrx_word' id='word_1_37' title='bbox 1747 1027 1890 1115; x_wconf 87' lang='lat' dir='ltr'><strong>legitur,</strong></span> <span class='ocrx_word' id='word_1_38' title='bbox 1908 1026 2006 1094; x_wconf 87' lang='lat' dir='ltr'><strong>vobis</strong></span> <span class='ocrx_word' id='word_1_39' title='bbox 2030 1023 2154 1094; x_wconf 55' lang='lat' dir='ltr'><strong>adim*</strong></span> 
     </span>
     <span class='ocr_line' id='line_1_5' title="bbox 300 1161 1494 1285; baseline -0.007 -23"><span class='ocrx_word' id='word_1_40' title='bbox 300 1196 475 1285; x_wconf 89' lang='lat' dir='ltr'><strong>pleamus.</strong></span> <span class='ocrx_word' id='word_1_41' title='bbox 500 1195 545 1262; x_wconf 86' lang='lat' dir='ltr'><strong>Et</strong></span> <span class='ocrx_word' id='word_1_42' title='bbox 566 1193 688 1264; x_wconf 89' lang='lat' dir='ltr'><strong>taliter</strong></span> <span class='ocrx_word' id='word_1_43' title='bbox 711 1192 867 1261; x_wconf 90' lang='lat' dir='ltr'><strong>scribere</strong></span> <span class='ocrx_word' id='word_1_44' title='bbox 889 1161 1093 1278; x_wconf 79' lang='lat' dir='ltr'><strong>rogavimus</strong></span> <span class='ocrx_word' id='word_1_45' title='bbox 1115 1194 1150 1257; x_wconf 91' lang='lat' dir='ltr'><strong>te</strong></span> <span class='ocrx_word' id='word_1_46' title='bbox 1173 1193 1295 1275; x_wconf 90' lang='lat' dir='ltr'><strong>petrus</strong></span> <span class='ocrx_word' id='word_1_47' title='bbox 1317 1186 1494 1256; x_wconf 86' lang='lat' dir='ltr'><strong>notarius.</strong></span> 
     </span>
    </p>

    <p class='ocr_par' dir='ltr' id='par_1_3' title="bbox 348 1323 1368 1439">
     <span class='ocr_line' id='line_1_6' title="bbox 348 1323 1368 1439; baseline -0.011 -22"><span class='ocrx_word' id='word_1_48' title='bbox 348 1323 379 1439; x_wconf 88' lang='lat'>†</span> <span class='ocrx_word' id='word_1_49' title='bbox 405 1327 558 1438; x_wconf 83' lang='lat' dir='ltr'><strong>Signum</strong></span> <span class='ocrx_word' id='word_1_50' title='bbox 580 1365 714 1418; x_wconf 88' lang='lat' dir='ltr'><strong>manus</strong></span> <span class='ocrx_word' id='word_1_51' title='bbox 738 1345 906 1414; x_wconf 89' lang='lat' dir='ltr'><strong>iohannis</strong></span> <span class='ocrx_word' id='word_1_52' title='bbox 929 1342 1077 1412; x_wconf 80' lang='lat' dir='ltr'><strong>castaldi</strong></span> <span class='ocrx_word' id='word_1_53' title='bbox 1103 1339 1167 1410; x_wconf 84' lang='lat' dir='ltr'><strong>filii</strong></span> <span class='ocrx_word' id='word_1_54' title='bbox 1193 1343 1342 1412; x_wconf 84' lang='lat' dir='ltr'><strong>iohanni</strong></span> <span class='ocrx_word' id='word_1_55' title='bbox 1366 1377 1368 1382; x_wconf 66' lang='lat'><strong>,</strong></span> 
     </span>
    </p>
   </div>
   <div class='ocr_carea' id='block_1_3' title="bbox 350 1477 1343 1593">
    <p class='ocr_par' dir='ltr' id='par_1_4' title="bbox 350 1477 1343 1593">
     <span class='ocr_line' id='line_1_7' title="bbox 350 1477 1343 1593; baseline -0.013 -20"><span class='ocrx_word' id='word_1_56' title='bbox 350 1477 380 1593; x_wconf 94' lang='lat'>†</span> <span class='ocrx_word' id='word_1_57' title='bbox 406 1503 554 1590; x_wconf 86' lang='lat' dir='ltr'><strong>Signum</strong></span> <span class='ocrx_word' id='word_1_58' title='bbox 581 1518 709 1571; x_wconf 85' lang='lat' dir='ltr'><strong>manus</strong></span> <span class='ocrx_word' id='word_1_59' title='bbox 732 1497 848 1570; x_wconf 84' lang='lat' dir='ltr'><strong>elferii</strong></span> <span class='ocrx_word' id='word_1_60' title='bbox 874 1498 940 1566; x_wconf 87' lang='lat' dir='ltr'><strong>lilii</strong></span> <span class='ocrx_word' id='word_1_61' title='bbox 964 1496 1116 1567; x_wconf 88' lang='lat' dir='ltr'><strong>maraldi</strong></span> <span class='ocrx_word' id='word_1_62' title='bbox 1140 1477 1343 1566; x_wconf 88' lang='lat' dir='ltr'><strong>calbarosii.</strong></span> 
     </span>
    </p>
   </div>
   <div class='ocr_carea' id='block_1_4' title="bbox 1021 1787 1444 1803">
    <p class='ocr_par' dir='ltr' id='par_1_5' title="bbox 1021 1787 1444 1803">
     <span class='ocr_line' id='line_1_8' title="bbox 1021 1787 1444 1803; baseline -0.005 0"><span class='ocrx_word' id='word_1_63' title='bbox 1021 1787 1444 1803; x_wconf 40' lang='grc' dir='ltr'><strong><em>Ἀ</em></strong></span> 
     </span>
    </p>
   </div>
   <div class='ocr_carea' id='block_1_5' title="bbox 1135 2151 1344 2233">
    <p class='ocr_par' dir='ltr' id='par_1_6' title="bbox 1135 2151 1344 2233">
     <span class='ocr_line' id='line_1_9' title="bbox 1135 2151 1344 2233; baseline -0.053 0"><span class='ocrx_word' id='word_1_64' title='bbox 1135 2151 1344 2233; x_wconf 92' lang='lat' dir='ltr'>MXVI.</span> 
     </span>
    </p>
   </div>
   <div class='ocr_carea' id='block_1_6' title="bbox 1083 2405 1384 2527">
    <p class='ocr_par' dir='ltr' id='par_1_7' title="bbox 1083 2405 1384 2527">
     <span class='ocr_line' id='line_1_10' title="bbox 1083 2405 1384 2527; baseline -0.03 0"><span class='ocrx_word' id='word_1_65' title='bbox 1083 2451 1140 2527; x_wconf 87' lang='lat' dir='ltr'><strong>A.</strong></span> <span class='ocrx_word' id='word_1_66' title='bbox 1169 2452 1223 2527; x_wconf 87' lang='lat' dir='ltr'><strong>n.</strong></span> <span class='ocrx_word' id='word_1_67' title='bbox 1253 2405 1384 2526; x_wconf 68' lang='lat' dir='ltr'>1043ss</span> 
     </span>
    </p>
   </div>
   <div class='ocr_carea' id='block_1_7' title="bbox 280 2693 2169 5736">
    <p class='ocr_par' dir='ltr' id='par_1_8' title="bbox 280 2693 2169 5736">
     <span class='ocr_line' id='line_1_11' title="bbox 356 2693 2159 2829; baseline 0.002 -23"><span class='ocrx_word' id='word_1_68' title='bbox 356 2693 392 2829; x_wconf 63' lang='grc' dir='ltr'>Τ</span> <span class='ocrx_word' id='word_1_69' title='bbox 418 2742 456 2808; x_wconf 93' lang='lat' dir='ltr'><strong>In</strong></span> <span class='ocrx_word' id='word_1_70' title='bbox 481 2742 624 2808; x_wconf 89' lang='lat' dir='ltr'><strong>nomine</strong></span> <span class='ocrx_word' id='word_1_71' title='bbox 648 2739 781 2806; x_wconf 91' lang='lat' dir='ltr'><strong>domini</strong></span> <span class='ocrx_word' id='word_1_72' title='bbox 807 2737 1117 2824; x_wconf 89' lang='lat' dir='ltr'><strong>vicesimoquinto</strong></span> <span class='ocrx_word' id='word_1_73' title='bbox 1141 2756 1235 2808; x_wconf 91' lang='lat' dir='ltr'><strong>anno</strong></span> <span class='ocrx_word' id='word_1_74' title='bbox 1260 2740 1484 2828; x_wconf 73' lang='lat' dir='ltr'><strong>principatus</strong></span> <span class='ocrx_word' id='word_1_75' title='bbox 1506 2739 1640 2809; x_wconf 89' lang='lat' dir='ltr'><strong>salerni</strong></span> <span class='ocrx_word' id='word_1_76' title='bbox 1665 2740 1783 2808; x_wconf 92' lang='lat' dir='ltr'><strong>domni</strong></span> <span class='ocrx_word' id='word_1_77' title='bbox 1814 2743 1927 2808; x_wconf 88' lang='lat' dir='ltr'><strong>nostri</strong></span> <span class='ocrx_word' id='word_1_78' title='bbox 1956 2742 2159 2810; x_wconf 89' lang='lat' dir='ltr'><strong>Guaimarii</strong></span> 
     </span>
     <span class='ocr_line' id='line_1_12' title="bbox 307 2890 2152 2979; baseline 0.004 -22"><span class='ocrx_word' id='word_1_79' title='bbox 307 2891 462 2979; x_wconf 87' lang='lat' dir='ltr'><strong>glorioso</strong></span> <span class='ocrx_word' id='word_1_80' title='bbox 474 2893 652 2977; x_wconf 85' lang='lat' dir='ltr'><strong>princeps,</strong></span> <span class='ocrx_word' id='word_1_81' title='bbox 666 2895 702 2958; x_wconf 91' lang='lat' dir='ltr'><strong>et</strong></span> <span class='ocrx_word' id='word_1_82' title='bbox 717 2893 842 2976; x_wconf 88' lang='lat' dir='ltr'><strong>quinto</strong></span> <span class='ocrx_word' id='word_1_83' title='bbox 859 2908 956 2970; x_wconf 85' lang='lat' dir='ltr'><strong>anno</strong></span> <span class='ocrx_word' id='word_1_84' title='bbox 970 2890 1191 2977; x_wconf 87' lang='lat' dir='ltr'><strong>principatus</strong></span> <span class='ocrx_word' id='word_1_85' title='bbox 1207 2892 1284 2959; x_wconf 87' lang='lat' dir='ltr'><strong>eius</strong></span> <span class='ocrx_word' id='word_1_86' title='bbox 1300 2911 1422 2978; x_wconf 89' lang='lat' dir='ltr'><strong>capue,</strong></span> <span class='ocrx_word' id='word_1_87' title='bbox 1440 2897 1476 2960; x_wconf 93' lang='lat' dir='ltr'><strong>et</strong></span> <span class='ocrx_word' id='word_1_88' title='bbox 1491 2900 1620 2979; x_wconf 86' lang='lat' dir='ltr'><strong>quarto</strong></span> <span class='ocrx_word' id='word_1_89' title='bbox 1635 2912 1730 2961; x_wconf 91' lang='lat' dir='ltr'><strong>anuo</strong></span> <span class='ocrx_word' id='word_1_90' title='bbox 1746 2895 1897 2962; x_wconf 81' lang='lat' dir='ltr'><strong>ducatus</strong></span> <span class='ocrx_word' id='word_1_91' title='bbox 1916 2894 2013 2963; x_wconf 87' lang='lat' dir='ltr'><strong>illius</strong></span> <span class='ocrx_word' id='word_1_92' title='bbox 2031 2899 2152 2966; x_wconf 85' lang='lat' dir='ltr'><strong>amalfi</strong></span> 
     </span>
     <span class='ocr_line' id='line_1_13' title="bbox 307 3041 2152 3137; baseline 0.003 -25"><span class='ocrx_word' id='word_1_93' title='bbox 307 3050 342 3114; x_wconf 90' lang='lat' dir='ltr'><strong>et</strong></span> <span class='ocrx_word' id='word_1_94' title='bbox 364 3047 537 3130; x_wconf 83' lang='lat' dir='ltr'><strong>surrenti,</strong></span> <span class='ocrx_word' id='word_1_95' title='bbox 563 3051 599 3110; x_wconf 92' lang='lat' dir='ltr'><strong>et</strong></span> <span class='ocrx_word' id='word_1_96' title='bbox 623 3043 738 3130; x_wconf 92' lang='lat' dir='ltr'><strong>primo</strong></span> <span class='ocrx_word' id='word_1_97' title='bbox 762 3061 856 3111; x_wconf 91' lang='lat' dir='ltr'><strong>anno</strong></span> <span class='ocrx_word' id='word_1_98' title='bbox 879 3041 1201 3130; x_wconf 88' lang='lat' dir='ltr'><strong>suprascriptorum</strong></span> <span class='ocrx_word' id='word_1_99' title='bbox 1225 3046 1491 3132; x_wconf 88' lang='lat' dir='ltr'><strong>principatuum</strong></span> <span class='ocrx_word' id='word_1_100' title='bbox 1515 3053 1550 3116; x_wconf 88' lang='lat' dir='ltr'><strong>el</strong></span> <span class='ocrx_word' id='word_1_101' title='bbox 1573 3048 1769 3117; x_wconf 87' lang='lat' dir='ltr'><strong>ducatuum</strong></span> <span class='ocrx_word' id='word_1_102' title='bbox 1794 3050 1913 3118; x_wconf 91' lang='lat' dir='ltr'><strong>domni</strong></span> <span class='ocrx_word' id='word_1_103' title='bbox 1937 3050 2061 3137; x_wconf 84' lang='lat' dir='ltr'><strong>gisulfi</strong></span> <span class='ocrx_word' id='word_1_104' title='bbox 2087 3052 2152 3122; x_wconf 88' lang='lat' dir='ltr'><strong>lilii</strong></span> 
     </span>
     <span class='ocr_line' id='line_1_14' title="bbox 307 3195 2158 3292; baseline 0.005 -28"><span class='ocrx_word' id='word_1_105' title='bbox 307 3197 383 3265; x_wconf 87' lang='lat' dir='ltr'><strong>eius</strong></span> <span class='ocrx_word' id='word_1_106' title='bbox 406 3197 531 3266; x_wconf 82' lang='lat' dir='ltr'><strong>eximii</strong></span> <span class='ocrx_word' id='word_1_107' title='bbox 556 3195 729 3282; x_wconf 84' lang='lat' dir='ltr'><strong>principis</strong></span> <span class='ocrx_word' id='word_1_108' title='bbox 751 3200 789 3264; x_wconf 92' lang='lat' dir='ltr'><strong>et</strong></span> <span class='ocrx_word' id='word_1_109' title='bbox 813 3197 944 3283; x_wconf 86' lang='lat' dir='ltr'><strong>ducis,</strong></span> <span class='ocrx_word' id='word_1_110' title='bbox 969 3202 1005 3264; x_wconf 90' lang='lat' dir='ltr'><strong>et</strong></span> <span class='ocrx_word' id='word_1_111' title='bbox 1030 3199 1143 3282; x_wconf 89' lang='lat' dir='ltr'><strong>primo</strong></span> <span class='ocrx_word' id='word_1_112' title='bbox 1166 3216 1263 3264; x_wconf 88' lang='lat' dir='ltr'><strong>anuo</strong></span> <span class='ocrx_word' id='word_1_113' title='bbox 1285 3199 1435 3267; x_wconf 88' lang='lat' dir='ltr'><strong>ducatus</strong></span> <span class='ocrx_word' id='word_1_114' title='bbox 1461 3201 1602 3292; x_wconf 88' lang='lat' dir='ltr'><strong>illorum</strong></span> <span class='ocrx_word' id='word_1_115' title='bbox 1627 3203 1747 3288; x_wconf 88' lang='lat' dir='ltr'><strong>apulie</strong></span> <span class='ocrx_word' id='word_1_116' title='bbox 1772 3209 1808 3270; x_wconf 89' lang='lat' dir='ltr'><strong>et</strong></span> <span class='ocrx_word' id='word_1_117' title='bbox 1836 3203 2009 3291; x_wconf 83' lang='lat' dir='ltr'><strong>calabrie,</strong></span> <span class='ocrx_word' id='word_1_118' title='bbox 2036 3225 2158 3274; x_wconf 91' lang='lat' dir='ltr'><strong>mense</strong></span> 
     </span>
     <span class='ocr_line' id='line_1_15' title="bbox 308 3347 2159 3446; baseline 0.005 -30"><span class='ocrx_word' id='word_1_119' title='bbox 308 3350 510 3440; x_wconf 77' lang='lat' dir='ltr'><strong>ianuariuS,</strong></span> <span class='ocrx_word' id='word_1_120' title='bbox 536 3349 726 3416; x_wconf 89' lang='lat' dir='ltr'><strong>undecima</strong></span> <span class='ocrx_word' id='word_1_121' title='bbox 751 3347 954 3416; x_wconf 87' lang='lat' dir='ltr'><strong>indictione.</strong></span> <span class='ocrx_word' id='word_1_122' title='bbox 979 3347 1267 3418; x_wconf 88' lang='lat' dir='ltr'><strong>Memoratorium</strong></span> <span class='ocrx_word' id='word_1_123' title='bbox 1290 3352 1387 3419; x_wconf 87' lang='lat' dir='ltr'><strong>factu</strong></span> <span class='ocrx_word' id='word_1_124' title='bbox 1405 3372 1426 3419; x_wconf 91' lang='lat' dir='ltr'><strong>a</strong></span> <span class='ocrx_word' id='word_1_125' title='bbox 1444 3371 1499 3419; x_wconf 93' lang='lat' dir='ltr'><strong>me</strong></span> <span class='ocrx_word' id='word_1_126' title='bbox 1522 3354 1682 3421; x_wconf 83' lang='lat' dir='ltr'><strong>stefanus</strong></span> <span class='ocrx_word' id='word_1_127' title='bbox 1702 3354 1794 3422; x_wconf 85' lang='lat' dir='ltr'><strong>filius</strong></span> <span class='ocrx_word' id='word_1_128' title='bbox 1810 3359 1987 3444; x_wconf 87' lang='lat' dir='ltr'><strong>quondam</strong></span> <span class='ocrx_word' id='word_1_129' title='bbox 2008 3361 2101 3446; x_wconf 84' lang='lat' dir='ltr'><strong>ursi,</strong></span> <span class='ocrx_word' id='word_1_130' title='bbox 2118 3377 2159 3426; x_wconf 92' lang='lat' dir='ltr'><strong>eo</strong></span> 
     </span>
     <span class='ocr_line' id='line_1_16' title="bbox 310 3500 2157 3597; baseline 0.004 -28"><span class='ocrx_word' id='word_1_131' title='bbox 310 3503 401 3587; x_wconf 91' lang='lat' dir='ltr'><strong>quod</strong></span> <span class='ocrx_word' id='word_1_132' title='bbox 425 3505 510 3571; x_wconf 87' lang='lat' dir='ltr'><strong>anie</strong></span> <span class='ocrx_word' id='word_1_133' title='bbox 534 3502 746 3587; x_wconf 88' lang='lat' dir='ltr'><strong>subscriptis</strong></span> <span class='ocrx_word' id='word_1_134' title='bbox 769 3501 907 3572; x_wconf 86' lang='lat' dir='ltr'><strong>idoneis</strong></span> <span class='ocrx_word' id='word_1_135' title='bbox 929 3500 1064 3568; x_wconf 87' lang='lat' dir='ltr'><strong>omines</strong></span> <span class='ocrx_word' id='word_1_136' title='bbox 1087 3518 1150 3587; x_wconf 91' lang='lat' dir='ltr'><strong>per</strong></span> <span class='ocrx_word' id='word_1_137' title='bbox 1173 3502 1458 3570; x_wconf 89' lang='lat' dir='ltr'><strong>convenientiam</strong></span> <span class='ocrx_word' id='word_1_138' title='bbox 1483 3504 1707 3573; x_wconf 85' lang='lat' dir='ltr'><strong>tradiderunt</strong></span> <span class='ocrx_word' id='word_1_139' title='bbox 1734 3507 1820 3573; x_wconf 91' lang='lat' dir='ltr'><strong>mihi</strong></span> <span class='ocrx_word' id='word_1_140' title='bbox 1839 3507 1947 3576; x_wconf 87' lang='lat' dir='ltr'><strong>lando</strong></span> <span class='ocrx_word' id='word_1_141' title='bbox 1962 3525 2079 3576; x_wconf 88' lang='lat' dir='ltr'><strong>comes</strong></span> <span class='ocrx_word' id='word_1_142' title='bbox 2096 3531 2157 3597; x_wconf 90' lang='lat' dir='ltr'><strong>pa·</strong></span> 
     </span>
     <span class='ocr_line' id='line_1_17' title="bbox 309 3654 2156 3744; baseline 0.003 -22"><span class='ocrx_word' id='word_1_143' title='bbox 309 3657 388 3726; x_wconf 88' lang='lat' dir='ltr'><strong>latii</strong></span> <span class='ocrx_word' id='word_1_144' title='bbox 414 3659 510 3724; x_wconf 87' lang='lat' dir='ltr'><strong>iilius</strong></span> <span class='ocrx_word' id='word_1_145' title='bbox 533 3657 710 3743; x_wconf 90' lang='lat' dir='ltr'><strong>quondam</strong></span> <span class='ocrx_word' id='word_1_146' title='bbox 735 3654 858 3742; x_wconf 89' lang='lat' dir='ltr'><strong>disigii</strong></span> <span class='ocrx_word' id='word_1_147' title='bbox 883 3655 1037 3739; x_wconf 78' lang='lat' dir='ltr'><strong>eomitiS,</strong></span> <span class='ocrx_word' id='word_1_148' title='bbox 1055 3659 1090 3722; x_wconf 91' lang='lat' dir='ltr'><strong>et</strong></span> <span class='ocrx_word' id='word_1_149' title='bbox 1107 3655 1220 3721; x_wconf 78' lang='lat' dir='ltr'><strong>nisius</strong></span> <span class='ocrx_word' id='word_1_150' title='bbox 1242 3659 1278 3721; x_wconf 92' lang='lat' dir='ltr'><strong>et</strong></span> <span class='ocrx_word' id='word_1_151' title='bbox 1302 3656 1475 3722; x_wconf 90' lang='lat' dir='ltr'><strong>iohannes</strong></span> <span class='ocrx_word' id='word_1_152' title='bbox 1503 3658 1668 3740; x_wconf 83' lang='lat' dir='ltr'><strong>germani</strong></span> <span class='ocrx_word' id='word_1_153' title='bbox 1699 3661 1735 3724; x_wconf 88' lang='lat' dir='ltr'><strong>et</strong></span> <span class='ocrx_word' id='word_1_154' title='bbox 1763 3659 1901 3726; x_wconf 88' lang='lat' dir='ltr'><strong>comitis</strong></span> <span class='ocrx_word' id='word_1_155' title='bbox 1930 3661 2060 3744; x_wconf 87' lang='lat' dir='ltr'><strong>palatii</strong></span> <span class='ocrx_word' id='word_1_156' title='bbox 2090 3662 2156 3728; x_wconf 85' lang='lat' dir='ltr'><strong>lilii</strong></span> 
     </span>
     <span class='ocr_line' id='line_1_18' title="bbox 308 3807 2162 3897; baseline 0.002 -21"><span class='ocrx_word' id='word_1_157' title='bbox 308 3811 489 3897; x_wconf 88' lang='lat' dir='ltr'><strong>quondam</strong></span> <span class='ocrx_word' id='word_1_158' title='bbox 514 3810 669 3897; x_wconf 91' lang='lat' dir='ltr'><strong>iaquinti</strong></span> <span class='ocrx_word' id='word_1_159' title='bbox 694 3811 833 3879; x_wconf 90' lang='lat' dir='ltr'><strong>comitis</strong></span> <span class='ocrx_word' id='word_1_160' title='bbox 856 3810 997 3895; x_wconf 89' lang='lat' dir='ltr'><strong>palatii,</strong></span> <span class='ocrx_word' id='word_1_161' title='bbox 1015 3815 1050 3876; x_wconf 92' lang='lat' dir='ltr'><strong>et</strong></span> <span class='ocrx_word' id='word_1_162' title='bbox 1068 3807 1172 3876; x_wconf 92' lang='lat' dir='ltr'><strong>lando</strong></span> <span class='ocrx_word' id='word_1_163' title='bbox 1195 3827 1310 3876; x_wconf 90' lang='lat' dir='ltr'><strong>eomes</strong></span> <span class='ocrx_word' id='word_1_164' title='bbox 1333 3807 1396 3874; x_wconf 87' lang='lat' dir='ltr'><strong>filii</strong></span> <span class='ocrx_word' id='word_1_165' title='bbox 1422 3809 1600 3894; x_wconf 88' lang='lat' dir='ltr'><strong>quondam</strong></span> <span class='ocrx_word' id='word_1_166' title='bbox 1624 3809 1745 3896; x_wconf 88' lang='lat' dir='ltr'><strong>disigii</strong></span> <span class='ocrx_word' id='word_1_167' title='bbox 1770 3813 1909 3879; x_wconf 87' lang='lat' dir='ltr'><strong>comitis</strong></span> <span class='ocrx_word' id='word_1_168' title='bbox 1935 3812 2096 3882; x_wconf 86' lang='lat' dir='ltr'><strong>Ecclesia</strong></span> <span class='ocrx_word' id='word_1_169' title='bbox 2117 3815 2162 3880; x_wconf 91' lang='lat' dir='ltr'><strong>il·</strong></span> 
     </span>
     <span class='ocr_line' id='line_1_19' title="bbox 309 3961 2166 4052; baseline 0.001 -20"><span class='ocrx_word' id='word_1_170' title='bbox 309 3965 423 4033; x_wconf 86' lang='lat' dir='ltr'><strong>lorum</strong></span> <span class='ocrx_word' id='word_1_171' title='bbox 449 3965 650 4052; x_wconf 89' lang='lat' dir='ltr'><strong>pertinente</strong></span> <span class='ocrx_word' id='word_1_172' title='bbox 674 3968 797 4033; x_wconf 84' lang='lat' dir='ltr'><strong>sancte</strong></span> <span class='ocrx_word' id='word_1_173' title='bbox 822 3963 937 4032; x_wconf 86' lang='lat' dir='ltr'><strong>marie</strong></span> <span class='ocrx_word' id='word_1_174' title='bbox 962 3966 1001 4031; x_wconf 89' lang='lat' dir='ltr'><strong>et</strong></span> <span class='ocrx_word' id='word_1_175' title='bbox 1022 3966 1139 4030; x_wconf 90' lang='lat' dir='ltr'><strong>sancti</strong></span> <span class='ocrx_word' id='word_1_176' title='bbox 1165 3961 1314 4046; x_wconf 89' lang='lat' dir='ltr'><strong>nicolai,</strong></span> <span class='ocrx_word' id='word_1_177' title='bbox 1330 3980 1399 4046; x_wconf 90' lang='lat' dir='ltr'><strong>que</strong></span> <span class='ocrx_word' id='word_1_178' title='bbox 1415 3965 1623 4031; x_wconf 88' lang='lat' dir='ltr'><strong>constructa</strong></span> <span class='ocrx_word' id='word_1_179' title='bbox 1639 3971 1693 4032; x_wconf 91' lang='lat' dir='ltr'><strong>est</strong></span> <span class='ocrx_word' id='word_1_180' title='bbox 1712 3965 1749 4029; x_wconf 94' lang='lat' dir='ltr'><strong>in</strong></span> <span class='ocrx_word' id='word_1_181' title='bbox 1767 3967 1872 4032; x_wconf 89' lang='lat' dir='ltr'><strong>rebus</strong></span> <span class='ocrx_word' id='word_1_182' title='bbox 1897 3965 2037 4032; x_wconf 90' lang='lat' dir='ltr'><strong>illorum</strong></span> <span class='ocrx_word' id='word_1_183' title='bbox 2067 3966 2166 4037; x_wconf 92' lang='lat' dir='ltr'><strong>ulter·</strong></span> 
     </span>
     <span class='ocr_line' id='line_1_20' title="bbox 308 4081 2165 4201; baseline 0.001 -18"><span class='ocrx_word' id='word_1_184' title='bbox 308 4115 393 4183; x_wconf 89' lang='lat' dir='ltr'><strong>fluvi</strong></span> <span class='ocrx_word' id='word_1_185' title='bbox 418 4115 516 4201; x_wconf 89' lang='lat' dir='ltr'><strong>siler,</strong></span> <span class='ocrx_word' id='word_1_186' title='bbox 532 4117 570 4182; x_wconf 91' lang='lat' dir='ltr'><strong>in</strong></span> <span class='ocrx_word' id='word_1_187' title='bbox 587 4115 702 4183; x_wconf 87' lang='lat' dir='ltr'><strong>locum</strong></span> <span class='ocrx_word' id='word_1_188' title='bbox 726 4116 787 4183; x_wconf 88' lang='lat' dir='ltr'><strong>ubi</strong></span> <span class='ocrx_word' id='word_1_189' title='bbox 812 4081 1021 4184; x_wconf 76' lang='lat' dir='ltr'><strong>marcatella</strong></span> <span class='ocrx_word' id='word_1_190' title='bbox 1044 4113 1188 4181; x_wconf 90' lang='lat' dir='ltr'><strong>dicitur.</strong></span> <span class='ocrx_word' id='word_1_191' title='bbox 1216 4113 1294 4180; x_wconf 88' lang='lat' dir='ltr'><strong>ldeo</strong></span> <span class='ocrx_word' id='word_1_192' title='bbox 1319 4112 1446 4181; x_wconf 90' lang='lat' dir='ltr'><strong>inclita</strong></span> <span class='ocrx_word' id='word_1_193' title='bbox 1470 4113 1545 4198; x_wconf 85' lang='lat' dir='ltr'><strong>ipsa</strong></span> <span class='ocrx_word' id='word_1_194' title='bbox 1567 4113 1721 4182; x_wconf 87' lang='lat' dir='ltr'><strong>ecelesia</strong></span> <span class='ocrx_word' id='word_1_195' title='bbox 1745 4133 1824 4180; x_wconf 92' lang='lat' dir='ltr'><strong>eum</strong></span> <span class='ocrx_word' id='word_1_196' title='bbox 1851 4117 1990 4201; x_wconf 89' lang='lat' dir='ltr'><strong>porticu</strong></span> <span class='ocrx_word' id='word_1_197' title='bbox 2018 4123 2054 4184; x_wconf 89' lang='lat' dir='ltr'><strong>et</strong></span> <span class='ocrx_word' id='word_1_198' title='bbox 2079 4136 2165 4185; x_wconf 92' lang='lat' dir='ltr'><strong>cum</strong></span> 
     </span>
     <span class='ocr_line' id='line_1_21' title="bbox 309 4263 2156 4354; baseline 0 -17"><span class='ocrx_word' id='word_1_199' title='bbox 309 4269 422 4338; x_wconf 92' lang='lat' dir='ltr'><strong>omnis</strong></span> <span class='ocrx_word' id='word_1_200' title='bbox 445 4271 551 4338; x_wconf 92' lang='lat' dir='ltr'><strong>rebus</strong></span> <span class='ocrx_word' id='word_1_201' title='bbox 575 4273 610 4338; x_wconf 91' lang='lat' dir='ltr'><strong>et</strong></span> <span class='ocrx_word' id='word_1_202' title='bbox 634 4287 742 4338; x_wconf 86' lang='lat' dir='ltr'><strong>causa</strong></span> <span class='ocrx_word' id='word_1_203' title='bbox 765 4267 968 4354; x_wconf 89' lang='lat' dir='ltr'><strong>pertinente</strong></span> <span class='ocrx_word' id='word_1_204' title='bbox 984 4267 1096 4352; x_wconf 89' lang='lat' dir='ltr'><strong>ipsius</strong></span> <span class='ocrx_word' id='word_1_205' title='bbox 1111 4265 1259 4334; x_wconf 87' lang='lat' dir='ltr'><strong>ecclesie</strong></span> <span class='ocrx_word' id='word_1_206' title='bbox 1276 4270 1311 4333; x_wconf 90' lang='lat' dir='ltr'><strong>et</strong></span> <span class='ocrx_word' id='word_1_207' title='bbox 1326 4284 1406 4333; x_wconf 91' lang='lat' dir='ltr'><strong>cum</strong></span> <span class='ocrx_word' id='word_1_208' title='bbox 1424 4263 1641 4333; x_wconf 88' lang='lat' dir='ltr'><strong>animalibus</strong></span> <span class='ocrx_word' id='word_1_209' title='bbox 1657 4269 1693 4332; x_wconf 91' lang='lat' dir='ltr'><strong>et</strong></span> <span class='ocrx_word' id='word_1_210' title='bbox 1709 4265 1854 4334; x_wconf 86' lang='lat' dir='ltr'><strong>movilia</strong></span> <span class='ocrx_word' id='word_1_211' title='bbox 1873 4266 1984 4354; x_wconf 90' lang='lat' dir='ltr'><strong>ipsius</strong></span> <span class='ocrx_word' id='word_1_212' title='bbox 2003 4271 2156 4338; x_wconf 84' lang='lat' dir='ltr'><strong>ecclesie</strong></span> 
     </span>
     <span class='ocr_line' id='line_1_22' title="bbox 310 4419 2169 4509; baseline 0.001 -19"><span class='ocrx_word' id='word_1_213' title='bbox 310 4423 447 4509; x_wconf 90' lang='lat' dir='ltr'><strong>etipsa</strong></span> <span class='ocrx_word' id='word_1_214' title='bbox 471 4420 646 4490; x_wconf 89' lang='lat' dir='ltr'><strong>animalia</strong></span> <span class='ocrx_word' id='word_1_215' title='bbox 668 4426 704 4490; x_wconf 89' lang='lat' dir='ltr'><strong>et</strong></span> <span class='ocrx_word' id='word_1_216' title='bbox 727 4421 804 4507; x_wconf 91' lang='lat' dir='ltr'><strong>ipsa</strong></span> <span class='ocrx_word' id='word_1_217' title='bbox 827 4420 971 4490; x_wconf 89' lang='lat' dir='ltr'><strong>movilia</strong></span> <span class='ocrx_word' id='word_1_218' title='bbox 995 4421 1214 4488; x_wconf 85' lang='lat' dir='ltr'><strong>nominative</strong></span> <span class='ocrx_word' id='word_1_219' title='bbox 1239 4421 1329 4487; x_wconf 89' lang='lat' dir='ltr'><strong>liber</strong></span> <span class='ocrx_word' id='word_1_220' title='bbox 1353 4419 1481 4488; x_wconf 87' lang='lat' dir='ltr'><strong>comite</strong></span> <span class='ocrx_word' id='word_1_221' title='bbox 1506 4421 1592 4487; x_wconf 92' lang='lat' dir='ltr'><strong>anni</strong></span> <span class='ocrx_word' id='word_1_222' title='bbox 1619 4419 1792 4487; x_wconf 88' lang='lat' dir='ltr'><strong>circulum</strong></span> <span class='ocrx_word' id='word_1_223' title='bbox 1820 4440 1961 4508; x_wconf 89' lang='lat' dir='ltr'><strong>unum,</strong></span> <span class='ocrx_word' id='word_1_224' title='bbox 1992 4423 2169 4492; x_wconf 88' lang='lat' dir='ltr'><strong>manuale</strong></span> 
     </span>
     <span class='ocr_line' id='line_1_23' title="bbox 311 4573 2167 4664; baseline -0.001 -20"><span class='ocrx_word' id='word_1_225' title='bbox 311 4594 437 4664; x_wconf 92' lang='lat' dir='ltr'><strong>unum,</strong></span> <span class='ocrx_word' id='word_1_226' title='bbox 461 4575 659 4646; x_wconf 88' lang='lat' dir='ltr'><strong>orationale</strong></span> <span class='ocrx_word' id='word_1_227' title='bbox 684 4594 794 4644; x_wconf 91' lang='lat' dir='ltr'><strong>unum</strong></span> <span class='ocrx_word' id='word_1_228' title='bbox 818 4582 854 4644; x_wconf 91' lang='lat' dir='ltr'><strong>et</strong></span> <span class='ocrx_word' id='word_1_229' title='bbox 876 4577 947 4645; x_wconf 90' lang='lat' dir='ltr'><strong>dua</strong></span> <span class='ocrx_word' id='word_1_230' title='bbox 970 4577 1205 4661; x_wconf 83' lang='lat' dir='ltr'><strong>antifanaria,</strong></span> <span class='ocrx_word' id='word_1_231' title='bbox 1229 4593 1340 4643; x_wconf 92' lang='lat' dir='ltr'><strong>unum</strong></span> <span class='ocrx_word' id='word_1_232' title='bbox 1364 4573 1407 4641; x_wconf 89' lang='lat' dir='ltr'><strong>de</strong></span> <span class='ocrx_word' id='word_1_233' title='bbox 1423 4573 1481 4640; x_wconf 91' lang='lat' dir='ltr'><strong>die</strong></span> <span class='ocrx_word' id='word_1_234' title='bbox 1497 4577 1639 4641; x_wconf 91' lang='lat' dir='ltr'><strong>tantum</strong></span> <span class='ocrx_word' id='word_1_235' title='bbox 1656 4579 1692 4641; x_wconf 90' lang='lat' dir='ltr'><strong>et</strong></span> <span class='ocrx_word' id='word_1_236' title='bbox 1709 4573 1819 4642; x_wconf 91' lang='lat' dir='ltr'><strong>alium</strong></span> <span class='ocrx_word' id='word_1_237' title='bbox 1837 4575 1879 4642; x_wconf 92' lang='lat' dir='ltr'><strong>de</strong></span> <span class='ocrx_word' id='word_1_238' title='bbox 1897 4583 2013 4662; x_wconf 88' lang='lat' dir='ltr'><strong>nocte,</strong></span> <span class='ocrx_word' id='word_1_239' title='bbox 2031 4576 2167 4646; x_wconf 89' lang='lat' dir='ltr'><strong>omelie</strong></span> 
     </span>
     <span class='ocr_line' id='line_1_24' title="bbox 309 4725 2166 4815; baseline 0.002 -20"><span class='ocrx_word' id='word_1_240' title='bbox 309 4729 390 4815; x_wconf 90' lang='lat' dir='ltr'><strong>due,</strong></span> <span class='ocrx_word' id='word_1_241' title='bbox 416 4746 488 4797; x_wconf 90' lang='lat' dir='ltr'><strong>una</strong></span> <span class='ocrx_word' id='word_1_242' title='bbox 512 4731 645 4798; x_wconf 88' lang='lat' dir='ltr'><strong>maiore</strong></span> <span class='ocrx_word' id='word_1_243' title='bbox 669 4736 705 4797; x_wconf 89' lang='lat' dir='ltr'><strong>et</strong></span> <span class='ocrx_word' id='word_1_244' title='bbox 728 4729 801 4798; x_wconf 90' lang='lat' dir='ltr'><strong>alia</strong></span> <span class='ocrx_word' id='word_1_245' title='bbox 825 4728 974 4813; x_wconf 89' lang='lat' dir='ltr'><strong>minore,</strong></span> <span class='ocrx_word' id='word_1_246' title='bbox 998 4729 1195 4814; x_wconf 88' lang='lat' dir='ltr'><strong>gestarium</strong></span> <span class='ocrx_word' id='word_1_247' title='bbox 1221 4744 1333 4793; x_wconf 90' lang='lat' dir='ltr'><strong>unum</strong></span> <span class='ocrx_word' id='word_1_248' title='bbox 1358 4725 1401 4793; x_wconf 91' lang='lat' dir='ltr'><strong>de</strong></span> <span class='ocrx_word' id='word_1_249' title='bbox 1424 4725 1617 4792; x_wconf 87' lang='lat' dir='ltr'><strong>cireoitum</strong></span> <span class='ocrx_word' id='word_1_250' title='bbox 1644 4727 1732 4794; x_wconf 89' lang='lat' dir='ltr'><strong>anni</strong></span> <span class='ocrx_word' id='word_1_251' title='bbox 1763 4733 1822 4815; x_wconf 90' lang='lat' dir='ltr'><strong>qui</strong></span> <span class='ocrx_word' id='word_1_252' title='bbox 1848 4733 1903 4796; x_wconf 87' lang='lat' dir='ltr'><strong>est</strong></span> <span class='ocrx_word' id='word_1_253' title='bbox 1932 4731 1970 4796; x_wconf 89' lang='lat' dir='ltr'><strong>in</strong></span> <span class='ocrx_word' id='word_1_254' title='bbox 2002 4729 2073 4798; x_wconf 88' lang='lat' dir='ltr'><strong>dua</strong></span> <span class='ocrx_word' id='word_1_255' title='bbox 2104 4733 2166 4798; x_wconf 86' lang='lat' dir='ltr'><strong>bo·</strong></span> 
     </span>
     <span class='ocr_line' id='line_1_25' title="bbox 311 4879 2155 4970; baseline 0.001 -20"><span class='ocrx_word' id='word_1_256' title='bbox 311 4883 461 4970; x_wconf 87' lang='lat' dir='ltr'><strong>lumina,</strong></span> <span class='ocrx_word' id='word_1_257' title='bbox 484 4883 556 4952; x_wconf 90' lang='lat' dir='ltr'><strong>dua</strong></span> <span class='ocrx_word' id='word_1_258' title='bbox 578 4880 761 4968; x_wconf 88' lang='lat' dir='ltr'><strong>spalteria,</strong></span> <span class='ocrx_word' id='word_1_259' title='bbox 786 4899 899 4948; x_wconf 92' lang='lat' dir='ltr'><strong>unum</strong></span> <span class='ocrx_word' id='word_1_260' title='bbox 923 4885 977 4946; x_wconf 90' lang='lat' dir='ltr'><strong>est</strong></span> <span class='ocrx_word' id='word_1_261' title='bbox 999 4879 1200 4949; x_wconf 87' lang='lat' dir='ltr'><strong>monachile</strong></span> <span class='ocrx_word' id='word_1_262' title='bbox 1224 4880 1286 4967; x_wconf 91' lang='lat' dir='ltr'><strong>qui</strong></span> <span class='ocrx_word' id='word_1_263' title='bbox 1310 4883 1394 4950; x_wconf 90' lang='lat' dir='ltr'><strong>abet</strong></span> <span class='ocrx_word' id='word_1_264' title='bbox 1417 4881 1539 4967; x_wconf 89' lang='lat' dir='ltr'><strong>aliqua</strong></span> <span class='ocrx_word' id='word_1_265' title='bbox 1564 4898 1648 4966; x_wconf 88' lang='lat' dir='ltr'><strong>pars</strong></span> <span class='ocrx_word' id='word_1_266' title='bbox 1671 4880 1884 4950; x_wconf 87' lang='lat' dir='ltr'><strong>decantare</strong></span> <span class='ocrx_word' id='word_1_267' title='bbox 1907 4886 1944 4950; x_wconf 93' lang='lat' dir='ltr'><strong>et</strong></span> <span class='ocrx_word' id='word_1_268' title='bbox 1968 4883 2087 4970; x_wconf 88' lang='lat' dir='ltr'><strong>legere</strong></span> <span class='ocrx_word' id='word_1_269' title='bbox 2119 4893 2155 4954; x_wconf 91' lang='lat' dir='ltr'><strong>et</strong></span> 
     </span>
     <span class='ocr_line' id='line_1_26' title="bbox 309 5015 2154 5127; baseline 0.002 -22"><span class='ocrx_word' id='word_1_270' title='bbox 309 5037 352 5106; x_wconf 89' lang='lat' dir='ltr'><strong>de</strong></span> <span class='ocrx_word' id='word_1_271' title='bbox 376 5037 527 5112; x_wconf 90' lang='lat' dir='ltr'><strong>imnora‚</strong></span> <span class='ocrx_word' id='word_1_272' title='bbox 552 5037 664 5105; x_wconf 85' lang='lat' dir='ltr'><strong>calice</strong></span> <span class='ocrx_word' id='word_1_273' title='bbox 687 5043 722 5104; x_wconf 89' lang='lat' dir='ltr'><strong>et</strong></span> <span class='ocrx_word' id='word_1_274' title='bbox 746 5039 878 5122; x_wconf 90' lang='lat' dir='ltr'><strong>patena</strong></span> <span class='ocrx_word' id='word_1_275' title='bbox 903 5035 945 5100; x_wconf 87' lang='lat' dir='ltr'><strong>de</strong></span> <span class='ocrx_word' id='word_1_276' title='bbox 967 5041 1121 5121; x_wconf 91' lang='lat' dir='ltr'><strong>argentu</strong></span> <span class='ocrx_word' id='word_1_277' title='bbox 1144 5052 1163 5102; x_wconf 92' lang='lat' dir='ltr'><strong>e</strong></span> <span class='ocrx_word' id='word_1_278' title='bbox 1186 5033 1298 5102; x_wconf 90' lang='lat' dir='ltr'><strong>alium</strong></span> <span class='ocrx_word' id='word_1_279' title='bbox 1323 5015 1485 5106; x_wconf 86' lang='lat' dir='ltr'><strong>oalieeet</strong></span> <span class='ocrx_word' id='word_1_280' title='bbox 1501 5041 1632 5123; x_wconf 88' lang='lat' dir='ltr'><strong>patena</strong></span> <span class='ocrx_word' id='word_1_281' title='bbox 1655 5037 1697 5104; x_wconf 91' lang='lat' dir='ltr'><strong>de</strong></span> <span class='ocrx_word' id='word_1_282' title='bbox 1714 5047 1885 5125; x_wconf 85' lang='lat' dir='ltr'><strong>stangno,</strong></span> <span class='ocrx_word' id='word_1_283' title='bbox 1910 5041 2046 5106; x_wconf 88' lang='lat' dir='ltr'><strong>cortine</strong></span> <span class='ocrx_word' id='word_1_284' title='bbox 2071 5040 2154 5127; x_wconf 91' lang='lat' dir='ltr'><strong>due,</strong></span> 
     </span>
     <span class='ocr_line' id='line_1_27' title="bbox 310 5187 2157 5277; baseline 0.002 -21"><span class='ocrx_word' id='word_1_285' title='bbox 310 5189 451 5277; x_wconf 90' lang='lat' dir='ltr'><strong>planete</strong></span> <span class='ocrx_word' id='word_1_286' title='bbox 473 5190 554 5276; x_wconf 90' lang='lat' dir='ltr'><strong>due,</strong></span> <span class='ocrx_word' id='word_1_287' title='bbox 580 5207 652 5258; x_wconf 89' lang='lat' dir='ltr'><strong>una</strong></span> <span class='ocrx_word' id='word_1_288' title='bbox 675 5190 717 5257; x_wconf 91' lang='lat' dir='ltr'><strong>de</strong></span> <span class='ocrx_word' id='word_1_289' title='bbox 741 5195 922 5275; x_wconf 89' lang='lat' dir='ltr'><strong>castanea,</strong></span> <span class='ocrx_word' id='word_1_290' title='bbox 947 5188 1024 5273; x_wconf 87' lang='lat' dir='ltr'><strong>ipsa</strong></span> <span class='ocrx_word' id='word_1_291' title='bbox 1048 5187 1120 5256; x_wconf 90' lang='lat' dir='ltr'><strong>alia</strong></span> <span class='ocrx_word' id='word_1_292' title='bbox 1144 5195 1198 5257; x_wconf 91' lang='lat' dir='ltr'><strong>est</strong></span> <span class='ocrx_word' id='word_1_293' title='bbox 1221 5190 1264 5256; x_wconf 93' lang='lat' dir='ltr'><strong>de</strong></span> <span class='ocrx_word' id='word_1_294' title='bbox 1290 5189 1378 5275; x_wconf 91' lang='lat' dir='ltr'><strong>linu,</strong></span> <span class='ocrx_word' id='word_1_295' title='bbox 1413 5209 1522 5258; x_wconf 75' lang='lat' dir='ltr'><strong>vinum</strong></span> <span class='ocrx_word' id='word_1_296' title='bbox 1545 5207 1649 5257; x_wconf 85' lang='lat' dir='ltr'><strong>orare</strong></span> <span class='ocrx_word' id='word_1_297' title='bbox 1673 5189 1716 5256; x_wconf 88' lang='lat' dir='ltr'><strong>de</strong></span> <span class='ocrx_word' id='word_1_298' title='bbox 1741 5207 1897 5275; x_wconf 91' lang='lat' dir='ltr'><strong>purpure</strong></span> <span class='ocrx_word' id='word_1_299' title='bbox 1922 5198 1957 5258; x_wconf 91' lang='lat' dir='ltr'><strong>et</strong></span> <span class='ocrx_word' id='word_1_300' title='bbox 1975 5191 2087 5259; x_wconf 89' lang='lat' dir='ltr'><strong>alium</strong></span> <span class='ocrx_word' id='word_1_301' title='bbox 2114 5193 2157 5260; x_wconf 92' lang='lat' dir='ltr'><strong>de</strong></span> 
     </span>
     <span class='ocr_line' id='line_1_28' title="bbox 280 5339 2155 5428; baseline 0 -19"><span class='ocrx_word' id='word_1_302' title='bbox 280 5347 288 5362; x_wconf 88' lang='lat'>&#39;</span> <span class='ocrx_word' id='word_1_303' title='bbox 310 5349 387 5412; x_wconf 87' lang='lat' dir='ltr'><strong>seta</strong></span> <span class='ocrx_word' id='word_1_304' title='bbox 410 5363 491 5410; x_wconf 90' lang='lat' dir='ltr'><strong>eum</strong></span> <span class='ocrx_word' id='word_1_305' title='bbox 514 5343 616 5428; x_wconf 87' lang='lat' dir='ltr'><strong>lecte,</strong></span> <span class='ocrx_word' id='word_1_306' title='bbox 632 5347 668 5410; x_wconf 92' lang='lat' dir='ltr'><strong>et</strong></span> <span class='ocrx_word' id='word_1_307' title='bbox 682 5345 755 5410; x_wconf 87' lang='lat' dir='ltr'><strong>tres</strong></span> <span class='ocrx_word' id='word_1_308' title='bbox 778 5342 821 5410; x_wconf 91' lang='lat' dir='ltr'><strong>de</strong></span> <span class='ocrx_word' id='word_1_309' title='bbox 847 5341 958 5410; x_wconf 89' lang='lat' dir='ltr'><strong>linum</strong></span> <span class='ocrx_word' id='word_1_310' title='bbox 981 5359 1060 5407; x_wconf 91' lang='lat' dir='ltr'><strong>cum</strong></span> <span class='ocrx_word' id='word_1_311' title='bbox 1085 5339 1175 5408; x_wconf 89' lang='lat' dir='ltr'><strong>lecte</strong></span> <span class='ocrx_word' id='word_1_312' title='bbox 1197 5347 1234 5408; x_wconf 90' lang='lat' dir='ltr'><strong>et</strong></span> <span class='ocrx_word' id='word_1_313' title='bbox 1256 5340 1462 5410; x_wconf 88' lang='lat' dir='ltr'><strong>ammictore</strong></span> <span class='ocrx_word' id='word_1_314' title='bbox 1485 5340 1568 5426; x_wconf 88' lang='lat' dir='ltr'><strong>dua,</strong></span> <span class='ocrx_word' id='word_1_315' title='bbox 1586 5345 1622 5408; x_wconf 89' lang='lat' dir='ltr'><strong>et</strong></span> <span class='ocrx_word' id='word_1_316' title='bbox 1639 5343 1749 5426; x_wconf 89' lang='lat' dir='ltr'><strong>panni</strong></span> <span class='ocrx_word' id='word_1_317' title='bbox 1765 5339 1869 5408; x_wconf 90' lang='lat' dir='ltr'><strong>serici</strong></span> <span class='ocrx_word' id='word_1_318' title='bbox 1890 5341 2048 5425; x_wconf 82' lang='lat' dir='ltr'><strong>africati,</strong></span> <span class='ocrx_word' id='word_1_319' title='bbox 2073 5343 2155 5410; x_wconf 89' lang='lat' dir='ltr'><strong>zani</strong></span> 
     </span>
     <span class='ocr_line' id='line_1_29' title="bbox 310 5493 2159 5583; baseline -0.001 -18"><span class='ocrx_word' id='word_1_320' title='bbox 310 5497 371 5565; x_wconf 90' lang='lat' dir='ltr'><strong>dui</strong></span> <span class='ocrx_word' id='word_1_321' title='bbox 395 5497 441 5566; x_wconf 89' lang='lat' dir='ltr'><strong>da</strong></span> <span class='ocrx_word' id='word_1_322' title='bbox 464 5497 623 5583; x_wconf 88' lang='lat' dir='ltr'><strong>coperire</strong></span> <span class='ocrx_word' id='word_1_323' title='bbox 646 5495 773 5582; x_wconf 88' lang='lat' dir='ltr'><strong>altare,</strong></span> <span class='ocrx_word' id='word_1_324' title='bbox 798 5495 941 5582; x_wconf 85' lang='lat' dir='ltr'><strong>guillati</strong></span> <span class='ocrx_word' id='word_1_325' title='bbox 966 5495 1026 5563; x_wconf 93' lang='lat' dir='ltr'><strong>dui</strong></span> <span class='ocrx_word' id='word_1_326' title='bbox 1052 5513 1132 5562; x_wconf 90' lang='lat' dir='ltr'><strong>cum</strong></span> <span class='ocrx_word' id='word_1_327' title='bbox 1156 5495 1258 5579; x_wconf 89' lang='lat' dir='ltr'><strong>lecte,</strong></span> <span class='ocrx_word' id='word_1_328' title='bbox 1275 5495 1412 5562; x_wconf 90' lang='lat' dir='ltr'><strong>manuli</strong></span> <span class='ocrx_word' id='word_1_329' title='bbox 1437 5493 1480 5561; x_wconf 91' lang='lat' dir='ltr'><strong>de</strong></span> <span class='ocrx_word' id='word_1_330' title='bbox 1496 5495 1609 5561; x_wconf 89' lang='lat' dir='ltr'><strong>siricu</strong></span> <span class='ocrx_word' id='word_1_331' title='bbox 1625 5494 1738 5562; x_wconf 89' lang='lat' dir='ltr'><strong>duiet</strong></span> <span class='ocrx_word' id='word_1_332' title='bbox 1756 5513 1828 5562; x_wconf 92' lang='lat' dir='ltr'><strong>una</strong></span> <span class='ocrx_word' id='word_1_333' title='bbox 1845 5495 1993 5578; x_wconf 88' lang='lat' dir='ltr'><strong>sindone</strong></span> <span class='ocrx_word' id='word_1_334' title='bbox 2011 5515 2091 5562; x_wconf 90' lang='lat' dir='ltr'><strong>cum</strong></span> <span class='ocrx_word' id='word_1_335' title='bbox 2109 5499 2159 5565; x_wconf 91' lang='lat' dir='ltr'><strong>si-</strong></span> 
     </span>
     <span class='ocr_line' id='line_1_30' title="bbox 313 5647 2163 5736; baseline 0.001 -20"><span class='ocrx_word' id='word_1_336' title='bbox 313 5651 392 5719; x_wconf 89' lang='lat' dir='ltr'><strong>riou</strong></span> <span class='ocrx_word' id='word_1_337' title='bbox 416 5655 451 5720; x_wconf 90' lang='lat' dir='ltr'><strong>et</strong></span> <span class='ocrx_word' id='word_1_338' title='bbox 474 5669 580 5736; x_wconf 91' lang='lat' dir='ltr'><strong>auru,</strong></span> <span class='ocrx_word' id='word_1_339' title='bbox 608 5655 643 5718; x_wconf 90' lang='lat' dir='ltr'><strong>et</strong></span> <span class='ocrx_word' id='word_1_340' title='bbox 667 5649 736 5716; x_wconf 90' lang='lat' dir='ltr'><strong>alie</strong></span> <span class='ocrx_word' id='word_1_341' title='bbox 760 5648 926 5716; x_wconf 89' lang='lat' dir='ltr'><strong>sindones</strong></span> <span class='ocrx_word' id='word_1_342' title='bbox 947 5648 989 5714; x_wconf 92' lang='lat' dir='ltr'><strong>de</strong></span> <span class='ocrx_word' id='word_1_343' title='bbox 1014 5647 1088 5715; x_wconf 92' lang='lat' dir='ltr'><strong>linu</strong></span> <span class='ocrx_word' id='word_1_344' title='bbox 1106 5650 1250 5734; x_wconf 89' lang='lat' dir='ltr'><strong>sepiem,</strong></span> <span class='ocrx_word' id='word_1_345' title='bbox 1268 5663 1394 5732; x_wconf 89' lang='lat' dir='ltr'><strong>mappe</strong></span> <span class='ocrx_word' id='word_1_346' title='bbox 1409 5647 1488 5732; x_wconf 92' lang='lat' dir='ltr'><strong>due,</strong></span> <span class='ocrx_word' id='word_1_347' title='bbox 1507 5647 1625 5716; x_wconf 88' lang='lat' dir='ltr'><strong>altare</strong></span> <span class='ocrx_word' id='word_1_348' title='bbox 1653 5648 1844 5717; x_wconf 86' lang='lat' dir='ltr'><strong>andantele</strong></span> <span class='ocrx_word' id='word_1_349' title='bbox 1862 5667 1984 5735; x_wconf 91' lang='lat' dir='ltr'><strong>unum,</strong></span> <span class='ocrx_word' id='word_1_350' title='bbox 2003 5652 2163 5720; x_wconf 84' lang='lat' dir='ltr'><strong>iumento</strong></span> 
     </span>
    </p>
   </div>
   <div class='ocr_carea' id='block_1_8' title="bbox 311 5800 2161 5891">
    <p class='ocr_par' dir='ltr' id='par_1_9' title="bbox 311 5800 2161 5891">
     <span class='ocr_line' id='line_1_31' title="bbox 311 5800 2161 5891; baseline 0.001 -20"><span class='ocrx_word' id='word_1_351' title='bbox 311 5808 402 5891; x_wconf 87' lang='lat' dir='ltr'><strong>oete,</strong></span> <span class='ocrx_word' id='word_1_352' title='bbox 427 5807 463 5871; x_wconf 90' lang='lat' dir='ltr'><strong>et</strong></span> <span class='ocrx_word' id='word_1_353' title='bbox 487 5820 563 5870; x_wconf 92' lang='lat' dir='ltr'><strong>unu</strong></span> <span class='ocrx_word' id='word_1_354' title='bbox 587 5801 743 5890; x_wconf 86' lang='lat' dir='ltr'><strong>pollitru,</strong></span> <span class='ocrx_word' id='word_1_355' title='bbox 760 5807 797 5871; x_wconf 89' lang='lat' dir='ltr'><strong>et</strong></span> <span class='ocrx_word' id='word_1_356' title='bbox 814 5821 917 5870; x_wconf 88' lang='lat' dir='ltr'><strong>vacce</strong></span> <span class='ocrx_word' id='word_1_357' title='bbox 941 5805 1123 5888; x_wconf 88' lang='lat' dir='ltr'><strong>quinque,</strong></span> <span class='ocrx_word' id='word_1_358' title='bbox 1159 5801 1275 5867; x_wconf 87' lang='lat' dir='ltr'><strong>scurie</strong></span> <span class='ocrx_word' id='word_1_359' title='bbox 1298 5800 1461 5867; x_wconf 88' lang='lat' dir='ltr'><strong>tridecim</strong></span> <span class='ocrx_word' id='word_1_360' title='bbox 1485 5805 1520 5867; x_wconf 91' lang='lat' dir='ltr'><strong>et</strong></span> <span class='ocrx_word' id='word_1_361' title='bbox 1545 5819 1653 5867; x_wconf 87' lang='lat' dir='ltr'><strong>unum</strong></span> <span class='ocrx_word' id='word_1_362' title='bbox 1680 5801 1820 5886; x_wconf 90' lang='lat' dir='ltr'><strong>parium</strong></span> <span class='ocrx_word' id='word_1_363' title='bbox 1846 5801 1888 5871; x_wconf 91' lang='lat' dir='ltr'><strong>de</strong></span> <span class='ocrx_word' id='word_1_364' title='bbox 1906 5803 2002 5889; x_wconf 88' lang='lat' dir='ltr'><strong>bebi,</strong></span> <span class='ocrx_word' id='word_1_365' title='bbox 2027 5803 2161 5891; x_wconf 88' lang='lat' dir='ltr'><strong>squilla</strong></span> 
     </span>
    </p>
   </div>
   <div class='ocr_carea' id='block_1_9' title="bbox 458 5984 2016 6042">
    <p class='ocr_par' dir='ltr' id='par_1_10' title="bbox 458 5984 2016 6042">
     <span class='ocr_line' id='line_1_32' title="bbox 458 5984 2016 6042; baseline 0.001 -3"><span class='ocrx_word' id='word_1_366' title='bbox 458 5984 530 6042; x_wconf 79' lang='lat' dir='ltr'><strong>Tou.</strong></span> <span class='ocrx_word' id='word_1_367' title='bbox 548 5995 586 6040; x_wconf 80' lang='lat' dir='ltr'><strong>vr.</strong></span> <span class='ocrx_word' id='word_1_368' title='bbox 1983 5984 2016 6040; x_wconf 80' lang='lat'><strong>29</strong></span> 
     </span>
    </p>
   </div>
   <div class='ocr_carea' id='block_1_10' title="bbox 0 0 2716 7108">
    <p class='ocr_par' dir='ltr' id='par_1_11' title="bbox 0 0 2716 7108">
     <span class='ocr_line' id='line_1_33' title="bbox 0 0 2716 7108; baseline 0 0"><span class='ocrx_word' id='word_1_369' title='bbox 0 0 2716 7108; x_wconf 95' lang='lat' dir='ltr'><strong> </strong></span> 
     </span>
    </p>
   </div>
  </div>
 </body>
</html>
