5456 7096
595 476 642 550 vs
1033 507 1037 516 ·
1177 473 1776 592 ‚oonnxcsvnusrs
1906 501 1918 522 ·

468 729 475 742 ·
546 705 591 776 de
614 667 747 774 donum
764 707 802 774 st
820 705 1022 776 suscebtum
1046 702 1224 793 launegilt
1246 702 1504 791 adimpleamus
1516 707 1554 773 ct
1567 701 1808 791 persolbamus
1825 705 1923 772 vobis
1940 702 2096 792 institia3
2113 709 2149 776 et
2167 706 2203 776 si
2219 705 2263 776 de
2281 711 2404 781 omnia
2447 695 2453 704 ’

548 877 623 948 quo
648 859 815 948 superius
838 858 985 948 legitur,
1008 858 1140 946 aliquit
1162 830 1423 966 remobereaui
1444 860 1610 927 contrare
1633 856 1881 944 quesierimus,
1897 861 1944 944 et,
1963 857 2057 928 sicut
2078 858 2214 929 dictum
2233 865 2298 949 est,
2316 861 2399 934 illut
2535 947 2543 964 ·
2600 823 2626 950 ‚⁰

552 1014 658 1084 vobis
680 1030 754 1082 non
777 1009 1113 1099 adimpleberimus,
1136 1013 1224 1080 tunc
1247 1029 1311 1098 ρει
1333 1013 1596 1081 combenientia
1621 1015 1658 1080 et
1680 1029 1745 1099 per
1767 1013 2014 1099 suprascripta
2034 1013 2170 1102 guadia
2193 1031 2402 1104 componere

546 1165 786 1254 obligavimus
808 1182 873 1234 nos
895 1169 932 1234 et
954 1167 1092 1234 nostros
1115 1163 1237 1233 eredes
1258 1163 1323 1232 tivi
1345 1167 1470 1253 tuique
1492 1165 1656 1236 eredibus
1679 1157 1833 1253 triginta
1855 1166 1937 1235 aori
1960 1163 2089 1234 solidos
2112 1168 2320 1256 costantini,
2348 1113 2399 1258 et,

512 1381 520 1396 ,
546 1309 647 1390 eioirt
673 1291 843 1406 superius
861 1314 1004 1404 legitor,
1029 1315 1128 1384 vobis
1150 1313 1406 1403 adimpleamus
1419 1337 1430 1404 3
1455 1316 1598 1404 quando
1620 1322 1741 1387 autem
1764 1322 1805 1386 tu
1837 1321 1874 1387 et
1896 1321 1977 1386 tuos
1998 1317 2121 1388 eredes
2145 1337 2208 1406 per
2231 1337 2295 1388 vos
2318 1319 2404 1391 indo
2499 1321 2503 1330 '

530 1467 912 1578 'bolneritisoauctores
935 1489 1024 1556 esse,
1048 1473 1257 1557 potestatem
1279 1470 1416 1540 abeatis
1439 1471 1478 1538 in
1501 1470 1664 1536 omnibus
1688 1469 1943 1541 indecausare
1964 1475 2002 1540 et
2024 1472 2131 1541 duem
2156 1471 2288 1561 facere,
2305 1474 2400 1548 siout
2426 1451 2445 1481 '
2542 1465 2544 1470 ’

547 1597 771 1726 vultis,·cum
787 1623 895 1710 quale
910 1624 1086 1692 rationem
1103 1621 1186 1690 inde
1202 1611 1316 1692 abere'
1330 1575 1520 1709 potueritis
1543 1624 1749 1712 supradicto
1769 1625 1977 1712 mediatore,
2002 1624 2095 1712 quod
2112 1643 2179 1713 ego
2195 1627 2399 1700 ammeruda

553 1777 621 1848 tivi
645 1772 761 1862 posui,
785 1779 841 1844 est
864 1774 981 1862 ipsum
1004 1773 1177 1842 iohannes
1199 1773 1419 1843 atrianeusis
1441 1776 1535 1843 filius
1557 1775 1736 1862 quondam
1761 1775 1909 1846 iohanni
1924 1750 1977 1846 'de
1999 1777 2190 1865 pantalee,
2217 1733 2254 1848 ot
2276 1777 2404 1854 taliter

551 1929 716 2002 scribere
741 1929 947 2018 rogavimus
969 1935 1005 2000 te
1029 1927 1212 1998 dauferius
1227 1927 1405 2006 'notarius
1417 1933 1538 1997 actum
1560 1927 1712 2000 salerno.
2172 1917 2176 1925 ’

450 2123 457 2138 ·
593 2056 625 2174 †
651 2086 727 2173 Ego
750 2067 811 2170 qni
836 2101 947 2170 supra
968 2053 1139 2170 grimoalt
1160 2099 1276 2184 comes
1297 2086 1333 2150 et
1357 2079 1491 2150 iudan.¹

1021 2381 1040 2418 ο

1348 2603 1603 2732 onom
1665 2539 1673 2552 ’

1229 2887 1239 2908 ·
1323 2861 1676 2976 abrosa.
1803 2801 1831 2962 ,⁹

564 3136 632 3278 '†
656 3187 864 3264 innomine
887 3187 1022 3257 domini
1045 3189 1214 3257 vicesimo
1237 3205 1332 3257 anno
1355 3189 1578 3275 principatus
1600 3187 1720 3256 domni
1743 3185 1857 3256 nostri
1879 3185 2086 3275 guaimarii,
2111 3190 2147 3254 et
2162 3185 2275 3273 primo
2300 3201 2402 3254 anno

545 3311 775 3434 principatus
790 3341 910 3410 domni
928 3343 1078 3413 iohanni
1094 3343 1172 3412 eius
1184 3341 1263 3424 dlii,
1278 3343 1441 3431 gloriosis
1457 3341 1691 3430 principibus,
1705 3357 1824 3408 mense
1837 3343 2050 3429 september,
2064 3345 2167 3410 sexta
2181 3338 2392 3415 indictione.

539 3489 640 3568 'Ante
665 3512 726 3568 mo
748 3494 968 3600 grimoaldus
989 3513 1108 3564 comes
1131 3498 1168 3562 ot
1184 3445 1297 3586 ¹iudex
1320 3494 1463 3564 alfanus
1477 3511 1593 3563 comes
1608 3499 1761 3582 cognato
1784 3512 1883 3563 meus
1899 3496 1995 3572 tilius
2010 3495 2188 3586 quondam
2204 3481 2315 3566 alfani
2329 3515 2386 3566 co·

510 3653 515 3660 '
545 3653 627 3722 miti
650 3669 716 3740 pro
738 3669 859 3724 amore
880 3647 1116 3737 omnipotenti
1138 3647 1204 3716 deo
1220 3651 1256 3716 et
1270 3647 1488 3734 redemtione
1509 3649 1629 3716 anime
1644 3666 1707 3717 sue
1722 3647 1819 3718 dedit
1834 3649 1873 3717 in
1890 3593 2042 3719 ecclesia
2064 3649 2276 3718 vocabulum
2292 3667 2398 3719 sanc·

539 3795 622 3872 'tam
645 3803 864 3890 trinitatem,
887 3820 957 3889 que
979 3803 1182 3870 constructa
1203 3803 1258 3869 est
1281 3801 1319 3868 in
1343 3800 1458 3866 locum
1481 3799 1677 3902 mitiliauu,
1700 3803 1764 3888 qui
1788 3804 1841 3869 est
1857 3801 2045 3892 cenobium
2069 3802 2248 3872 fratruum
2273 3819 2398 3873 mona·
2486 3865 2493 3882 ,

549 3958 709 4034 chorum,
736 3955 775 4023 in
798 3973 868 4042 quo
888 3959 925 4026 et
946 3961 1066 4045 preest
1089 3955 1306 4025 venerabilis
1328 3953 1477 4020 domnus
1498 3951 1689 4022 adelferius
1710 3903 1868 4032 eximius
1892 3955 2016 4041 abbas,
2040 3953 2130 4042 ideo,
2155 3957 2195 4023 ut
2211 3952 2300 4042 dixi,
2320 3909 2395 4042 ipse

459 4157 463 4168 ·
548 4111 694 4183 alfanus
718 4111 817 4196 dedit
839 4111 878 4178 in
901 4109 1099 4197 predictam
1120 4104 1305 4176 ecclesiam
1328 4105 1404 4174 tota
1427 4105 1545 4190 rebus,
1569 4102 1662 4190 quod
1685 4102 1800 4172 eidem
1815 4063 1926 4172 aliani
1946 4103 2015 4172 luit
2029 4104 2267 4190 pertinentem
2284 4103 2392 4173 unde·

535 4209 700 4353 'cumque
724 4265 764 4333 in
788 4264 903 4332 locum
926 4262 1102 4334 tabellara
1124 4265 1161 4338 et
1182 4279 1247 4349 per
1270 4257 1444 4348 vocabula
1466 4257 1509 4326 de
1531 4255 1690 4344 predicto
1714 4255 1829 4324 locum
1853 4255 2042 4344 tabellara,
2059 4273 2141 4324 cum
2157 4254 2279 4326 omnia
2296 4241 2399 4326 intra'

546 4423 646 4510 ipsas
662 4417 769 4489 rebus
784 4418 976 4488 habentem
991 4416 1225 4504 omnibusque
1239 4387 1556 4512 suis'pertinentiis
1570 4411 1609 4490 et
1624 4428 1705 4478 cum
1717 4410 1795 4478 vice
1810 4407 1853 4478 de
1872 4408 1942 4476 viis
1958 4408 2046 4496 suis,
2063 4407 2238 4478 securiter
2254 4425 2395 4496 semper

548 4528 635 4663 pars
651 4575 847 4664 predictam
863 4575 989 4642 sancta
1001 4571 1154 4642 'ecclesia
1176 4513 1325 4655 eiusque
1338 4569 1493 4635 rectores
1508 4561 1845 4648 ipsa-suprascripta
1861 4562 1967 4628 rebus
1986 4557 2203 4647 habendum,
2222 4563 2257 4629 et
2273 4559 2400 4632 omnia

548 4695 632 4800 inde
649 4729 851 4800 iaciendum
869 4726 962 4814 quod
978 4723 1131 4794 volucrit
1145 4740 1230 4810 pars
1246 4719 1443 4808 predictam
1460 4721 1623 4786 sanctam
1639 4715 1825 4814 ecclesiam
1847 4717 2010 4782 sanctam
2027 4711 2226 4781 trinitatem
2241 4713 2392 4800 eiusque

547 4887 719 4954 rectores.
743 4883 789 4950 nt
803 4879 905 4952 suam
928 4877 1160 4946 volumtatem
1182 4873 1355 4961 obligavit
1370 4871 1494 4958 seipse
1509 4847 1652 4940 alfaius
1667 4873 1704 4938 ct
1718 4886 1801 4936 suos
1826 4867 1949 4936 eredes
1971 4864 2230 4935 defensandum
2252 4882 2407 4954 semper·

548 5039 595 5111 ad
618 5041 758 5126 partem
781 5034 941 5125 predicte
965 5029 1112 5103 ecclesio
1134 5031 1210 5097 tota
1226 5027 1304 5116 ipsa
1320 5028 1425 5122 rebus
1441 5022 1534 5111 quod
1559 5021 1609 5089 ibi
1626 5019 1736 5107 dedit,
1750 5037 1834 5087 cum
1850 5019 1927 5087 vioe
1944 5017 2072 5087 deviis
2089 5016 2163 5090 suis
2179 5020 2216 5085 et
2229 5017 2396 5084 omnibus
2470 5037 2496 5120 ,⁰

547 5191 741 5263 ominibus.
767 5189 812 5258 Et
827 5186 970 5276 quando
985 5177 1130 5276 ¹partem
1153 5179 1311 5272 predicte
1335 5176 1485 5247 ecclesie
1508 5191 1572 5262 per
1588 5191 1626 5241 se
1642 5171 1725 5241 inde
1741 5169 1897 5238 voluerit
1913 5169 1990 5238 esse
2004 5168 2219 5255 defensores,
2236 5169 2393 5266 potesta·

547 5350 621 5417 tem
646 5347 779 5416 abeant
801 5360 883 5412 cum
906 5338 1072 5410 omnibus
1094 5331 1355 5406 muniminibus
1377 5335 1413 5398 et
1429 5327 1629 5397 rationibus
1651 5327 1741 5411 qdas
1766 5321 1849 5390 inde
1867 5321 2021 5409 abuerit,
2035 5318 2191 5407 qualiter
2217 5317 2385 5388 volucrit.

546 5501 594 5570 nt
617 5503 647 5569 si
671 5499 807 5586 taliter,
831 5499 873 5566 ut
895 5512 1003 5581 supra
1024 5489 1171 5578 legitur,
1187 5488 1262 5576 ipse
1277 5485 1419 5554 alfanus
1434 5480 1579 5552 etillius
1600 5477 1723 5549 eredes
1739 5475 1784 5546 ad
1799 5477 1937 5564 partem
1954 5471 2112 5560 predicte
2135 5461 2286 5540 ecclesie
2316 5485 2391 5538 non

547 5653 811 5742 adimpleverit,
835 5637 949 5719 etille
963 5646 1019 5717 vel
1035 5631 1164 5717 exinde
1180 5642 1226 5714 ad
1243 5643 1381 5729 partem
1407 5613 1565 5724 predicte
1587 5629 1737 5702 ecclesie
1760 5605 1943 5700 remotiore
1960 5607 2024 5696 aut
2039 5623 2283 5693 contradicere
2306 5638 2393 5709 que·

546 5807 689 5894 sierint,
713 5803 994 5875 sua-volumtate
1017 5795 1196 5886 obligavit
1216 5812 1254 5864 so
1277 5793 1353 5880 ipse
1378 5789 1520 5861 alfanus
1543 5791 1580 5857 et
1602 5803 1683 5854 suos
1705 5782 1825 5854 eredes
1847 5781 1893 5852 ad
1910 5783 2031 5868 partes
2056 5777 2214 5866 predicte
2248 5771 2399 5845 ecclesio
