5402 7088
631 545 677 618 16
861 593 867 608 -
1248 542 1437 620 cobbx
1475 542 1771 619 CAVENSIS

576 773 658 844 auri
681 773 812 843 solidos
835 773 1068 844 costantinos.
1096 775 1342 842 bernmtamen
1366 788 1406 839 oc
1429 789 1680 860 memoramus,
1697 773 1784 859 quia
1808 770 1910 838 modo
1929 771 2030 842 dedit
2046 771 2158 860 ipsius
2173 773 2293 842 domni
2309 777 2437 846 abbati

576 941 686 994 unum
703 929 908 1014 preceptum
925 927 1165 995 continentem
1182 922 1224 990 de
1240 924 1447 1011 supradicta
1461 929 1559 994 terra
1573 945 1659 992 cum
1675 944 1759 993 casa
1777 926 1870 1011 qnod
1891 943 2039 994 comune
2057 927 2203 994 abemus
2218 945 2299 994 cum
2314 927 2436 998 eredes

579 1081 728 1151 iohanni
754 1081 821 1151 filii
845 1081 1085 1155 constantini:
1111 1078 1149 1146 in
1173 1097 1214 1147 oc
1230 1077 1354 1146 ordine
1372 1079 1446 1165 ipso
1463 1083 1669 1164 preceptum
1686 1077 1800 1164 ipsius
1816 1077 1936 1145 domni
1950 1077 2072 1147 abbati
2089 1077 2182 1156 dedi,
2200 1079 2247 1146 ud
2265 1082 2429 1166 partibus

584 1235 695 1322 ipsius
714 1233 861 1302 ecclesie
884 1251 1021 1320 semper
1045 1233 1175 1301 abeant
1200 1230 1275 1318 ipso
1299 1234 1504 1317 preceptum
1528 1231 1680 1316 salbum,
1697 1235 1733 1298 et
1747 1228 1889 1317 quando
1912 1229 2001 1296 mihi
2025 1247 2208 1298 necessum
2227 1229 2338 1299 fuerit
2361 1230 2436 1318 ipso

578 1392 784 1474 preceptum
797 1389 832 1454 et
845 1386 1031 1453 fecerimus
1043 1385 1134 1452 scire
1147 1383 1310 1470 partibus
1323 1383 1434 1470 ipsius
1448 1382 1610 1470 ecclesie,
1624 1383 1720 1452 intra
1735 1383 1810 1451 dies
1826 1388 1904 1452 octo
1918 1385 2028 1453 deant
2041 1383 2130 1452 mihi
2145 1385 2309 1470 partibus
2322 1375 2433 1472 ipsiu's

579 1538 725 1607 ecclesie
750 1539 826 1625 ipso
848 1541 1066 1625 preceptum,
1093 1535 1138 1604 ad
1161 1527 1337 1604 ribendum
1373 1554 1438 1622 ego
1464 1535 1545 1604 illut
1568 1555 1680 1623 usque
1714 1536 1788 1605 dies
1823 1539 1989 1624 triginta,
2016 1541 2053 1604 et
2076 1542 2154 1624 post
2177 1537 2341 1624 completi
2366 1539 2434 1626 ipsi

581 1691 735 1778 triginta
758 1689 833 1758 dies
858 1709 921 1776 per
945 1707 1065 1756 omnes
1089 1690 1184 1756 vices
1209 1688 1284 1776 ipso
1309 1691 1513 1776 preceptum
1529 1688 1668 1757 salbum
1687 1688 1916 1757 remictamus
1935 1689 1972 1756 in
1997 1689 2161 1776 pertibus
2186 1691 2302 1778 ipsius
2326 1692 2436 1762 eccle-

580 1841 645 1926 sie,
672 1841 774 1926 quale
799 1841 889 1907 mihi
914 1839 1016 1906 illum
1041 1839 1178 1908 dederit
1201 1837 1246 1909 ad
1269 1838 1472 1906 habendum
1497 1837 1598 1906 illum
1615 1840 1777 1925 partibus
1794 1840 1907 1926 ipsius
1929 1840 2077 1944 ecclesie
2101 1842 2373 1930 omnitempore
2397 1844 2436 1912 in

581 1993 745 2081 predicte
768 1994 908 2066 ratione
932 2012 994 2080 per
1017 1993 1224 2080 supradicta
1258 1993 1394 2079 guadio
1427 1997 1462 2060 et
1500 1992 1665 2080 obligata
1692 2012 1806 2080 pena:
1831 1999 1970 2063 tantum
1997 1991 2087 2081 pers
2106 1995 2271 2065 iamdicte
2294 1996 2442 2067 ecclesie

582 2149 714 2216 abeant
738 2149 813 2232 ipso
837 2149 1045 2232 preceptum
1072 2143 1215 2213 salbum
1241 2146 1375 2230 absque
1398 2144 1441 2210 de
1465 2144 1574 2232 ingne
1589 2149 1624 2213 et
1639 2147 1715 2214 zela
1731 2151 1767 2214 et
1784 2148 1895 2270 tinea,
1920 2147 2012 2234 quod
2035 2148 2160 2234 scripsi
2185 2165 2250 2235 ego
2273 2148 2438 2218 alderissi
2505 2211 2508 2218 .

582 2300 759 2370 notarius

629 2425 660 2541 †
685 2455 759 2540 Ego
782 2455 845 2539 qni
869 2473 979 2542 supra
1002 2453 1159 2523 ademari
1185 2453 1294 2520 iudex

629 2579 660 2696 †
685 2606 760 2693 Ego
784 2606 966 2676 dauferius
990 2605 1151 2674 noterius
1176 2622 1232 2671 me
1256 2604 1472 2690 subscripsi.

1292 2893 1716 2904 ...μ-Ἥ

1304 3288 1709 3371 DCCCLXXX.

1352 3557 1408 3628 A.
1437 3559 1491 3631 D.
1522 3554 1653 3633 1034.

623 3795 724 3934 †ln
748 3845 893 3914 nomine
916 3846 1050 3914 domini
1074 3846 1364 3933 septimodecimo
1396 3862 1493 3913 enno
1528 3845 1752 3931 principatus
1776 3844 1895 3912 domni
1921 3844 2034 3912 nostri
2060 3845 2247 3914 Guaimari
2280 3843 2436 3914 Glorioso

579 3997 742 4086 principe
764 3999 838 4066 filio
861 3997 1039 4086 quondam
1062 3997 1183 4066 domni
1208 3995 1390 4065 Gnaimari
1406 3999 1470 4083 qni
1493 3997 1561 4064 fuit
1577 3997 1756 4084 princeps,
1782 4015 1901 4065 mense
1918 3996 2118 4085 december,
2134 3998 2244 4066 tertie
2264 3997 2434 4067 indictio-

579 4171 638 4222 ne.
663 4154 813 4241 ldeoque
835 4172 902 4242 ego
925 4153 1068 4223 alfanus
1085 4151 1182 4220 filius
1206 4151 1382 4239 quondam
1406 4150 1550 4238 stefani,
1567 4150 1630 4238 qui
1648 4168 1728 4217 sum
1743 4149 1787 4218 de
1804 4149 1949 4238 betolls,
1974 4151 2162 4220 clarefecio
2179 4169 2245 4238 me,
2263 4152 2349 4240 quia
2372 4172 2435 4241 per

580 4307 867 4377 commutationis
890 4306 1039 4376 hordine
1054 4309 1108 4374 est
1124 4306 1234 4374 michi
1259 4323 1456 4392 congruum
1481 4304 1663 4373 retredere
1686 4303 1879 4373 sortionem
1903 4323 2020 4375 meam
2037 4305 2079 4372 de
2103 4309 2215 4394 terro,
2240 4307 2333 4394 quod
2359 4305 2434 4374 cln-

580 4480 658 4528 snm
683 4462 793 4530 habet
815 4461 923 4528 mizza
946 4457 1043 4526 lilius
1065 4457 1231 4526 dumnini
1256 4478 1278 4526 a
1302 4476 1407 4545 super
1424 4476 1489 4527 sua
1504 4475 1589 4528 casa
1608 4458 1654 4527 ad
1671 4458 1784 4546 ipsius
1807 4461 1927 4535 mizza;
1954 4462 2000 4546 et,
2026 4459 2119 4528 sicut
2141 4458 2249 4527 michi
2273 4461 2435 4547 predicto

580 4615 783 4686 allennest
805 4632 1017 4703 congruum,
1042 4617 1125 4682 ante
1148 4611 1296 4699 ydoneis
1324 4611 1495 4697 subcripti
1519 4613 1725 4681 hominibus
1760 4631 1822 4700 per
1849 4631 1917 4682 anc
1940 4612 2120 4680 cartulam
2143 4613 2431 4682 commutationis

581 4769 747 4836 hordinis
769 4766 912 4836 retrado
934 4767 999 4835 tivi
1024 4769 1132 4852 atque
1155 4765 1301 4834 remitto
1332 4764 1490 4852 predicto
1520 4766 1629 4834 mizza
1652 4769 1726 4834 tota
1754 4771 1789 4834 et
1819 4765 1946 4834 inclita
1969 4766 2174 4853 sortionem,
2200 4768 2292 4853 quod
2315 4767 2425 4836 michi

581 4921 741 5006 pertinet
763 4921 806 4990 de
830 4921 908 5010 ipse
932 4923 1036 4990 rebus
1061 4921 1150 5008 qnod
1177 4919 1279 4989 modo
1301 4895 1460 4988 clausum
1477 4923 1518 4987 tu
1542 4921 1624 4989 abet
1656 4918 1699 4987 de
1724 4919 1802 5004 ipsa
1824 4917 2003 4995 clusoria,
2023 4937 2093 5004 que
2116 4923 2169 4986 est
2193 4939 2215 4988 a
2238 4939 2345 5008 snper
2371 4921 2436 4989 ubi

583 5083 624 5144 tu
648 5093 686 5144 es
710 5074 925 5145 residentem
943 5075 980 5140 in
997 5074 1166 5143 iamdicto
1183 5073 1258 5142 loco
1274 5072 1419 5160 batolla,
1435 5073 1481 5143 ad
1494 5073 1668 5142 securiter
1684 5077 1720 5141 et
1735 5072 1885 5140 tirmiter
1909 5071 2034 5140 amodo
2058 5075 2094 5140 et
2118 5090 2255 5159 semper
2278 5078 2319 5142 tu
2343 5073 2436 5144 iem·

582 5231 698 5300 dictus
722 5231 831 5298 mizza
854 5234 890 5299 et
913 5230 985 5298 tuis
1007 5228 1198 5298 heredibus
1222 5228 1310 5298 illud
1332 5227 1547 5314 habendum,
1576 5227 1845 5313 dominandum,
1869 5224 2113 5312 possidendum
2140 5232 2176 5295 et
2199 5225 2322 5297 omnio
2345 5227 2430 5298 inde

582 5383 787 5454 faciendum
811 5383 903 5471 quod
928 5381 1128 5468 volueritis;
1145 5387 1181 5451 et
1195 5401 1260 5468 pro
1283 5381 1421 5448 firmam
1447 5377 1676 5448 sterilitatem
1695 5380 1828 5466 recepit
1842 5400 1865 5449 a
1880 5385 1915 5450 te
1931 5379 2101 5450 iamdicto
2117 5379 2228 5449 mizza
2245 5398 2307 5466 per
2322 5380 2433 5450 aliam

583 5539 775 5630 cartulam,
792 5540 883 5629 quod
907 5543 993 5628 aput
1016 5556 1071 5607 me
1096 5537 1244 5623 retineo,
1269 5539 1343 5603 tote
1367 5535 1557 5602 sortionem
1573 5533 1665 5621 qnod
1689 5533 1751 5602 tivi
1778 5533 1953 5621 pertinuit
1976 5537 2015 5606 in
2040 5533 2117 5621 ipso
2140 5535 2364 5602 concessione
2385 5535 2428 5604 de

586 5697 662 5782 ipso
694 5694 899 5780 castelione,
922 5695 1096 5778 quantum
1120 5708 1183 5776 per
1207 5687 1322 5776 ipsum
1347 5687 1489 5754 brebem
1514 5686 1712 5774 sigillatum
1735 5687 1818 5756 inde
1848 5685 1916 5757 tivi
1940 5688 2097 5776 pertinet
2121 5691 2158 5758 in
2182 5689 2278 5757 omni
2302 5689 2433 5760 finitio-

584 5867 658 5934 ne,
682 5847 775 5917 sicut
799 5845 893 5914 inter
916 5860 981 5910 nos
1004 5843 1191 5910 combenit.
1218 5842 1266 5909 De
1289 5859 1361 5927 qna
1385 5857 1447 5925 per
1472 5840 1722 5910 conbenientia
1737 5859 1803 5930 ego
1820 5843 2027 5912 nominatus
2049 5842 2191 5913 alsonus
2206 5841 2342 5931 gnadie
2364 5841 2431 5913 tivi
