5408 7108
879 615 891 628 ἣ
987 525 1446 602 urruouurrous
2023 515 2094 592 ara

294 763 431 854 guadia
454 779 665 850 componere
690 759 808 848 obligo
825 777 882 827 me
898 759 959 847 qui
976 776 1086 845 supra
1103 758 1273 826 iohannes
1289 757 1325 823 et
1340 771 1436 822 meos
1460 754 1582 822 eredes
1604 749 1666 820 tiri
1684 750 1843 839 predicto
1866 747 1996 816 domno
2019 745 2145 814 iohan-

291 931 356 984 nes
379 913 499 982 abbati
523 911 628 981 etad
660 913 739 980 tuos
768 927 1008 998 successores,
1038 927 1100 977 seu
1130 908 1174 978 ad
1197 926 1282 994 pars
1306 906 1457 994 predicti
1488 905 1697 974 monasterii
1728 907 1906 988 trecentos
1930 921 2059 1012 aureos
2082 921 2137 972 so·

292 1067 385 1134 lidos
399 1062 719 1134 constantinianos.
741 1065 785 1158 Et
801 1061 861 1130 ubi
879 1065 934 1130 est
951 1061 1141 1149 pauculum
1160 1058 1416 1149 disturbatum,
1441 1061 1574 1148 legitur
1599 1061 1676 1147 ipsa
1699 1077 1783 1127 casa
1806 1041 1983 1126 conoiata.

980 1351 1404 1366 Μ

1078 1715 1340 1798 MXXVI.

1065 2017 1123 2092 A.
1151 2017 1206 2091 D.
1235 2015 1366 2092 1043.

334 2259 371 2399 †
395 2299 435 2378 in
459 2311 603 2380 nomine
626 2311 761 2380 domini
785 2310 952 2378 vicesimo
975 2309 1100 2396 quinto
1123 2325 1219 2379 anno
1241 2295 1468 2397 principatus
1490 2309 1624 2378 salerni
1650 2309 1770 2376 domui
1803 2311 1917 2378 nostri
1942 2308 2138 2398 guaimarii

287 2465 444 2554 glorioso
469 2463 642 2552 principe,
659 2470 696 2534 et
718 2464 843 2552 quinto
860 2481 954 2532 anno
973 2463 1195 2553 principatus
1211 2463 1289 2532 eius
1305 2481 1418 2552 capue
1434 2467 1470 2532 et
1484 2463 1637 2533 ducatus
1651 2463 1787 2551 amalfi,
1800 2465 1836 2531 et
1852 2468 1981 2550 quarto
1997 2460 2024 2548 ¹)
2040 2483 2136 2534 anno

282 2620 434 2689 ducatus
448 2619 526 2688 eius
541 2620 747 2706 sirrentum,
764 2622 800 2688 et
817 2617 970 2687 secundo
984 2634 1080 2688 anno
1096 2617 1416 2703 suprascriptorum
1432 2615 1699 2704 principatuum
1716 2620 1752 2684 et
1770 2616 1923 2686 ducatus
1939 2617 2057 2685 domni
2077 2618 2134 2706 gi·

283 2771 361 2840 sold
385 2771 511 2842 eximii
538 2771 693 2860 principi
715 2775 754 2872 'et
777 2770 859 2838 duci
884 2769 950 2838 diii
974 2772 1065 2856 eius,
1089 2775 1126 2838 et
1149 2771 1263 2856 primo
1287 2788 1382 2840 anno
1405 2771 1534 2840 ducato
1565 2745 1705 2838 illorum
1736 2769 1865 2857 apulea
1896 2777 1933 2840 et
1964 2770 2146 2860 calabria,¹

282 2942 404 2994 mense
414 2930 583 3013 agustus,
600 2923 788 2995 undecima
804 2923 1012 2993 indictione.
1031 2915 1319 2992 Memoratorium
1341 2921 1475 2992 factum
1492 2943 1515 2992 a
1531 2942 1587 2991 me
1605 2925 1779 2994 iohannes
1794 2926 2010 3024 venerabilis
2026 2927 2139 2995 abbas

280 3098 326 3148 ex
349 3079 570 3148 monasterio
593 3083 716 3148 sancte
739 3078 835 3167 sede,
860 3097 965 3166 quern
989 3096 1012 3146 a
1036 3079 1127 3144 nobo
1150 3075 1359 3145 fundamine
1383 3079 1587 3146 construxit
1609 3079 1785 3164 quondam
1803 3080 2004 3168 guaiferius
2020 3099 2139 3150 comes

282 3231 380 3302 tilius
406 3233 497 3301 idem
522 3235 693 3322 guaiferii
718 3235 857 3302 comitis
882 3237 979 3302 intus
1003 3234 1100 3301 cibes
1122 3233 1254 3301 salerni
1281 3236 1319 3300 in
1342 3235 1448 3302 rebus
1471 3252 1548 3309 sua.
1574 3253 1614 3302 eo
1637 3193 1728 3322 pund
1753 3239 2043 3305 antesubscribti
2063 3237 2139 3305 ido-

283 3385 363 3454 neis
391 3391 499 3454 testes
523 3406 586 3472 per
609 3385 871 3454 combenientia
893 3385 969 3454 vice
994 3375 1149 3472 predicti
1165 3387 1370 3456 monasterii
1388 3391 1424 3455 et
1441 3405 1504 3474 pro
1520 3388 1595 3456 vice
1617 3407 1757 3476 gemme
1781 3389 1909 3458 relicta
1934 3391 2135 3476 supradicti

280 3539 437 3626 guaiferi
462 3539 538 3608 diia
561 3541 740 3626 quondam
766 3539 943 3624 guaimari
967 3539 1102 3616 comiti,
1130 3557 1202 3607 una
1225 3557 1362 3607 mecum
1386 3538 1524 3608 adesset
1546 3541 1721 3608 iohannes
1743 3541 1955 3619 casteldeus,
1982 3542 2137 3615 adboca-

282 3697 337 3758 tor
367 3692 481 3778 ipsius
505 3693 725 3780 monasterii,
750 3692 899 3762 tradidit
921 3691 1011 3779 petri
1035 3691 1078 3761 de
1101 3697 1306 3779 aputmonte
1330 3692 1403 3760 dlio
1426 3693 1574 3763 falconis
1599 3712 1670 3764 una
1687 3696 1788 3781 pecie
1805 3695 1848 3764 de
1863 3700 1961 3765 terra
1977 3714 2058 3764 cum
2077 3713 2137 3766 oa·
2235 3679 2238 3686 “

282 3847 475 3915 stauietum
498 3847 535 3913 et
558 3846 757 3924 insitetum,
781 3845 873 3932 quod
897 3863 980 3932 pars
1004 3845 1116 3932 ipsius
1139 3846 1347 3914 monasterii
1363 3851 1400 3913 et
1417 3844 1577 3932 predicta
1592 3865 1734 3934 gemma
1748 3849 1855 3916 habet
1871 3849 1911 3916 in
1929 3848 2041 3916 locum
2064 3849 2136 3918 sia-

279 4017 376 4084 num,
396 3999 456 4066 ubi
475 3999 616 4066 trudulo
639 3999 786 4084 dicitur,
810 4019 873 4086 per
895 4017 935 4067 ec
959 4000 1041 4074 dnis
1064 3968 1099 4068 et
1124 4018 1319 4068 mensuras:
1344 3980 1531 4068 ameridie
1548 3999 1619 4066 dne
1640 3999 1814 4086 domnica,
1834 3999 1916 4069 inde
1933 4003 2028 4089 passi
2048 4020 2126 4089 sep-

278 4155 449 4242 tuaginta
472 4173 555 4240 sex3
582 4156 627 4223 ab
651 4153 789 4221 oriente
813 4155 884 4220 fine
907 4153 1021 4220 rnedio
1044 4151 1204 4237 ballone3
1231 4151 1313 4220 inde
1335 4157 1419 4218 sunt
1442 4149 1537 4236 passi
1563 4155 1705 4218 centurn
1728 4151 1919 4236 sexaginta
1937 4151 2128 4238 quadtuor:

277 4301 451 4390 desuper
477 4324 499 4373 a
523 4306 774 4391 septemtrione
797 4306 868 4373 dne
892 4303 1042 4392 predicti
1065 4303 1272 4374 monasterii
1297 4308 1332 4372 et
1354 4303 1511 4389 predicte
1534 4277 1684 4389 gemma
1711 4301 1792 4371 inde
1817 4313 1901 4372 sunt
1917 4305 2014 4392 passi
2040 4324 2128 4392 qua·

275 4459 446 4546 draginta
469 4461 565 4525 octo:
590 4459 636 4525 ab
660 4458 840 4528 occidente
864 4457 935 4524 dne
958 4455 1001 4525 de
1025 4455 1146 4525 eredes
1171 4455 1273 4543 mari,
1299 4453 1380 4523 inde
1403 4459 1487 4526 sunt
1503 4473 1613 4542 usque
1629 4455 1749 4542 priora
1766 4456 1836 4525 dne
1852 4457 1949 4544 passi
1965 4457 2030 4528 alii
2049 4477 2133 4528 cen-

274 4618 349 4679 tum
372 4612 563 4696 sexaginta
585 4611 775 4696 quadtuor‚
801 4617 912 4680 totum
937 4617 1178 4678 mensuratum
1199 4615 1237 4678 at
1261 4609 1352 4676 iusto
1375 4625 1479 4694 passu
1507 4610 1648 4677 ominis.
1681 4609 1724 4677 de
1754 4629 1794 4677 ec
1825 4627 1907 4679 vero
1938 4613 2044 4680 rebus
2071 4614 2128 4678 iu·
2172 4583 2177 4596 ¹

196 4825 199 4830 .
275 4767 330 4836 fra
352 4767 591 4852 suprascripte
615 4765 700 4834 finis
722 4770 758 4832 et
780 4783 965 4833 mensuras
990 4765 1114 4832 inclita
1137 4763 1327 4832 medietate
1350 4761 1480 4830 exinde
1498 4762 1609 4848 ipsius
1635 4765 1726 4849 petri
1752 4764 1902 4832 tradidit
1919 4764 1956 4832 in
1973 4783 2013 4847 oc
2032 4767 2128 4835 ordi-

273 4895 372 5006 nemJ
395 4923 434 4986 ut
457 4885 581 4986 amodo
604 4921 640 4986 et
663 4936 801 5006 semper
824 4922 897 4986 tota
921 4925 957 4986 et
987 4917 1113 4986 inclita
1141 4919 1219 5004 ipsa
1245 4895 1487 5004 suprascripta
1515 4917 1703 5026 estrpditio
1730 4924 1767 4987 at
1792 4937 1896 4986 suam
1926 4919 2029 4988 etde
2054 4923 2131 4991 suis
2179 4897 2184 4910 ⁴

272 5051 437 5139 eredib'os
460 5073 533 5141 sint
557 5075 769 5158 potestatem
786 5075 909 5138 tenere
931 5075 968 5139 et
991 5069 1188 5156 dominare,
1211 5072 1248 5136 et
1271 5069 1368 5138 fovee
1392 5075 1428 5137 et
1451 5071 1567 5137 omnis
1591 5075 1709 5138 nostre
1738 5069 1908 5140 utilitatis
1936 5073 2032 5143 iusta
2068 5093 2128 5143 ra·

272 5193 405 5259 tionem
431 5193 559 5262 ibidem
583 5195 714 5282 facere,
737 5197 773 5262 et
795 5210 857 5278 per
880 5209 1001 5260 omnes
1024 5208 1137 5259 anuos
1161 5189 1243 5258 illut
1267 5190 1430 5258 laborare
1458 5195 1494 5258 et
1523 5189 1676 5276 sultare,
1701 5196 1736 5259 et
1766 5192 1828 5260 ubi
1859 5195 2032 5262 meruerit
2060 5213 2122 5281 pa-

271 5349 415 5414 stenare
439 5352 474 5416 et
498 5349 648 5418 innitare
671 5352 707 5417 et
729 5347 876 5436 su'rgere
902 5345 995 5432 illut,
1019 5347 1113 5414 sicut
1136 5345 1307 5428 meruerit
1329 5349 1420 5412 esset
1442 5345 1571 5410 bonum
1595 5349 1686 5412 esset
1709 5346 1946 5414 castanietuur
1974 5351 2012 5416 et
2035 5348 2127 5416 insi-

277 5639 651 5653 —n--n-——n—-u-

312 5857 336 5933 ¹)
356 5854 462 5936 Lege:
487 5855 599 5933 quinto
623 5853 768 5915 sirrenti.
