5402 7088
1008 529 1405 642 orenourrruos
1496 531 1523 587 .·
1637 523 1640 528 ·
2042 496 2086 599 rr
2170 467 2181 486 ⁹

281 756 421 843 prolato
436 754 545 824 mizza
568 751 673 823 dedit'
689 761 726 824 et
749 755 979 826 mediatorem
1004 773 1058 823 me
1082 755 1197 842 ipsum
1220 755 1349 848 posuit;
1367 760 1403 824 et
1420 773 1482 842 per
1501 756 1577 842 ipsa
1601 733 1737 843 guadia
1760 754 1877 850 obligo
1901 772 1957 822 me
1980 758 2016 822 et
2041 753 2132 822 meis

282 907 476 978 heredibus
500 909 624 976 amodo
648 911 683 976 et
698 927 835 996 semper
858 879 1114 1002 defensandum
1133 907 1197 974 tivi
1222 910 1347 994 tuique
1363 907 1554 976 heredibus
1571 912 1700 974 cuncta
1723 924 1825 974 socca
1838 907 1929 993 quod
1945 907 2034 974 mibi
2052 913 2131 992 p'er-

281 1059 376 1129 tinet
398 1061 441 1128 de
466 1066 544 1148 ipsa
567 1051 903 1128 sortionem'meam'
921 1061 963 1128 de
988 1062 1065 1146 ipsa
1089 1035 1312 1148 rebus,‘quod
1338 1066 1377 1130 tu
1400 1061 1537 1129 clusum
1560 1061 1661 1128 modo
1676 1061 1831 1160 habeta
1847 1077 1968 1147 super,
1994 1061 2055 1127 ubi
2080 1061 2128 1128 sit
2217 1035 2221 1044 ’

281 1212 491 1298 residentes,
509 1231 591 1282 cum
606 1216 727 1283 omnia
751 1215 845 1284 inter
869 1215 947 1302 ipse
970 1215 1070 1283 clusa
1092 1217 1283 1284 habentem
1298 1219 1334 1282 et
1354 1215 1429 1282 vioe
1452 1214 1494 1282 de
1518 1213 1599 1300 vile,
1614 1213 1782 1284 etomnia
1805 1211 1888 1280 inde
1911 1212 2019 1280 michi
2056 1224 2185 1298 por-·
2317 1271 2321 1281 .
2441 1233 2450 1246 ·

281 1369 479 1456 timentem,
505 1386 586 1436 oum
610 1369 685 1438 vioe
708 1369 751 1438 de
775 1368 843 1437 riis
856 1419 866 1456 ,
890 1369 937 1438 da
960 1369 1124 1436 omnibus
1147 1365 1351 1444 hominibus
1374 1371 1409 1434 et
1431 1365 1478 1435 da
1500 1364 1733 1450 consortibus,
1759 1367 1795 1432 et
1815 1379 1904 1430 uxor
1921 1381 2001 1430 mea
2023 1365 2059 1430 et
2082 1361 2128 1430 da

282 1539 404 1590 omnes
418 1527 557 1610 partes.
575 1509 779 1610 Et'quarido
803 1541 865 1608 per
889 1523 1066 1609 vosipsos
1090 1520 1172 1589 inde
1196 1520 1377 1590 volueritis
1393 1538 1469 1588 esse
1486 1497 1638 1620 autores,
1663 1473 1818 1605 qualiter
1840 1471 2027 1585 bolueritis
2049 1535 2147 1632 cum·

283 1674 381 1742 omni
405 1675 602 1744 monimine
626 1680 664 1745 et
685 1677 827 1752 onerati
851 1694 941 1762 quas
964 1675 1048 1744 inde
1069 1675 1280 1744 habueritis.
1317 1675 1413 1751 Quod
1443 1673 1474 1742 si
1503 1673 1626 1742 taliter
1654 1673 1775 1778 omnia
1801 1647 2046 1759 suprascripte
2069 1689 2134 1758 per

282 1827 485 1914 supradicto
509 1827 658 1897 hordine
682 1829 781 1896 bobis
803 1845 875 1895 non
898 1807 1223 1916 adimpleverimus,
1240 1831 1277 1895 et
1293 1844 1474 1896 removere
1490 1831 1554 1894 aut
1570 1831 1735 1894 contrare
1759 1823 1896 1912 aliquid
1913 1822 1995 1892 indo
2011 1785 2134 1892 volue-

282 1981 396 2049 rimus
418 1999 482 2069 per
497 1981 769 2070 qualiscumque
793 1977 978 2070 ingenium
994 1983 1050 2049 vel
1074 1983 1224 2067 ratione,
1248 1973 1312 2068 per
1337 1981 1415 2068 ipsa
1437 1957 1574 2066 guadia
1597 1977 1716 2066 obligo
1741 1996 1799 2046 me
1813 1979 1972 2064 prefatus
1995 1976 2139 2050 alfanus

241 2219 255 2240 .
283 2138 320 2202 et
343 2099 432 2201 meis
454 2133 644 2202 heredibus
674 2133 720 2203 ed
740 2133 1020 2221 componendum
1043 2133 1107 2226 tivi
1138 2133 1199 2220 qui
1230 2151 1344 2220 supra·
1369 2133 1464 2201 dicto
1493 2133 1602 2231 mizza
1632 2135 1668 2200 et
1691 2131 1737 2199 ad
1759 2131 1833 2199 tuis
1851 2125 2046 2199 heredibus
2059 2178 2068 2214 ,
2096 2134 2135 2199 ot

283 2287 388 2354 ouius
411 2287 551 2358 cartula
574 2288 646 2355 ista
669 2305 732 2374 pro
752 2288 829 2356 viee
854 2291 972 2357 vestra
995 2288 1035 2354 in
1050 2307 1159 2356 manu
1183 2287 1357 2378 paruerit,
1383 2287 1510 2376 viginti
1536 2287 1640 2356 solidi
1664 2285 1894 2372 constantini,
1911 2289 1947 2352 et
1965 2285 2128 2354 inantea

221 2443 226 2452 '
283 2410 425 2526 questio
457 2444 493 2510 et
515 2441 673 2509 causatio
696 2447 819 2512 nostra
841 2445 929 2530 aput
951 2444 1013 2509 bos
1036 2441 1114 2510 stad
1132 2439 1249 2550 tacita
1271 2444 1307 2509 et
1330 2443 1459 2525 bacua,
1483 2443 1524 2510 e't
1542 2441 1663 2509 taliter
1691 2441 1845 2508 scribere
1868 2437 2071 2524 rogavimus
2098 2441 2134 2507 te
2181 2397 2183 2402 Α
2221 2465 2230 2480 =

259 2593 435 2672 ,talarico
458 2595 632 2680 presbiter
655 2598 691 2662 et
714 2597 891 2683 notarius,
917 2600 1038 2665 actum
1062 2594 1206 2664 cilento.
1820 2543 1826 2554 Ι

329 2719 360 2835 †
385 2750 459 2835 Ego
484 2749 658 2817 landoltus
683 2750 855 2836 presbiter

330 2875 459 2992 †·Ego
483 2906 683 2972 romoaldus
708 2874 881 2994 presbiter

735 3363 737 3368 ⁵
999 3368 1424 3508 occonxxxr.
1490 3419 1493 3424 “

1060 3657 1408 3766 A.D.1034.'
1551 3698 1557 3714 ·

328 3929 437 4071 †‘ln,
466 3981 609 4050 nomine
636 3979 770 4048 domini
798 3978 1083 4068 septimodecimo
1114 3950 1210 4058 anno
1234 3976 1461 4065 principatus
1492 3975 1612 4046 domni
1635 3977 1746 4047 nostri
1772 3980 1955 4067 guaimari
1982 3943 2156 4068 glorioso=

280 4135 456 4226 principe,
472 4134 547 4204 filio
563 4133 740 4222 quondam
762 4130 883 4201 domni
907 4131 1087 4219 guaimari
1112 4131 1173 4217 qui
1199 4131 1266 4200 suit
1280 4131 1459 4219 princeps,
1484 4151 1604 4202 mense
1619 4101 1818 4244 december,
1839 4135 1949 4209 tertia
1972 4135 2137 4206 indictio·

280 4305 341 4356 ne.
367 4263 465 4356 Ante
485 4305 541 4380 me
564 4285 736 4355 raidolsus
759 4301 886 4370 oomeS,
910 4285 971 4370 qui
995 4275 1072 4352 sum
1095 4247 1294 4371 exgenere
1318 4265 1535 4374 francorum,
1560 4287 1744 4378 coniuncti
1772 4295 1857 4358 sunt
1885 4293 1996 4360 aresti
2024 4295 2136 4364 abbas
2167 4247 2174 4260 ’

280 4441 498 4512 monasterio
521 4444 644 4510 sancte
666 4441 779 4510 mario
809 4439 852 4508 de
875 4438 1053 4508 terricello
1075 4457 1156 4506 oum
1186 4441 1350 4509 brancati
1374 4442 1503 4510 abbate
1532 4445 1651 4512 sancti
1674 4445 1814 4532 georgi,
1846 4447 1908 4533 qui
1932 4447 2133 4534 propinque

246 4647 248 4652 .
282 4598 367 4704 sunt
390 4597 550 4682 abboque
573 4597 659 4662 sunt
681 4590 753 4663 situ
776 4594 982 4663 lucaniense
1005 4595 1149 4681 finibus,
1163 4598 1208 4662 et
1224 4591 1432 4664 reclamavit
1455 4595 1571 4682 ipsum
1594 4598 1705 4666 abbas
1729 4599 1840 4666 aresti
1864 4601 1952 4686 aput
1973 4601 2134 4687 prefatus
2181 4579 2184 4586 ¹

283 4749 396 4816 abbas
413 4746 591 4833 brancati,
601 4732 693 4833 quod
709 4746 787 4814 sine
802 4745 941 4814 ratione
957 4746 1050 4816 malo
1066 4730 1215 4815 hordine
1232 4747 1402 4818 intrasset
1418 4723 1578 4818 in'rebus
1594 4749 1760 4828 iamdicto
1776 4731 1992 4820 monasterio
2007 4759 2131 4823 sancte

282 4904 396 4972 mario
420 4906 456 4971 et
477 4921 540 4989 per
564 4901 635 4968 vim
657 4899 815 4970 hividem
838 4904 978 4969 arasset
1000 4903 1036 4967 et
1058 4900 1290 4969 seminasset:
1323 4903 1398 4987 ipse
1422 4879 1550 4970 'autem
1572 4903 1684 4971 abbas
1707 4904 1870 4972 brancati
1895 4904 2021 4993 dixit,
2041 4874 2136 4996 quod

282 5061 404 5148 plures
428 5059 534 5130 rebus
557 5035 706 5125 haberet
729 5054 845 5143 ipsum
868 5056 1085 5123 monasterio
1107 5054 1224 5122 sanoti
1248 5055 1372 5142 georgi
1397 5074 1503 5124 arare
1526 5061 1563 5125 et·
1583 5057 1773 5145 seminare,
1791 5063 1826 5127 et
1844 5059 1982 5129 nescire
2004 5062 2136 5150 dequo
2234 5125 2237 5138 ,

283 5211 415 5297 dicere3
441 5212 528 5278 tunc
551 5228 613 5295 per
636 5227 754 5277 meum
777 5207 948 5276 iudicium
971 5209 1065 5276 inter
1080 5208 1167 5295 ipsis
1182 5208 1357 5295 guadiare
1380 5208 1477 5294 fecit,
1494 5213 1534 5277 ut
1549 5205 1739 5296 utrumque
1754 5210 1891 5296 plicare
1906 5230 1943 5282 so
1961 5233 2041 5283 oum
2059 5219 2134 5284 suis

282 5361 483 5433 rationibus
505 5363 542 5428 et
565 5379 671 5448 super
693 5351 779 5449 ipsa¹
796 5364 901 5429 robus
924 5361 1073 5448 pergere
1096 5377 1178 5427 cum
1202 5357 1338 5440 iudices
1360 5362 1397 5428 et
1420 5359 1572 5445 notario,
1598 5360 1731 5447 etipse
1755 5362 1863 5432 abbas
1878 5363 2009 5434 orestis
2033 5383 2134 5434 mon·

281 5519 416 5586 straret
438 5513 519 5602 ipsa
541 5516 648 5612 rebus
669 5518 705 5583 et
725 5502 834 5582 finem
858 5513 953 5582 inter
977 5531 1014 5581 se
1037 5513 1119 5581 inde
1136 5514 1242 5581 tinem
1258 5515 1387 5616 facere.
1403 5513 1518 5602 Igitur
1534 5531 1599 5602 ego
1622 5514 1802 5602 predictus
1821 5516 1998 5586 ra'idollus.
2013 5537 2133 5590 comes
2181 5493 2185 5502 ¹
2272 5523 2275 5528 '

258 5693 265 5702 ·
289 5673 355 5740 heo
379 5669 506 5738 omnia·
525 5686 587 5757 per
610 5646 761 5736 hordine
785 5666 950 5770 intimari
975 5641 1013 5734 in
1037 5683 1124 5734 aure
1145 5667 1350 5752 supradicte
1372 5686 1503 5756 magne
1527 5669 1726 5780 potestatis3
1749 5676 1786 5738 et
1809 5671 1894 5774 dum
1911 5672 2035 5742 taliter
2051 5675 2130 5762 ipsa

287 5779 443 5911 gloriosa
465 5823 626 5910 potestas
645 5820 785 5889 audivit
807 5803 887 5889 cum
910 5837 1049 5888 summa
1073 5817 1274 5906 diligentia,
1297 5819 1454 5908 precepit
1477 5821 1601 5910 michi,
1620 5832 1658 5893 ut
1675 5844 1738 5911 per
1761 5825 2015 5912 memedipsum
2038 5828 2143 5896 hivi-¹
2244 5909 2247 5916 Ι

473 5977 608 6036 loram.¹
673 5984 675 5988 ‘
740 5999 744 6006 ·
990 6026 994 6032 .
1128 5967 1130 5974 ’
1965 5981 1993 6038 3.
