5408 7108
631 477 702 556 210
1245 471 1432 548 CODEX
1471 471 1765 550 GAVENSIS

588 723 681 792 mus,
700 704 829 774 ibidem
847 703 927 774 illut
941 701 1176 789 dimittamus,
1193 698 1393 771 faciendum
1410 698 1482 768 illis
1504 698 1637 769 exinde
1658 700 1779 769 omnia
1793 695 1886 786 quod
1907 694 2099 784 boluerint,
2123 699 2160 766 et
2183 714 2253 765 unc
2290 697 2433 766 brebem

480 881 500 950 j
588 858 717 928 scribsi
741 877 806 948 ego
829 858 1012 931 dauferius
1034 855 1196 926 notarius
1219 857 1280 944 qui
1309 855 1468 925 interfui.

630 983 660 1100 †
684 1031 751 1100 ego
774 1011 835 1099 qui
859 1029 968 1099 supra
991 1010 1150 1081 ademari
1175 1008 1295 1077 iudex.

1261 1323 1736 1341 μ

1418 1631 1602 1715 MVII.

1322 1937 1410 2062 n.
1438 1958 1493 2033 n.
1522 1956 1654 2031 1042.

629 2217 660 2334 †
684 2249 724 2313 In
749 2247 892 2316 nomine
914 2245 1048 2315 domini
1074 2266 1169 2319 anno
1193 2247 1357 2316 vicesimo
1379 2248 1479 2314 sexto
1503 2242 1525 2334 ¹)
1550 2245 1774 2332 principatus
1796 2242 1930 2314 salerni
1961 2242 2080 2311 domni
2105 2240 2219 2310 nostri
2234 2239 2436 2329 guaimari,

582 2404 620 2469 et
643 2401 771 2488 quinto
795 2418 891 2469 anno
914 2401 1140 2488 principatus
1163 2401 1240 2469 eius
1262 2418 1387 2488 capue,
1411 2404 1447 2468 et
1469 2404 1595 2486 quarto
1619 2416 1715 2468 anno
1737 2399 1887 2468 ducatus
1910 2396 2007 2466 illius
2022 2396 2145 2467 amalfi
2162 2399 2199 2464 et
2221 2397 2432 2480 sirrentum,

579 2559 616 2623 et
639 2556 754 2642 primo
777 2571 874 2622 anno
899 2555 1124 2641 principatus
1148 2554 1267 2621 domni
1285 2555 1397 2621 nostri
1420 2551 1534 2641 gisolfi
1559 2553 1637 2620 eius
1652 2551 1748 2620 filius
1763 2550 1993 2640 gloriosorum
2011 2549 2334 2636 suprascriptorum
2350 2549 2433 2616 exi·

582 2708 646 2776 mii
670 2707 826 2794 principi
842 2711 878 2775 et
896 2707 1009 2794 ducis,
1037 2724 1158 2774 mense
1182 2709 1391 2799 sebtember‚
1417 2706 1605 2775 undecima
1629 2707 1835 2775 indictione.
1861 2673 2149 2775 Memoratorium
2171 2705 2304 2774 iactum
2329 2724 2352 2774 a
2375 2720 2430 2772 me

580 2861 806 2946 guaimarius
828 2877 943 2928 comes
967 2859 1064 2927 illius
1087 2858 1264 2947 quondam
1287 2859 1468 2948 guaimari
1485 2861 1606 2928 comiti
1622 2878 1685 2947 pro
1701 2860 1775 2928 vice
1791 2878 1928 2946 gemme
1944 2861 2057 2928 sorori
2075 2877 2151 2928 mee
2167 2859 2293 2928 relicta
2309 2876 2425 2947 quon·

580 3013 663 3082 dam
686 3013 842 3101 guaiferi
864 3017 902 3081 et
924 3012 1001 3080 filia
1025 3011 1220 3099 supradicti
1246 3013 1425 3100 guaimari
1450 3014 1571 3082 comiti
1588 3018 1624 3082 et
1640 3013 1812 3082 iohannes
1827 3013 2001 3100 presbiter
2018 3015 2136 3100 gratia
2159 3012 2217 3081 dei
2232 3013 2344 3082 abbas
2359 3030 2433 3080 mo·

582 3163 731 3231 nasterii
755 3166 878 3232 sancte
903 3163 999 3248 sofle,
1024 3162 1115 3248 quod
1142 3162 1216 3248 ipse
1240 3163 1465 3249 supradictus
1488 3165 1685 3252 guaiferius
1709 3185 1731 3234 a
1754 3168 1843 3232 nobo
1860 3165 2066 3234 fundamine
2083 3163 2287 3232 construxit
2311 3165 2348 3231 in
2374 3181 2428 3232 re-

583 3319 649 3384 bus
672 3335 738 3384 sua
763 3317 862 3384 intus
887 3319 984 3384 cibes
1009 3285 1179 3403 salerno,
1205 3335 1244 3384 eo
1269 3319 1360 3404 quod
1384 3325 1468 3386 ante
1493 3320 1682 3404 subscripti
1708 3325 1814 3386 testes
1847 3319 1892 3388 ad
1915 3317 2106 3387 tenendum
2135 3322 2171 3386 et
2198 3316 2432 3386 lavorandnm

584 3470 800 3538 tradidimus
825 3487 889 3538 nos
912 3488 1017 3538 rucco
1040 3470 1137 3536 iilius
1161 3467 1337 3555 quondam
1362 3470 1522 3556 iohanni,
1549 3476 1584 3538 et
1609 3469 1780 3538 iohannes
1803 3470 1897 3538 iilius
1920 3471 2096 3558 quondam
2121 3469 2288 3556 maraldi,
2311 3472 2349 3537 et
2372 3469 2436 3536 mi·

496 3611 500 3617 ’
582 3621 717 3690 raudus
741 3621 837 3690 fliius
861 3623 1038 3709 qnondam
1062 3621 1226 3708 balsami,
1250 3627 1286 3690 et
1309 3621 1465 3690 ademari
1490 3627 1526 3690 et
1538 3619 1726 3690 serrandus
1742 3624 1777 3688 ei
1791 3619 1960 3708 golecbisi
1975 3621 2138 3708 germani
2157 3620 2224 3689 filii
2251 3621 2434 3710 quondam

583 3776 732 3843 iohanni
756 3775 824 3842 due
848 3776 947 3860 pecie
970 3774 1013 3842 de
1037 3776 1146 3842 terris
1167 3792 1250 3842 cum
1273 3775 1443 3861 arbustis
1460 3774 1554 3861 quod
1571 3776 1648 3861 ipsa
1671 3792 1813 3862 gemma
1831 3745 1872 3842 'et
1889 3773 1963 3860 ipso
1980 3778 2099 3843 nostro
2114 3775 2330 3842 monasterio
2345 3774 2429 3842 abet

495 3921 500 3928 '
583 3927 622 3994 in
646 3926 764 3994 eodem
790 3925 903 3993 locum
928 3927 1075 3996 nucerie
1092 3947 1103 4014 ;
1127 3927 1244 4014 prima
1259 3928 1359 4012 peoia
1375 3928 1436 3994 ubi
1453 3917 1583 3994 dicitur
1600 3944 1622 3994 a
1639 3924 1675 3994 la
1699 3925 1872 4012 labinata,
1888 3928 1925 3992 ot
1938 3923 2013 3995 alia
2027 3927 2134 3993 rebus
2150 3923 2347 4012 propinquo
2370 3927 2433 3994 ubi

584 4076 716 4145 dieitur
740 4077 929 4147 ermoald0.
955 4081 1035 4166 Ipsa
1057 4079 1230 4149 iamdicta
1253 4079 1354 4166 pecie
1377 4076 1422 4148 da
1445 4078 1481 4147 la
1505 4075 1667 4146 labinata
1690 4096 1729 4146 as
1745 4078 1834 4146 fines
1849 4087 1882 4146 et
1900 4097 2099 4148 mensuras:
2118 4100 2141 4149 a
2158 4086 2259 4167 parte
2282 4081 2438 4150 sebtem-

566 4207 716 4296 'trionis
738 4228 809 4296 fine
831 4228 941 4314 ipsius
966 4249 1104 4317 gemme
1127 4235 1189 4301 het
1211 4233 1254 4302 de
1270 4233 1347 4320 ipso
1363 4237 1482 4300 nostro
1498 4228 1728 4316 monasterio,
1742 4229 1825 4298 inde
1847 4231 1929 4300 abet
1944 4231 2039 4318 passi
2058 4231 2189 4321 biginti
2206 4239 2283 4303 octo
2306 4237 2344 4304 et
2364 4251 2437 4304 me·

585 4381 696 4449 dium:
721 4400 745 4450 a
767 4386 867 4468 parte
892 4382 1041 4450 orientis
1065 4385 1136 4452 fine
1161 4385 1273 4472 ipsius
1298 4384 1462 4455 iamdicto
1478 4403 1615 4472 gemme
1638 4383 1754 4454 hetde
1769 4386 1844 4472 ipso
1861 4391 1982 4456 nostro
1997 4386 2318 4475 monasterio,inde
2336 4388 2436 4473 passi

585 4536 815 4624 sebtuaginta
837 4538 917 4604 duo:
944 4557 966 4606 a
991 4539 1141 4607 meridie
1164 4540 1235 4608 fine
1259 4541 1319 4608 bia
1342 4540 1521 4629 pubplica‚
1546 4540 1628 4609 inde
1651 4541 1747 4626 passi
1771 4541 1924 4629 triginta
1945 4547 1982 4611 et
2006 4542 2160 4611 medium
2180 4565 2190 4608 ε
2214 4545 2253 4610 et
2275 4543 2322 4613 ab
2348 4543 2438 4612 occi·

585 4685 692 4755 dente
715 4688 785 4757 fine
810 4690 869 4758 bia
893 4709 986 4778 cupa
1009 4694 1046 4759 et
1061 4693 1305 4778 coniungente
1330 4711 1367 4760 se
1390 4711 1498 4778 usque
1521 4700 1559 4762 at
1581 4697 1702 4782 priora
1726 4693 1810 4783 fine,
1828 4695 1910 4764 inde
1926 4697 2019 4784 passi
2036 4698 2263 4785 sebtuaginta
2278 4717 2355 4768 sex.
2374 4700 2430 4768 Se-

586 4846 704 4914 cunda
727 4845 802 4916 alia
820 4846 921 4933 peeia
945 4845 987 4913 de
1010 4843 1208 4932 predictum
1234 4843 1348 4913 locum
1372 4845 1588 4914 ermoaldum
1613 4864 1731 4933 pereo
1754 4846 1837 4914 iinis
1859 4849 1895 4916 et
1910 4847 2101 4917 mensurie:
2128 4855 2270 4938 aparte
2287 4851 2436 4922 orientis

586 4998 658 5068 tine
684 5001 795 5088 ipsius
819 5019 957 5087 gemme
979 5003 1042 5069 het
1063 5001 1107 5068 de
1130 5001 1206 5087 ipso
1229 5003 1348 5068 nostro
1372 5001 1597 5087 monasterio,
1624 4996 1706 5065 inde
1730 4999 1826 5085 passi
1850 4998 1983 5087 biginti
2007 5001 2076 5070 duo
2094 5007 2129 5071 et
2145 5003 2301 5071 medium
2320 5025 2330 5091 3
2357 5011 2439 5075 eta

587 5153 738 5224 meridie
761 5155 833 5223 iine
859 5153 969 5241 ipsius
992 5153 1161 5222 similiter
1184 5171 1322 5242 gemme
1345 5158 1380 5223 et
1403 5153 1445 5221 de
1480 5155 1555 5241 ipso
1578 5155 1821 5241 monasterio,
1846 5159 1931 5224 sunt
1954 5155 2048 5242 passi
2071 5155 2225 5244 triginta
2256 5162 2426 5228 unumst

629 5750 657 5832 ¹)
678 5750 784 5830 Lege:
808 5751 935 5832 quinto.
