5408 7108
1016 471 1468 546 lllPLOMATlCUS
2046 464 2110 540 ull

313 693 496 762 uicariare
520 638 675 772 voluero,
701 699 908 782 potestatem
934 700 1104 766 abeamus
1127 697 1305 766 vicariare
1327 705 1363 765 et
1388 700 1491 766 rebus
1507 698 1628 765 tollere
1640 696 1765 790 ibique
1782 691 1901 780 procul
1919 693 1996 760 sine
2015 697 2159 788 contra·

313 845 448 914 rietate
475 847 632 933 ipsorum
656 851 817 936 germani
844 855 879 918 et
902 850 1089 919 decorum
1114 850 1290 938 aradibus,
1314 856 1350 918 et
1374 853 1451 936 ipsa
1476 852 1579 919 rebus
1602 848 1694 935 quod
1719 846 1838 933 ibique
1855 845 1976 932 procul
2001 843 2157 913 vicaria·

320 998 451 1086 barini,
478 1003 575 1069 siant
596 1003 753 1089 obligata
777 1003 821 1071 ad
846 1001 987 1070 illorum
1011 1008 1185 1090 potestate
1208 1007 1275 1070 sub
1298 995 1394 1071 omni
1418 1003 1541 1072 ordine
1581 998 2067 1088 thingnationis‚.etquando
2084 998 2167 1067 illut

311 1146 514 1220 -dibidituro
537 1159 601 1221 aut
628 1153 806 1222 vindituro
829 1156 974 1238 abuero,
1000 1154 1108 1222 deant
1133 1154 1204 1223 illis
1231 1156 1282 1222 vel
1308 1156 1450 1223 illorum
1481 1157 1647 1223 aradibus
1682 1155 1791 1222 michi
1827 1155 1966 1240 meique
1996 1153 2165 1220 eredibus

325 1304 419 1370 iusto
445 1303 603 1372 baliente
627 1306 761 1392 pretio,
787 1325 854 1393 que
879 1307 972 1375 iuste
995 1306 1107 1376 fuerit
1132 1311 1349 1394 acpretiata.
1377 1311 1421 1376 Et
1446 1308 1569 1378 taliter
1593 1309 1747 1376 scribere
1772 1309 1977 1394 rogavimus
1992 1309 2028 1374 te
2058 1309 2163 1392 petru

315 1454 478 1521 notarius
500 1455 560 1542 qui
586 1457 747 1525 interlui.

362 1578 392 1694 †
415 1609 490 1695 Ego
514 1610 686 1680 iohannes
709 1611 861 1680 clericus

351 1730 392 1848 †
419 1758 495 1848 Ego
518 1762 757 1848 guandelferi.

1143 2384 1350 2465 MXIV.

1093 2681 1150 2757 A.
1178 2682 1233 2755 D.
1264 2678 1392 2756 1043.

360 2910 398 3052 †
423 2966 460 3030 ln
489 2945 632 3032 nomine
655 2965 791 3034 domini
813 2967 994 3036 Vicesimo
1020 2965 1146 3054 quinto
1171 2985 1266 3036 anno
1291 2969 1516 3055 principatus
1540 2966 1673 3035 salerni
1699 2965 1818 3033 domni
1843 2965 1955 3032 nostri
1971 2923 2170 3033 Guaimarii

321 3113 474 3201 gloriosi
493 3117 681 3205 prinoipiS,
697 3124 732 3186 et
748 3120 873 3204 quinto
890 3137 984 3187 anno
1000 3121 1224 3206 principatus
1241 3123 1318 3188 eius
1334 3139 1460 3206 capue,
1473 3124 1508 3187 et
1522 3125 1651 3205 quarto
1668 3136 1764 3188 anno
1780 3118 1930 3185 ducatus
1946 3118 2044 3185 illius
2060 3118 2171 3188 amal-

320 3270 363 3337 fis
386 3275 422 3339 et
446 3271 618 3358 sirrentu,
644 3279 680 3341 et
704 3276 818 3358 primo
841 3292 936 3341 anno
960 3276 1288 3360 suprascriptorum
1312 3278 1579 3362 principatuum
1606 3278 1641 3342 et
1664 3275 1860 3341 ducatuum
1895 3274 2013 3340 domni
2047 3272 2167 3361 gisulfi

321 3425 449 3492 eximii
474 3427 648 3512 principis
665 3437 701 3495 et
718 3429 818 3496 ducis
842 3429 916 3494 tilio
940 3429 1030 3514 eius,
1055 3446 1174 3496 mense
1199 3427 1404 3514 ianuariuS,
1430 3426 1617 3494 undecima
1642 3427 1850 3493 indictione.
1870 3427 1944 3512 Ego
1959 3425 2087 3494 mulier
2112 3444 2172 3493 no·

320 3577 417 3643 mine
441 3595 603 3662 purpura
628 3579 834 3646 monachale
857 3579 992 3646 avitum
1018 3578 1145 3647 induta
1170 3580 1245 3648 fllia
1268 3580 1446 3665 quondam
1472 3579 1584 3648 leonis
1599 3582 1723 3666 sergii,
1743 3584 1846 3665 pater
1863 3584 1899 3648 et
1915 3533 2039 3668 iliram,
2058 3598 2169 3667 quon-

317 3724 400 3794 dam
425 3725 538 3794 aliani
563 3728 702 3795 comitis
727 3732 818 3796 Ante
843 3729 1026 3815 presentia
1049 3731 1141 3816 petri
1166 3731 1274 3799 iudici
1300 3735 1336 3799 et
1352 3731 1433 3800 aliis
1458 3731 1594 3799 idoneis
1617 3731 1798 3798 ominibus
1821 3729 1956 3798 ostendi
1982 3749 2092 3799 unum
2117 3730 2171 3797 iu·

321 3876 479 3944 dicatum
504 3879 763 3946 continentem:
790 3880 957 3946 vicesimo
981 3898 1076 3948 anno
1100 3883 1324 3968 principatus
1350 3882 1472 3952 domni
1496 3885 1610 3950 nostri
1632 3877 1827 3968 guaimarii
1863 3885 1900 3948 et
1927 3883 2041 3968 primo
2073 3897 2169 3948 anno

317 4029 539 4116 principatus
562 4029 682 4097 domni
707 4032 857 4100 iohanni
875 4033 942 4100 filii
960 4033 1037 4100 eius
1054 4033 1198 4120 gloriosi
1217 3991 1452 4120 principibus
1471 4049 1589 4099 mense
1606 4035 1820 4119 september,
1838 4036 1942 4100 sexta
1958 4033 2167 4100 indictione.

318 4180 393 4266 ipse
417 4181 572 4266 alfanus,
589 4183 650 4266 qui
667 4182 737 4249 suit
755 4183 809 4248 vir
828 4201 926 4250 meus
943 4185 1079 4270 superii
1097 4183 1229 4254 alianis
1244 4185 1391 4270 comitis,
1410 4184 1447 4250 in
1468 4183 1677 4251 infirmitate
1692 4203 1758 4252 sua
1775 4185 1869 4252 unde
1881 4184 2068 4252 defunctus
2086 4184 2169 4271 suit,

309 4334 416 4401 ¹inter
439 4333 531 4410 aliut
555 4333 729 4402 iudicavit
752 4354 815 4420 pro
839 4335 962 4403 anima
985 4354 1052 4402 sua
1075 4340 1110 4402 et
1136 4337 1174 4400 in
1191 4353 1338 4402 manum
1359 4335 1536 4402 commisit
1554 4334 1743 4420 grimoaldi
1762 4334 1884 4402 comiti
1901 4341 1937 4403 et
1953 4334 2062 4402 iudici
2088 4351 2170 4401 con-

316 4494 428 4575 gnato
450 4506 514 4555 suo
540 4535 698 4555 .....
725 4488 909 4574 iudicavit,
925 4493 964 4555 ut
980 4451 1159 4574 integram
1183 4491 1287 4554 rebus
1310 4505 1375 4554 sua
1398 4487 1442 4554 de
1466 4487 1582 4554 locum
1605 4485 1783 4555 tabellara
1806 4488 2008 4571 perveniret
2031 4487 2070 4552 in
2096 4503 2168 4552 mo·

318 4645 476 4712 nasterio
500 4649 625 4711 sancte
654 4645 819 4710 trinitate
844 4617 934 4728 urrod
959 4646 1201 4708 constructum
1227 4644 1281 4706 est
1304 4641 1343 4706 in
1369 4639 1618 4707 mitilianense
1642 4639 1785 4722 linibus,
1809 4639 1888 4705 Una
1911 4642 2012 4704 curte
2038 4655 2105 4704 sua
2126 4635 2169 4703 de

319 4797 435 4862 locum
461 4813 577 4880 angre
593 4799 630 4861 al
645 4795 716 4864 alia
735 4800 836 4861 curte
853 4812 920 4861 sua
936 4793 979 4861 de
998 4793 1110 4861 locum
1128 4795 1275 4862 nucerio
1292 4794 1496 4880 perveniret
1512 4796 1550 4861 in
1568 4793 1783 4860 monasterio
1799 4789 1915 4858 sancti
1931 4789 2037 4875 petri,
2063 4805 2166 4874 quem

318 4955 441 5034 petrus
465 4948 574 5014 iudex
598 4947 802 5015 construxit
825 4949 922 5014 intus
945 4950 1039 5014 hanc
1062 4947 1258 5020 cibitatum,
1283 4950 1376 5014 sieut
1400 4949 1474 5032 ipso
1498 4945 1692 5014 iudicatum
1716 4944 1869 5011 continet
1896 4944 1956 5028 qui
1985 4941 2161 5026 scriptum

316 5107 369 5167 est
393 5119 455 5186 por
480 5101 666 5186 iaquintus
707 5102 871 5167 notarius
893 5105 928 5166 et
952 5099 1059 5165 iudex
1082 5099 1253 5183 scripligo
1268 5098 1385 5164 domni
1404 5100 1544 5165 comitis
1560 5103 1596 5164 et
1613 5099 1785 5164 iohannes
1802 5111 1929 5178 comes3
1948 5097 2081 5160 etcum
2098 5089 2167 5157 suit

316 5253 445 5322 lectum
470 5259 545 5341 ipso
569 5255 780 5338 iudicatum,
804 5272 868 5340 ego
892 5255 1075 5321 nominata
1099 5271 1259 5338 purpura
1284 5272 1345 5337 per
1369 5253 1552 5319 boluntate
1576 5250 1619 5316 de
1643 5248 1865 5317 mundoaldis
1892 5251 1992 5331 meis,
2010 5264 2163 5334 quorum

318 5409 501 5478 boluntate
525 5410 737 5495 omniaque
760 5408 798 5474 in
822 5426 891 5476 anc
914 5407 1054 5477 cartula
1077 5405 1208 5492 legitur
1224 5405 1289 5473 feci
1307 5410 1391 5473 ante
1413 5407 1530 5490 ipsum
1558 5404 1679 5489 iudex,
1701 5403 1792 5488 dixi,
1817 5407 1855 5470 ut
1874 5405 1950 5488 ipso
1966 5402 2165 5469 iudicatum

316 5562 357 5629 in
380 5563 545 5631 omnibus
562 5581 654 5648 quas
677 5563 849 5648 continet,
874 5579 1016 5629 veraces
1038 5566 1158 5644 exsut,
1176 5559 1262 5644 quia
1279 5557 1396 5624 tribus
1419 5558 1593 5642 scriptura
1608 5555 1651 5622 de
1668 5571 1738 5620 uno
1753 5557 1868 5621 tinore
1884 5553 1927 5620 de
1944 5555 2019 5639 ipso
2037 5552 2162 5620 iudicii

326 5715 401 5802 ipse
424 5715 479 5781 vir
502 5733 601 5782 meus
625 5713 820 5783 inscribere
842 5713 939 5798 fecit,
957 5712 1051 5779 utin
1074 5711 1156 5780 aliis
1181 5709 1291 5776 modis
1316 5725 1388 5774 non
1412 5711 1504 5776 esset
1528 5710 1771 5774 transmutata
1797 5705 1903 5773 istum
1921 5705 2013 5791 quod
2029 5703 2163 5772 exinde
