5402 7088
938 577 1393 654 DlPLOMATlCUS
1490 635 1492 642 ,
1899 625 1901 632 -
2006 574 2050 648 15

238 807 471 878 muratorium
494 807 643 898 fectum,
667 829 691 880 a
713 826 769 878 me
793 807 940 880 ioannes
963 807 1059 879 filius
1080 806 1260 897 quondam
1282 802 1418 894 angeli,
1441 820 1484 873 οο
1507 803 1599 892 quod
1624 805 1708 874 ante
1732 801 1913 889 presentia
1936 800 2098 871 ademari

244 961 389 1030 comitis
412 964 449 1032 et
472 960 585 1031 iudici
609 965 752 1034 etanta
776 961 840 1034 elii
865 961 1056 1050 subscripti
1080 959 1215 1030 idoneis
1237 957 1416 1026 ominibus
1448 973 1513 1043 ρον
1542 953 1803 1024 combenieutia
1836 952 1987 1024 tradidit
2010 954 2099 1022 mibi

244 1115 398 1185 domnus
422 1113 617 1186 adelferius
641 1117 752 1188 abbas
774 1113 921 1184 ecclesie
944 1115 1059 1184 sancti
1075 1110 1239 1198 maximi,
1264 1125 1433 1179 unacum
1451 1107 1528 1195 ipse
1544 1106 1693 1176 domnus
1716 1107 1828 1176 abbas
1843 1105 1983 1176 adesset
2002 1123 2101 1175 ama·

246 1270 305 1338 tue
328 1265 439 1337 iudex
462 1265 711 1338 adbocatorem
734 1265 893 1355 predicte
915 1265 1076 1353 ecclesie,
1099 1264 1142 1334 de
1164 1267 1263 1334 terre
1285 1279 1366 1330 cum
1389 1275 1471 1332 cesa
1493 1259 1625 1348 fravita
1656 1258 1814 1330 solerata
1836 1258 1879 1328 de
1911 1258 2009 1328 intus
2034 1273 2102 1327 enc

250 1417 514 1489 salernitanam
537 1417 724 1516 ciuitatem
758 1418 798 1486 in
820 1415 917 1506 plaic
938 1415 983 1486 de
1007 1419 1126 1486 monte
1148 1381 1386 1502 pertinentem
1407 1411 1568 1502 predicte
1592 1411 1752 1499 ecclesie,
1776 1429 1846 1498 que
1869 1413 1925 1480 est
1947 1430 1971 1480 a
1993 1428 2100 1498 super
2170 1383 2174 1390 ³

148 1599 150 1603 ·
254 1572 334 1660 ipsa
355 1571 522 1662 ecclesia,
539 1571 600 1641 ubi
618 1591 684 1661 ego
708 1571 810 1640 modo
833 1569 1031 1640 residentes
1053 1587 1144 1657 sum,
1169 1585 1238 1656 que
1254 1571 1308 1636 est
1330 1585 1394 1655 ρον
1416 1565 1599 1634 mensoria
1622 1563 1806 1652 longitudo
1830 1562 1935 1652 pedes
1950 1562 2106 1651 triginta

251 1728 290 1794 et
312 1744 359 1796 ex
381 1724 477 1795 omni
502 1728 606 1814 parte
628 1725 700 1794 fine
722 1724 884 1812 predicta
907 1723 1112 1793 ecclesiast
1135 1721 1287 1793 latitudo
1310 1719 1414 1808 pedes
1436 1716 1640 1806 quindecim
1674 1717 1720 1788 ad
1750 1717 1845 1787 iusto
1876 1717 2000 1805 pedem
2029 1735 2105 1785 ma·
2228 1705 2236 1720 '

256 1897 342 1948 num
365 1877 479 1946 omini
501 1881 761 1948 mensuratum.
795 1877 867 1944 Hec
890 1893 973 1945 vero
996 1874 1164 1945 iamdicta
1186 1878 1284 1944 terra
1306 1892 1388 1942 cum
1409 1891 1495 1942 casa
1517 1890 1580 1961 per
1604 1870 1773 1942 iamdicta
1795 1871 1979 1940 mensuria
2003 1869 2107 1939 incli-

255 2038 335 2100 tum
358 2028 442 2100 illut
465 2029 540 2118 ipse
562 2029 712 2098 domnus
734 2031 855 2130 abbas·
870 2045 945 2098 una
967 2047 1049 2098 cum
1072 2028 1149 2114 ipso
1172 2026 1420 2097 adbocatorem
1442 2025 1546 2111 mihi,
1571 2022 1798 2092 tradiderunt
1821 2022 1861 2090 in
1877 2020 1944 2106 tali
1961 2019 2107 2107 ordine,

203 2199 207 2206 ·
259 2181 307 2250 ud
329 2180 455 2251 amodo
478 2178 665 2250 etdiebus
686 2179 758 2250 vite
782 2185 916 2272 meoet
939 2179 1063 2248 diebus
1087 2179 1159 2248 vite
1182 2151 1609 2266 teodenende'genetrice
1635 2195 1714 2246 mea
1738 2175 1870 2245 ibidem
1886 2175 2106 2246 resideamus

257 2337 295 2417 et
318 2333 509 2420 evitemus,
533 2336 569 2402 et
592 2350 713 2403 omnes
734 2338 873 2405 nostres
895 2333 1066 2406 utilitatis
1090 2334 1184 2403 iusta
1206 2331 1381 2403 rationem
1403 2332 1527 2401 diebus
1542 2331 1617 2400 bite
1633 2335 1752 2399 nostre
1771 2329 1901 2399 ibidem
1917 2329 2104 2400 faciamus:

258 2487 401 2553 tentum
425 2501 491 2571 pro
514 2501 661 2553 censum
683 2485 727 2553 de
750 2489 826 2556 tota
849 2483 1058 2573 supradicta
1079 2484 1293 2556 tradictioue
1317 2503 1380 2574 per
1402 2501 1523 2554 omnes
1539 2501 1687 2570 aunum,
1712 2481 1797 2550 dum
1820 2482 1894 2550 bibi
1919 2483 2104 2568 fuerimus,

252 2635 378 2705 demus
402 2635 442 2702 in
467 2637 631 2724 partibus
653 2635 814 2724 predicte
837 2637 982 2707 ecclesie
1005 2654 1117 2705 unum
1140 2655 1281 2706 cereum
1305 2637 1436 2705 bonum
1462 2636 1505 2704 de
1528 2633 1670 2723 gubitu3
1695 2633 1740 2704 ed
1770 2636 1907 2704 obitum
1930 2654 2047 2706 meum
2071 2641 2108 2704 et

256 2789 301 2858 de
325 2787 404 2877 ipsa
427 2751 611 2877 genetrice
634 2808 715 2858 mea
739 2789 923 2860 licentiam
947 2791 1117 2862 abeamus
1137 2791 1181 2860 de
1196 2792 1318 2860 omnia
1342 2808 1451 2861 causa
1466 2796 1591 2860 nostra
1614 2790 1760 2860 mobilia
1782 2791 1879 2878 quod
1896 2789 2111 2860 boluerimus

259 2938 393 3008 exinde
415 2940 547 3027 facere,
571 2945 609 3010 et
630 2941 760 3010 inclite
781 2942 861 3030 ipsa
883 2948 983 3014 terre
1005 2961 1087 3012 cum
1111 2961 1195 3013 cesa
1217 2941 1317 3014 clusa
1345 2948 1383 3013 et
1405 2951 1570 3032 cooperta
1601 2944 1694 3012 bona
1716 2941 1864 3012 redeant
1887 2944 1926 3012 in
1948 2945 2113 3032 partibus

262 3093 419 3182 predicte
442 3093 606 3181 ecclesie,
631 3095 834 3165 faciendum
857 3096 987 3165 exinde
1009 3096 1171 3184 partibus
1194 3097 1331 3184 prefate
1355 3095 1501 3166 ecclesie
1525 3047 1647 3165 omnia
1669 3097 1761 3184 quod
1784 3095 1952 3186 boluerit;
1982 3105 2017 3168 et
2045 3117 2108 3185 per

259 3247 560 3320 combenieutiam
583 3248 759 3339 obligavit
780 3268 819 3319 se
842 3251 917 3338 ipse
932 3249 1083 3320 domnus
1099 3251 1247 3321 edelfert
1270 3256 1308 3321 et
1325 3253 1487 3340 partibus
1510 3251 1624 3339 ipsius
1646 3249 1809 3337 ecclesie,
1838 3255 1876 3319 ut
1898 3270 1961 3339 per
1983 3269 2110 3322 omnes

265 3421 404 3506 annum
426 3402 553 3474 diebus
574 3407 648 3474 vite
669 3422 746 3474 mee
771 3390 807 3473 et
828 3405 952 3474 diebus
976 3404 1048 3474 vite
1071 3405 1231 3492 predicte
1258 3404 1445 3492 genitricis
1476 3422 1553 3474 mee
1576 3404 1662 3472 dare
1685 3406 1788 3473 nobis
1813 3405 1978 3492 partibus
2002 3407 2115 3495 ipsius

260 3558 429 3648 ecclesie,
445 3513 540 3628 dum
554 3557 628 3629 bibi
651 3560 827 3628 fuerimus
849 3577 915 3647 ego
937 3563 974 3628 et
998 3559 1075 3646 ipsa
1097 3559 1281 3646 genetrice
1297 3576 1390 3638 mea,
1410 3576 1473 3645 per
1489 3574 1611 3662 omnes
1634 3575 1770 3627 annum
1793 3559 1953 3647 quinque
1977 3560 2106 3629 modio-

267 3711 305 3781 la
327 3711 371 3780 de
392 3669 550 3800 granum
575 3711 621 3782 ad
643 3711 825 3800 modiolu,
854 3712 946 3800 quod
969 3711 1130 3800 partibus
1166 3712 1278 3799 ipsius
1314 3711 1458 3781 ecclesie
1491 3712 1628 3780 solutus
1650 3717 1704 3781 est
1726 3711 1850 3780 tollere
1873 3713 2042 3784 molitura
2065 3716 2111 3785 da

263 3865 435 3934 molinum
459 3865 617 3954 predicte
639 3857 786 3934 ecclesie
809 3865 856 3936 da
879 3863 988 3932 lirino
1007 3852 1048 3934 'et
1070 3865 1229 3952 quinque
1251 3884 1374 3936 sauma
1397 3866 1440 3935 de
1464 3865 1611 3951 binum3
1637 3869 1672 3935 et
1695 3865 1727 3934 si
1749 3885 1816 3954 ego
1838 3873 1923 3937 ante
1947 3867 2025 3955 ipsa
2047 3887 2107 3956 ge·

265 4019 405 4088 netrice
428 4035 510 4090 mea
533 4017 702 4088 defuntus
724 4018 847 4102 fuerit,
871 4017 981 4088 deant
1004 4017 1169 4106 partibus
1192 4017 1304 4106 ipsius
1326 4017 1476 4088 ecclesie
1498 4018 1609 4106 ipsius
1631 4020 1814 4106 genetrice
1837 4039 1933 4110 mea,
1956 4021 2040 4090 dum
2063 4023 2114 4091 vi·
2228 3989 2238 4003 ’

267 4174 312 4242 ba
334 4173 459 4261 fuerit,
481 4191 545 4261 per
566 4190 688 4244 omnes
710 4191 845 4244 annum
862 4171 1090 4242 medietatem
1113 4173 1188 4260 ipso
1204 4172 1327 4241 binum
1342 4176 1377 4241 et
1393 4171 1617 4241 medietatem
1640 4173 1717 4259 ipso
1732 4191 1900 4262 granum,
1925 4179 1961 4244 et
1983 4177 2013 4244 si
2039 4177 2118 4264 ipsa
2213 4152 2216 4158 ¹

269 4325 451 4409 genetrice
474 4341 556 4394 mea
578 4326 663 4394 ante
687 4343 744 4394 me
768 4323 916 4395 defunta
938 4325 1069 4410 fuerit,
1101 4323 1268 4393 similiter
1292 4325 1401 4394 deant
1434 4325 1522 4394 mihi
1559 4325 1725 4414 partibus
1747 4327 1860 4413 ipsius
1881 4329 2029 4396 ecclesie
2051 4349 2115 4416 per

271 4494 391 4548 omnes
415 4497 565 4565 annum,
590 4479 673 4547 dum
697 4479 799 4548 bibus
822 4479 935 4566 fuero,
958 4477 1184 4576 medietatem
1208 4480 1284 4566 ipso
1308 4480 1432 4548 binum
1456 4485 1491 4549 et
1514 4479 1741 4550 medietatem
1764 4482 1841 4567 ipso
1863 4499 1994 4569 granu.
2020 4483 2119 4554 Unde

268 4631 309 4702 in
332 4650 373 4702 eo
397 4633 523 4703 ordine
545 4653 607 4721 per
630 4635 893 4704 combenieutia
916 4633 1051 4722 guadia
1073 4634 1162 4704 mibi
1197 4611 1271 4720 ipse
1303 4635 1452 4701 domnus
1475 4636 1586 4704 abbas
1609 4634 1689 4704 dedi
1712 4638 1749 4704 et
1772 4633 2002 4706 mediatorem
2025 4637 2118 4706 mihi

270 4785 372 4874 posui
395 4785 646 4875 maghenolfus
669 4788 843 4874 presbiter
867 4787 962 4855 filius
985 4787 1163 4896 quondam
1189 4787 1351 4874 granati;
1377 4793 1413 4856 et
1437 4807 1500 4876 per
1526 4788 1604 4874 ipsa
1627 4788 1762 4876 guadia
1784 4789 1959 4876 obligavit
1982 4808 2025 4868 se
2044 4793 2121 4878 ipse

271 4943 422 5010 domnus
446 4943 558 5012 abbas
580 4947 616 5010 et
639 4959 857 5010 successores
882 4960 963 5009 suos
986 4947 1023 5010 et
1044 4960 1128 5028 pars
1145 4943 1255 5029 ipsius
1271 4925 1416 5012 ecclesie
1438 4943 1694 5014 defensandum
1718 4946 1807 5013 mihi
1829 4889 1865 5015 et
1887 4946 1934 5015 ad
1958 4946 2038 5034 ipsa
2060 4967 2122 5035 ge·

272 5096 403 5164 nitrioe
427 5112 519 5183 mea,
544 5095 629 5162 dum
653 5095 725 5163 bibi
751 5096 936 5182 fuerimus,
960 5095 1167 5182 supradicta
1182 5095 1396 5164 tradictioue
1412 5114 1493 5163 cum
1510 5096 1587 5163 bice
1603 5096 1646 5164 de
1663 5097 1722 5164 bia
1737 5115 1803 5166 sua
1826 5098 1872 5168 da
1895 5116 2017 5167 omnes
2033 5101 2121 5167 omi-

275 5267 353 5338 nes,
378 5253 415 5317 et
438 5267 510 5317 non
534 5249 616 5318 illut
639 5249 763 5317 diebus
787 5248 857 5316 vite
882 5253 1000 5316 nostre
1030 5246 1155 5315 tollere
1189 5253 1254 5316 aut
1281 5251 1446 5316 contrane
1473 5247 1633 5334 querad;
1665 5250 1702 5314 et
1724 5247 1755 5314 si
1779 5248 1899 5317 taliter
1924 5251 2044 5318 omnia
2067 5267 2123 5317 su-

273 5408 478 5493 prascripta
501 5424 565 5493 per
588 5377 793 5493 supradicto
816 5404 941 5472 ordine
964 5403 1039 5489 ipse
1062 5403 1211 5470 domnus
1235 5401 1346 5470 abbas
1367 5405 1404 5469 et
1427 5417 1643 5468 successores
1666 5417 1747 5468 suos
1770 5406 1806 5470 et
1827 5401 1990 5487 partibus
2013 5403 2124 5491 ipsius

271 5561 422 5632 ecclesie
446 5559 534 5628 mihi
559 5559 663 5628 etad
687 5559 765 5645 ipsa
788 5555 971 5645 genetrice
996 5575 1082 5624 mea·
1097 5555 1222 5623 diebus
1245 5559 1364 5621 nostre
1393 5572 1465 5621 non
1490 5554 1740 5642 adimpleberit
1770 5561 1805 5623 et
1837 5555 1968 5642 aliquit
1990 5557 2121 5628 exinde

276 5713 558 5800 contradixerit,
575 5731 638 5800 per
654 5713 733 5797 ipsa
755 5710 890 5798 guadie
912 5727 974 5796 per
998 5708 1261 5778 combenieutia
1288 5725 1494 5796 componere
1511 5709 1684 5798 obligavit
1706 5728 1742 5778 se
1755 5711 1829 5799 ipse
1842 5711 1993 5782 domnus
2017 5716 2125 5786 abbas

274 5875 314 5938 et
336 5883 564 5948 successores
580 5882 662 5932 suos
691 5868 727 5933 et
750 5861 914 5949 partibus
945 5861 1081 5948 prefate
1105 5858 1263 5947 ecclesie,
1294 5859 1382 5928 mihi
1407 5867 1442 5930 et
1476 5860 1521 5930 ad
1545 5861 1623 5949 ipsa
1653 5863 1835 5952 genetrice
1859 5883 1952 5954 mea,
1976 5865 2128 5954 triginta
