5402 7088
578 507 627 581 44
1021 555 1028 565 ι
1215 501 1390 580 conitx
1423 500 1689 578 carnosis

534 733 647 820 ipsius
669 733 817 804 ecclesie
841 703 968 822 deant3
993 733 1037 804 ad
1061 732 1223 820 completi
1251 735 1373 802 autem
1396 734 1464 822 ipsi
1487 729 1779 820 quadtuordecim
1802 728 1890 800 anni
1914 727 1988 798 illis
2002 730 2123 798 autem
2147 729 2183 796 et
2208 725 2284 796 suis
2308 741 2385 795 ere-

532 885 638 955 dibus
661 888 794 956 abeant
818 890 855 956 in
881 890 958 957 tota
976 889 1056 976 ipsa
1079 891 1179 957 terra
1201 903 1265 976 per
1289 887 1368 974 ipsa
1390 888 1574 955 mensuria
1590 887 1776 955 arbustum
1798 889 1835 954 et
1849 883 2102 956 abellanietum
2126 883 2240 970 lactu,
2257 899 2381 968 opera·

534 1043 627 1126 tum,
652 1042 689 1108 ct
711 1039 897 1126 cultatem,
920 1043 957 1108 et
979 1043 1132 1127 eurtum,
1156 1039 1199 1108 de
1223 1057 1329 1126 super
1352 1044 1388 1109 et
1411 1038 1454 1108 de
1477 1041 1611 1126 subter,
1635 1037 1728 1108 sicut
1749 1039 1794 1108 de
1816 1042 1936 1108 tantos
1957 1054 2070 1107 annos
2092 1035 2190 1104 locus
2216 1036 2291 1122 ipse
2307 1054 2379 1104 me-

530 1193 659 1280 ruerit,
679 1197 717 1262 ut
733 1210 824 1262 vene
847 1192 979 1280 paread
1003 1167 1150 1282 lactum,
1167 1197 1204 1262 et
1226 1194 1359 1264 abinde
1381 1197 1419 1262 in
1443 1199 1550 1266 antea
1572 1192 1670 1261 omni
1693 1197 1863 1281 tempore,
1887 1196 1995 1262 natos
2018 1193 2198 1276 nascente,
2226 1189 2301 1258 illis
2317 1187 2379 1290 vel

531 1348 608 1415 suis
635 1346 813 1434 eredibus,
838 1364 900 1415 seu
923 1347 1059 1414 omines
1082 1348 1145 1434 qui
1170 1346 1218 1414 ibi
1246 1348 1424 1434 miserint,
1442 1348 1595 1416 boluerit
1618 1353 1739 1416 tenere
1755 1351 1791 1416 et
1808 1347 1983 1434 lavorare,
2002 1350 2117 1415 totum
2140 1362 2203 1414 sue
2225 1343 2299 1412 siut
2321 1361 2380 1432 po

531 1500 673 1568 testatis
697 1498 778 1566 illut
801 1465 992 1568 tenendum
1017 1503 1053 1600 et
1074 1499 1343 1587 dominandum,
1367 1504 1403 1568 et
1425 1499 1522 1568 sebee
1545 1505 1581 1568 et
1604 1498 1720 1567 omnis
1742 1517 1806 1568 sue
1829 1499 1999 1586 utilitatis
2023 1501 2119 1568 iusta
2143 1499 2284 1568 ratione
2308 1498 2374 1566 ibi·

531 1651 611 1720 dem
637 1651 791 1737 iaciant,
815 1657 852 1720 et
874 1657 987 1722 totum
1014 1653 1088 1740 ipso
1110 1655 1296 1723 arbustum
1321 1670 1387 1720 suo
1412 1658 1568 1741 tempore
1591 1653 1794 1725 lavorareut
1816 1660 1852 1725 et
1875 1653 2054 1724 cultarent
2077 1653 2250 1739 desuper
2273 1657 2310 1722 et
2332 1652 2376 1722 de

528 1806 674 1882 subter,
699 1806 793 1874 sicut
818 1803 912 1873 locus
935 1806 1009 1892 ipse
1033 1806 1222 1893 meruerit,
1247 1811 1423 1892 quatenus
1445 1807 1633 1894 proficiant
1655 1815 1691 1877 et
1713 1827 1785 1877 non
1807 1810 2013 1896 dispereant
2026 1829 2036 1894 ;
2061 1810 2098 1876 et
2120 1806 2167 1876 da
2193 1805 2268 1893 ipso
2294 1823 2377 1873 con·

408 2007 415 2024 .
530 1958 696 2028 stitutum
720 1961 759 2027 in
783 1963 890 2029 antea
913 1977 975 2047 per
998 1957 1171 2028 vindemie
1194 1961 1352 2046 tempore
1374 1959 1510 2030 faciant
1535 1961 1605 2029 illis
1629 1963 1720 2030 scire
1744 1981 1826 2050 pars
1850 1961 1962 2050 ipsius
1984 1959 2144 2048 ecclesie,
2169 1965 2210 2028 ut
2233 1958 2374 2048 dirigat
2410 2007 2413 2012 n

534 2111 585 2180 ibi
609 2113 770 2201 missum,
795 2114 927 2183 stillis
951 2116 1026 2200 ipso
1049 2116 1235 2190 arbustum
1259 2116 1477 2202 temporibus
1500 2115 1575 2182 suis
1599 2114 1870 2203 vindemiarent,
1887 2119 2052 2184 ettotum
2076 2115 2152 2201 ipso
2176 2114 2304 2180 vinum
2329 2112 2374 2181 ad
2422 2201 2428 2216 ἱ

530 2268 749 2356 palmentum
776 2271 813 2336 in
837 2269 955 2338 eodem
981 2271 1055 2337 loco
1078 2273 1226 2339 nuceria
1250 2270 1419 2356 dividere,
1443 2276 1478 2340 et
1494 2270 1622 2340 tollant
1644 2272 1720 2356 ipso
1743 2270 1865 2337 vinum
1889 2269 1999 2337 tertia
2021 2271 2126 2356 parte
2148 2273 2185 2336 et
2208 2265 2282 2334 illis
2306 2265 2378 2376 due

533 2424 655 2511 sortis,
680 2429 717 2490 ct
741 2423 815 2510 ipso
837 2422 1118 2492 abellanientum
1142 2441 1206 2493 suo
1229 2429 1385 2510 tempore
1408 2422 1575 2510 colligere
1599 2427 1634 2490 et
1656 2439 1810 2508 seccare,
1827 2425 1862 2490 et
1885 2397 2029 2489 tertiam
2052 2425 2156 2508 parte
2180 2419 2263 2487 inde
2289 2416 2377 2486 dare

533 2575 578 2644 ad
602 2577 677 2663 ipso
702 2577 864 2665 missum,
888 2581 924 2646 et
946 2577 1014 2644 due
1037 2577 1143 2646 sortis
1169 2577 1251 2645 inde
1274 2577 1337 2645 sivi
1364 2579 1513 2663 abeant;
1537 2581 1572 2646 et
1595 2575 1680 2644 dum
1696 2576 1745 2642 ibi
1764 2576 1903 2643 steterit
1926 2573 2001 2661 ipso
2025 2574 2170 2641 missum
2197 2589 2261 2660 pro
2284 2570 2376 2640 reci-

529 2730 699 2818 piendum
726 2731 801 2818 ipso
823 2721 994 2821 lrudium,
1015 2735 1086 2802 illis
1109 2753 1190 2802 eum
1214 2736 1350 2802 notrire
1374 2731 1567 2801 secundum
1590 2751 1657 2800 sua
1680 2731 1961 2818 possivilitatem,
1979 2733 2015 2797 et
2031 2730 2140 2798 deant
2162 2731 2196 2797 ei
2215 2729 2375 2816 palmen-

505 2886 654 2986 ³tatica,
678 2887 771 2956 sicut
794 2888 987 2976 meruerit3
1012 2894 1138 2977 etque
1164 2887 1289 2958 amodo
1312 2893 1348 2956 et
1371 2905 1511 2974 semper
1535 2886 1573 2954 in
1589 2885 1665 2972 ipsa
1687 2886 1795 2954 rebus
1809 2866 2087 2969 seminaberint,
2103 2883 2213 2952 deant
2232 2882 2314 2952 inde
2333 2883 2380 2952 ad

533 3057 617 3126 pars
642 3039 755 3127 ipsius
778 3038 924 3108 ecclesie
948 3043 1157 3111 terraticum
1181 3037 1687 3110 secundumconsuetudinem
1712 3035 1755 3104 de
1770 3037 1844 3124 ipso
1867 3035 2005 3124 locum3
2030 3043 2066 3106 et
2089 3036 2194 3124 quale
2218 3041 2380 3124 tempore

528 3191 575 3263 da
600 3193 667 3280 ipsi
693 3193 960 3281 quatuordecim
985 3195 1073 3264 anui
1099 3197 1136 3263 in
1161 3201 1270 3264 antea
1295 3195 1373 3280 ipsa
1395 3189 1561 3259 tradictio
1583 3195 1704 3258 tenere
1727 3192 1763 3257 et
1786 3187 1947 3256 laborare
1981 3205 2054 3256 non
2088 3187 2270 3256 boluerint
2305 3186 2379 3256 illis

531 3344 588 3414 vel
611 3346 688 3414 suis
713 3299 901 3435 eredibus,
917 3347 1045 3416 inclita
1067 3347 1145 3434 ipsa
1169 3347 1274 3415 rebus
1297 3344 1458 3413 laborata
1481 3346 1518 3410 et
1544 3342 1681 3411 cultata
1705 3343 1893 3412 remittant
1916 3341 1962 3412 ad
1984 3346 2160 3432 potestate
2184 3341 2298 3429 ipsius
2323 3360 2381 3411 ec·

528 3500 650 3570 clesie.
669 3501 919 3571 berumtamen
943 3502 989 3570 da
1014 3499 1075 3568 illo
1100 3504 1271 3588 tempore,
1294 3497 1386 3586 quod
1409 3496 1480 3565 illis
1502 3498 1694 3565 sortionem
1718 3495 1881 3566 dederint
1903 3496 1948 3567 ad
1972 3515 2056 3584 pars
2079 3497 2191 3584 ipsius
2215 3495 2379 3584 ecclesie,

532 3669 596 3738 per
622 3651 802 3720 vindemie
826 3657 984 3740 tempore
1008 3653 1086 3740 ipsa
1110 3653 1218 3721 tertia
1240 3649 1344 3740 parte
1366 3650 1409 3719 de
1434 3650 1510 3736 ipso
1533 3603 1656 3716 vinum
1685 3647 1797 3736 ipsius
1819 3647 1968 3718 ecclesie
1992 3653 2176 3737 portarent
2198 3649 2296 3738 illis,
2324 3650 2382 3720 vel

530 3798 678 3868 illorum
702 3801 837 3890 eredes,
855 3761 919 3890 per
936 3803 1036 3890 plaiu
1061 3805 1143 3889 uius
1165 3803 1312 3872 nuceria
1335 3803 1382 3872 da
1405 3801 1441 3870 lu
1457 3805 1616 3872 mercatu
1645 3803 1684 3869 in
1708 3803 1846 3888 subtus,
1861 3803 1929 3870 ubi·
1939 3809 2088 3888 paratus
2111 3804 2179 3874 luit
2194 3804 2382 3876 cellarium

532 3950 648 4037 ipsius
674 3951 895 4040 ecclesiast
920 3959 1096 4041 reponant
1119 3953 1200 4042 illut
1225 3955 1265 4022 in
1290 3971 1485 4043 organeum
1513 3954 1624 4043 ipsius
1650 3955 1809 4044 ecclesie,
1833 3955 1924 4042 quod
1947 3973 2071 4025 eorum
2094 3957 2379 4047 adsignaberiut,

534 4089 830 4194 ipso'organcum
856 4128 920 4195 per
946 4108 1018 4177 illis
1040 4127 1144 4177 omne
1174 4127 1308 4178 annum
1332 4109 1398 4178 flat
1422 4129 1549 4178 vonum
1573 4112 1788 4200 conciatum,
1806 4113 1899 4180 sicut
1915 4095 2101 4182 meruerit.
2120 4113 2214 4182 unde
2238 4132 2301 4201 pro
2327 4118 2381 4184 ta·

534 4257 619 4326 liter
642 4277 705 4348 per
732 4278 823 4330 vona
846 4259 1107 4329 comveuientia
1130 4280 1194 4348 pro
1217 4279 1301 4348 pars
1331 4266 1368 4330 et
1399 4262 1476 4330 vice
1499 4261 1612 4350 ipsius
1642 4261 1788 4331 ecclesie
1812 4263 1945 4352 guadia
1968 4262 2073 4332 nobis
2097 4263 2162 4351 ipsi
2187 4265 2316 4352 guiso,
2336 4269 2382 4334 et

531 4410 632 4500 riso,
665 4418 700 4481 et
724 4411 887 4502 alpertus
909 4413 1107 4502 dederuut,
1139 4419 1176 4484 et
1198 4413 1428 4485 mediatorem
1452 4417 1554 4484 nobis
1577 4420 1771 4502 posuerunt
1793 4433 1831 4484 se
1857 4416 1968 4506 ipsis,
2000 4421 2037 4486 et
2059 4435 2123 4504 per
2146 4418 2223 4506 ipsa
2245 4416 2383 4506 guadia

455 4557 461 4566 ’
533 4565 787 4655 obligaverunt
809 4585 847 4634 se
870 4573 906 4636 et
928 4570 1003 4635 suis
1018 4567 1204 4656 eredibus;
1228 4516 1375 4656 quodsi
1400 4568 1521 4656 taliter
1545 4571 1666 4638 omnia
1689 4569 1932 4658 suprascripta
1956 4571 2000 4641 ad
2025 4591 2108 4658 pars
2131 4572 2244 4660 ipsius
2269 4573 2383 4643 eccle·

531 4721 583 4789 sie
608 4738 679 4788 non
704 4720 982 4808 adimpleverint
995 4725 1031 4789 et
1046 4720 1175 4808 aliquit
1199 4721 1281 4791 inde
1304 4721 1597 4810 contradixerint,
1614 4727 1676 4810 per
1701 4723 1778 4812 ipsa
1803 4726 1936 4814 guadia
1960 4732 2169 4814 componere
2192 4725 2378 4816 obligaba-

538 4878 624 4942 runt
646 4893 683 4943 se
708 4879 743 4944 et
767 4875 843 4942 suis
866 4873 1030 4942 eredibus
1053 4874 1098 4942 ad
1122 4851 1206 4961 pars
1229 4832 1339 4962 ipsius
1362 4874 1509 4946 ecclesie
1526 4877 1681 4964 triginta
1698 4879 1778 4948 auri
1795 4879 1924 4948 solidos
1947 4856 2272 4968 constantinianus,
2289 4879 2385 4970 quod

533 5029 1175 5119 memmmfflmmmm.

586 5153 616 5271 †
641 5185 716 5271 Ego
738 5183 920 5255 dauferius
945 5185 1110 5255 notarius
1133 5204 1189 5255 me
1212 5186 1403 5272 subscripsi

582 5307 612 5426 †
637 5338 712 5426 Ego
735 5342 944 5410 smaracdus
966 5344 1128 5412 noerius
1152 5359 1207 5410 me
1230 5342 1436 5429 subscripsi.

1289 5661 1714 5676 mnu—¹·-
