5456 7096
608 521 680 601 ii8
1249 529 1430 600 CODEX
1462 527 1724 600 CAVENSIS

606 757 637 823 A
662 759 768 842 parte
791 753 1054 844 septemtrionis
1077 755 1148 824 fine
1170 759 1305 842 nostra,
1329 753 1413 823 inde
1436 754 1531 841 passi
1556 754 1712 842 triginta
1736 773 1858 825 unum:
1885 755 1916 822 A
1940 755 2042 840 parte
2065 751 2218 822 orientis
2244 750 2409 820 similiter

558 910 647 977 sunt
670 910 769 996 passi
793 912 934 978 centum
959 911 1154 997 sexaginta
1177 926 1289 994 usque
1314 907 1353 973 in
1375 908 1453 994 ipsa
1475 909 1549 976 Via
1572 907 1691 993 priore
1716 909 1805 995 fine,
1839 911 1953 977 totum
1975 908 2219 975 mensuratum
2245 904 2290 973 ad
2314 906 2408 972 iusto

483 1059 490 1072 '
558 1081 669 1149 passu
692 1063 861 1132 hominis.
886 1061 993 1130 Michi
1020 1061 1178 1148 predicto
1201 1060 1293 1147 petri
1318 1059 1447 1128 clerico
1469 1065 1522 1129 est
1546 1060 1628 1129 inde
1651 1061 1835 1148 pertinens
1862 1063 1935 1129 tres
1969 1064 2112 1146 partes,
2147 1059 2193 1126 Et
2216 1004 2306 1126 mihi
2329 1015 2408 1144 pro·¹

558 1216 658 1284 dicte
681 1216 775 1303 griso
799 1219 853 1286 est
876 1216 959 1284 inde
982 1215 1165 1302 pertinens
1188 1221 1353 1301 quartam
1377 1219 1516 1301 partem
1538 1233 1601 1300 per
1624 1213 1747 1282 datum
1771 1211 1873 1280 istius
1897 1211 1966 1280 viri
1990 1211 2072 1297 mei,
2097 1211 2142 1278 ut
2164 1209 2340 1278 Volumus
2365 1206 2410 1275 il-

558 1369 612 1438 lut
634 1369 800 1438 Vendere
825 1368 870 1438 ad
895 1373 1017 1455 petrus
1040 1370 1218 1456 presbiter
1241 1373 1277 1438 et
1300 1369 1495 1437 monachus
1517 1367 1579 1453 qui
1604 1371 1640 1434 et
1667 1367 1878 1452 prepositus;
1903 1366 1947 1433 Et
1969 1363 2047 1432 idco
2070 1380 2134 1430 nos
2173 1361 2325 1449 predicti
2350 1362 2406 1430 vir

557 1525 593 1590 et
617 1539 708 1590 uxor
731 1537 794 1608 per
817 1524 912 1592 hanc
936 1523 1112 1593 cartulam
1136 1523 1229 1589 Ante
1253 1523 1433 1607 presentia
1456 1520 1588 1606 prefati
1615 1516 1726 1586 iudici
1750 1521 1785 1585 et
1809 1519 1917 1585 testes
1934 1515 2129 1584 secundum
2146 1514 2259 1602 legem
2276 1520 2407 1584 etcor-

557 1673 710 1743 suetudo
735 1675 854 1763 gentis
877 1691 1106 1744 romanorum
1129 1623 1434 1742 Venumdedimus
1457 1671 1522 1739 tibi
1547 1672 1705 1758 predicto
1728 1675 1828 1759 petro
1852 1670 2047 1757 presbitero
2071 1674 2108 1740 et
2135 1672 2323 1754 monache,
2338 1672 2399 1760 qui

558 1832 593 1898 et
620 1829 813 1915 preposito,
836 1831 912 1896 tota
937 1829 1015 1916 ipsa
1036 1827 1281 1915 suprascripta
1307 1828 1406 1914 pecia
1429 1828 1472 1895 de
1488 1832 1585 1895 terra
1602 1846 1682 1894 oum
1711 1824 1966 1895 abellanictum
1993 1844 2056 1912 per
2079 1821 2302 1912 supradictas
2319 1825 2408 1893 fines

558 1989 594 2052 et
618 2001 820 2070 mensuraS,
844 2000 926 2050 cum
952 1982 1072 2051 omnia
1096 1983 1191 2050 intro
1215 2000 1252 2050 se
1275 1983 1446 2050 habentes
1469 1981 1701 2067 omnibusque
1725 1980 1797 2048 suis
1821 1980 2047 2066 pertinentiis
2070 1941 2215 2048 etcum
2251 1981 2329 2048 vice
2364 1977 2408 2047 de

557 2139 636 2226 ipsa
660 2139 745 2206 Via.
759 2143 766 2208 ἴ
782 2138 857 2224 Ego
879 2137 1059 2223 predictus
1082 2141 1202 2222 petrus
1224 2135 1375 2204 clericus
1398 2135 1481 2204 inde
1504 2137 1571 2204 tibi
1595 2134 1750 2203 Vendidi
1769 2137 1843 2220 ipse
1860 2139 1932 2202 tres
1950 2137 2083 2221 partes,
2103 2133 2146 2201 iit
2160 2150 2226 2220 ego
2242 2132 2405 2219 predicta

560 2292 662 2380 grisa
685 2291 767 2360 inde
792 2292 858 2358 tibi
883 2291 1026 2359 vendidi
1052 2291 1129 2376 ipsa
1153 2309 1232 2358 mea
1256 2295 1424 2374 quartam
1448 2294 1599 2376 partem,
1624 2293 1659 2357 et
1680 2295 1720 2359 tu
1746 2288 1827 2357 illut
1850 2289 1881 2354 A
1905 2306 1968 2355 nos
1991 2287 2110 2355 emisti
2134 2304 2195 2374 pro
2210 2290 2314 2372 parte
2330 2305 2405 2356 mo·

556 2443 710 2514 naslerii
729 2443 846 2513 sancti
870 2443 977 2530 petri,
1003 2461 1107 2529 quern
1131 2447 1254 2528 petrus
1278 2442 1388 2511 index
1410 2445 1442 2510 A
1464 2443 1555 2508 nobo
1578 2443 1781 2510 construxit
1804 2439 2012 2508 fundamine
2035 2441 2132 2508 intus
2147 2441 2242 2508 hanc
2258 2439 2411 2509 salerni·

556 2601 684 2666 tanam
710 2597 906 2684 civitatem,
930 2597 1043 2672 Quam
1067 2599 1104 2663 et
1128 2615 1191 2683 pro
1213 2599 1317 2680 parte
1338 2593 1546 2663 monasterii
1569 2594 1792 2663 Vocabulum
1815 2601 1982 2664 sanctam
2009 2593 2222 2680 trinitatem,
2237 2597 2299 2680 qui
2322 2611 2406 2662 con·

558 2753 736 2818 structum
761 2753 816 2817 est
840 2749 878 2816 in
902 2751 1022 2817 actum
1045 2748 1300 2834 mitilianense,
1324 2751 1377 2816 lta
1399 2755 1532 2836 tamen,
1556 2755 1596 2816 ut
1618 2751 1689 2817 siat
1718 2747 1872 2815 divisum
1909 2747 1986 2834 ipsa
2019 2749 2264 2835 suprascripta
2299 2749 2404 2816 rebus

556 2905 653 2971 iusta
678 2902 866 2988 rationem,
894 2901 930 2967 in
953 2904 1031 2969 octo
1055 2905 1176 2986 partes
1200 2920 1263 2988 per
1287 2903 1355 2986 ipsi
1379 2904 1521 2970 centnm
1544 2901 1736 2988 sexaginta
1760 2902 1868 2988 passi.
1895 2904 1940 2971 Et
1956 2902 2082 2990 primis
2100 2903 2182 2972 inde
2198 2919 2403 2990 compreen-

463 3085 466 3090 ·
556 3057 624 3127 dat
647 3059 684 3124 ct
706 3057 838 3124 habeat
860 3061 998 3142 partem
1023 3055 1173 3144 predicti
1198 3056 1404 3123 monasterii
1430 3055 1546 3123 sancti
1570 3057 1661 3141 petri
1685 3059 1758 3123 tros
1774 3059 1907 3142 partes,
1925 3052 2030 3141 quale
2048 3053 2213 3141 voluerit,
2231 3073 2314 3121 cum
2329 3054 2409 3123 vice

564 3207 607 3276 de
630 3209 690 3278 via
712 3226 779 3277 sua
805 3209 887 3310 inde
910 3209 1161 3296 compreendat
1184 3215 1221 3278 et
1242 3211 1375 3278 habeat
1399 3210 1473 3295 ipsc
1497 3213 1570 3280 tres
1593 3211 1715 3294 partes
1739 3208 1910 3294 adunate,
1935 3209 1979 3276 Et
1997 3209 2072 3295 ipse
2090 3207 2229 3294 relique
2244 3208 2404 3294 quinque

555 3365 683 3448 partes
708 3361 792 3430 inde
816 3354 1069 3448 compreendat
1092 3366 1128 3430 et
1150 3363 1255 3431 abeat
1278 3361 1444 3430 similiter
1467 3362 1624 3430 adunate
1649 3367 1788 3450 partem
1810 3363 2007 3448 predictum
2040 3363 2297 3430 monasterium
2319 3380 2406 3432 san·

557 3518 652 3584 ctam
678 3513 878 3582 trinitatem
901 3533 981 3582 cum
1003 3515 1081 3582 vice
1104 3514 1147 3582 de
1171 3517 1230 3582 via
1255 3534 1332 3602 sua,
1358 3512 1535 3582 securiter
1559 3515 1683 3583 amodo
1698 3519 1735 3584 et
1750 3533 1888 3602 semper
1905 3535 1987 3602 pars
2003 3515 2163 3604 predicta
2188 3519 2409 3590 monasteria

557 3671 774 3759 illorumque
798 3675 954 3739 rectores
979 3669 1071 3747 illut,
1093 3674 1135 3738 ut
1157 3670 1437 3756 supradiximus,
1462 3670 1662 3738 habendum
1685 3677 1721 3739 et
1743 3673 1866 3738 omnia
1889 3671 1973 3740 inde
1997 3670 2201 3740 faciendum
2231 3673 2323 3759 quod
2347 3693 2409 3742 vo·

561 3825 715 3912 luerint,
741 3825 819 3893 sine
843 3826 939 3892 omni
965 3829 1088 3894 nostra
1113 3828 1165 3894 vel
1183 3826 1226 3894 dc
1249 3824 1382 3892 nostris
1399 3823 1577 3912 aradibus,
1601 3841 1663 3890 seu
1687 3824 1898 3910 cuicumque
1914 3826 2064 3914 homini,
2077 3827 2333 3894 contrarietate
2351 3826 2406 3892 vel

563 3976 813 4065 requisitione,
836 3979 882 4046 Et
904 3995 969 4065 pro
993 3979 1072 4064 ipsa
1095 3983 1218 4048 nostra
1241 3977 1456 4046 Venditione
1478 3977 1694 4064 suscepimus
1718 3982 1748 4046 A
1771 3981 1807 4045 te
1829 3977 1971 4044 finitum
1995 3981 2148 4064 pretium
2171 3977 2300 4047 solidos
2316 3998 2404 4066 qua·

558 4131 735 4219 draginta
760 4132 839 4198 Ana
861 4136 1029 4218 quattuor
1052 4131 1134 4200 auri
1158 4131 1230 4199 tari
1255 4111 1336 4196 boni
1361 4099 1424 4218 per
1447 4129 1608 4198 solidum.
1633 4131 1709 4216 Ego
1731 4134 1852 4218 petrus
1868 4129 2018 4198 clericus
2042 4129 2128 4198 inde
2153 4131 2184 4199 A
2207 4137 2243 4198 te
2267 4129 2405 4216 suscepi

559 4282 693 4352 solidos
717 4283 885 4370 triginta,
910 4283 956 4350 Et
978 4300 1044 4370 ego
1067 4282 1226 4368 predicta
1251 4280 1345 4367 grisa
1369 4281 1451 4348 inde
1475 4284 1505 4348 A
1527 4287 1562 4350 tc
1585 4283 1722 4369 suscepi
1747 4283 1877 4350 solidos
1891 4283 2025 4370 decem,
2041 4283 2087 4350 iit
2110 4283 2185 4368 ipso
2199 4281 2353 4368 pretium
2368 4287 2408 4350 tu

556 4435 662 4502 nobis
685 4432 816 4502 dedisti
840 4453 903 4519 por
926 4435 1185 4550 absolpticnem
1208 4434 1328 4503 domni
1351 4435 1512 4504 adelferii
1535 4435 1744 4505 Venerabili
1768 4434 1915 4513 abbati,
1941 4435 2034 4504 sicut
2058 4434 2153 4504 inter
2177 4453 2242 4504 nos
2272 4433 2408 4504 combo-

554 4591 707 4678 nientia
722 4589 804 4666 fuit.
828 4591 925 4658 Unde
948 4607 1012 4674 per
1035 4588 1333 4658 combenientiam
1357 4607 1420 4658 nos
1444 4588 1594 4674 predicti
1617 4589 1674 4656 vir
1697 4593 1733 4658 et
1755 4607 1859 4676 uxor,
1884 4590 1974 4659 siout
1998 4592 2052 4659 est
2068 4587 2296 4675 consuetudo,
2313 4607 2404 4676 gua·

555 4745 616 4814 dia
638 4745 704 4812 tibi
729 4744 887 4831 predicto
910 4746 1001 4830 petri
1026 4743 1217 4830 presbiteri
1241 4751 1277 4813 et
1300 4745 1476 4828 monachi,
1499 4747 1562 4830 qui
1587 4746 1623 4811 et
1647 4743 1831 4830 prepositi,
1858 4743 2031 4830 dedimus,
2056 4747 2093 4810 et
2116 4742 2324 4811 fideiussore
2342 4741 2407 4810 tibi

556 4903 743 4990 posuimus
765 4901 928 4970 marinus
951 4901 1049 4969 filius
1074 4901 1252 4988 quendam
1277 4900 1358 4969 boni
1382 4900 1444 4986 qui
1469 4900 1653 4968 dicebatur
1676 4899 1719 4968 de
1742 4898 1837 4985 viba,
1862 4901 1907 4966 Et
1930 4899 2097 4985 peripsa
2128 4896 2266 4984 guadia
2291 4899 2322 4964 A
2346 4913 2410 4966 nos

558 5055 727 5141 recepisti
752 5072 816 5140 pro
839 5059 945 5141 parte
961 5055 1004 5124 dc
1028 5055 1106 5142 ipsa
1128 5053 1345 5124 monasteria
1369 5023 1511 5122 sanctus
1534 5055 1657 5139 petrus
1678 5055 1716 5120 et
1738 5056 1900 5121 sanctam
1923 5053 2139 5138 trinitatem3
2165 5051 2210 5117 Et
2233 5068 2297 5137 per
2326 5068 2409 5120 oan-

558 5206 637 5276 dem
663 5207 801 5296 guadio
824 5209 1084 5295 obbligavimus
1100 5225 1166 5275 nos
1182 5212 1217 5276 et
1233 5207 1365 5276 nostris
1381 5206 1545 5276 eredibus
1561 5205 1684 5275 amodo
1699 5210 1734 5273 et
1750 5223 1888 5291 semper
1907 5203 2129 5271 defensemus
2143 5202 2188 5272 ad
2206 5208 2309 5291 parte
2323 5222 2409 5292 pre·

558 5359 657 5430 dicta
682 5363 899 5430 monasteria
923 5365 999 5430 tota
1021 5365 1057 5429 et
1079 5363 1222 5449 integra
1245 5361 1322 5448 ipsa
1345 5358 1586 5446 suprascripta
1608 5361 1730 5425 nostra
1752 5353 2165 5443 Venditiono,qualiter
2188 5374 2298 5442 supra
2318 5355 2407 5443 legi-

554 5514 630 5598 tur,
654 5513 700 5580 ab
722 5503 886 5580 omnibus
908 5511 1124 5580 hominibus.
1150 5511 1194 5579 Et
1216 5510 1359 5598 quando
1382 5513 1519 5596 partem
1543 5509 1701 5596 predicta
1723 5509 1937 5578 monasteria
1959 5526 2022 5594 per
2045 5526 2083 5576 se
2115 5457 2293 5577 voluerint
2316 5507 2402 5576 iude

557 5667 679 5732 essent
701 5664 915 5752 defensores,
939 5667 1148 5750 potestatem
1171 5666 1329 5733 habeant
1351 5683 1432 5732 oum
1455 5665 1618 5731 omnibus
1635 5661 1896 5732 muniminibus
1908 5667 1944 5731 et
1961 5661 2174 5739 rationibus,
2202 5679 2293 5747 quas
2319 5657 2403 5728 inde

554 5818 763 5905 habuerint,
789 5818 951 5887 omnibus
975 5819 1087 5888 modis
1112 5819 1194 5887 inde
1209 5837 1358 5889 causare
1382 5821 1419 5888 et
1442 5817 1550 5886 tinem
1574 5818 1713 5904 sarcre,
1748 5814 1904 5905 qualiter
1936 5814 2126 5884 voluerint.
2151 5816 2197 5882 Et
2227 5813 2257 5881 si
2282 5815 2407 5883 taliter
