5408 7108
999 545 1450 624 urruoutrrcus
1583 502 1585 512 ’
1788 607 1792 615 .
2030 542 2099 618 ros

302 777 394 867 loco,
418 778 478 845 ubi
505 780 667 846 trabersa
689 783 725 845 et
746 797 768 846 a
791 794 896 864 super
920 779 1077 845 cisterna
1101 776 1245 862 dicitur,
1263 792 1325 863 per
1342 778 1407 843 hec
1424 772 1508 841 finis
1532 776 1568 842 et
1591 771 1795 840 mensurie:
1821 773 1851 837 A
1876 774 1977 856 parte
1999 771 2148 840 orientis

304 931 375 998 flne
400 932 506 997 rebus
528 935 652 998 nostra
675 935 710 996 et
733 929 776 997 de
799 931 1017 1016 pastenatori
1042 933 1170 1016 nostri,
1198 929 1279 997 inde
1303 927 1398 1014 passi
1423 925 1631 1012 octuaginta
1651 922 1836 1010 quinque:
1863 927 1892 995 Α
1917 927 2017 1009 parte
2042 921 2149 991 meri-

308 1083 366 1151 die
389 1084 461 1150 tine
484 1083 526 1150 de
548 1083 670 1150 eredes
691 1083 782 1169 petri
806 1082 849 1151 de
873 1083 1049 1168 peccecuti
1075 1080 1180 1167 passi·
1195 1081 1407 1166 nonaginta:
1434 1082 1463 1146 A
1488 1083 1590 1164 parte
1614 1077 1807 1144 occidentis
1833 1078 1902 1143 fine
1926 1075 2041 1142 medio
2066 1080 2148 1142 toru

304 1238 397 1306 unde
422 1241 483 1307 uia
506 1240 650 1306 abemus
673 1255 735 1322 por
759 1238 902 1304 brebem
918 1235 1116 1321 divisionis,
1141 1237 1234 1321 passi
1253 1233 1497 1322 quadraginta
1521 1232 1604 1301 duo:
1624 1236 1653 1300 A
1671 1235 1771 1319 parte
1787 1231 2051 1317 septemtrionis
2075 1231 2149 1300 tine

308 1391 351 1458 de
373 1391 495 1458 eredes
517 1389 694 1476 madelmi,
719 1389 875 1475 qualiter
897 1389 1057 1458 ascendit
1079 1393 1115 1455 et
1139 1387 1325 1474 coniungit
1349 1389 1386 1456 in
1411 1389 1528 1456 viaet
1560 1387 1691 1455 abinde
1725 1386 1950 1452 trabersante
1978 1384 2056 1469 ipsa
2081 1370 2141 1451 ria

305 1557 454 1609 comune
471 1546 508 1609 et
524 1540 653 1609 abinde
671 1541 907 1609 descendente
923 1559 986 1626 per
1004 1541 1074 1607 dne
1091 1539 1132 1607 de
1149 1540 1225 1608 alia
1243 1542 1347 1608 rebus
1363 1547 1496 1626 nostra,
1521 1555 1755 1632 quecomuno
1772 1541 1925 1608 abemus
1941 1557 2020 1606 cum
2037 1523 2149 1606 nostri

308 1695 531 1762 consortibus
552 1699 588 1760 et
609 1695 851 1780 coniungente
867 1699 903 1762 et
924 1692 1157 1762 descendente
1179 1713 1260 1760 oum
1279 1696 1353 1780 ipso
1372 1694 1492 1780 priore
1509 1695 1580 1761 line
1600 1695 1694 1780 passi
1712 1697 1854 1760 centum
1877 1693 2011 1776 decem,
2036 1695 2148 1760 totum

308 1851 550 1912 mensuratum
569 1845 613 1912 ad
629 1821 771 1932 passum
788 1845 879 1931 quod
902 1843 1081 1930 signatum
1100 1850 1153 1910 cst
1174 1847 1209 1911 in
1226 1844 1413 1912 columnea
1437 1861 1636 1912 mormorea
1651 1843 1693 1911 de
1708 1844 1856 1912 ecclesia
1873 1843 1988 1910 sancti
2014 1843 2146 1912 mathei

305 1997 347 2064 de
371 1998 649 2085 archiepiscopio
673 1995 893 2068 salernitano
916 1999 958 2067 de
984 1998 1153 2066 iamdicta
1187 2001 1290 2066 rebus
1314 2017 1375 2084 per
1411 1997 1579 2066 iamdicto
1602 1997 1687 2065 finis
1721 2001 1758 2065 et
1781 1997 1961 2064 mensurie
1988 2001 2043 2063 est
2067 1996 2150 2064 inde

303 2150 405 2218 nobis
431 2149 609 2220 iamdictis
644 2151 781 2218 viribus
805 2157 841 2218 et
863 2151 1035 2219 uxoribus
1070 2151 1193 2218 inclite
1229 2151 1432 2236 due'partis
1456 2125 1597 2237 etipsa
1626 2149 1734 2218 tertia
1759 2153 1859 2235 parte
1893 2154 1947 2217 est
1971 2149 2151 2248 indepar-

302 2304 458 2371 tinentes
482 2305 596 2388 ipsius
621 2305 763 2372 ubolino
785 2311 821 2371 et
845 2305 1010 2391 pantaleo
1034 2275 1107 2372 uno
1126 2303 1243 2391 petri.
1273 2305 1315 2370 tlt
1337 2303 1380 2370 de
1405 2305 1479 2389 ipse
1507 2300 1576 2368 due
1605 2302 1710 2368 sortis
1734 2267 1786 2370 de¹
1802 2306 1878 2386 ipsa
1907 2303 2025 2386 rebUS,
2055 2302 2150 2372 sicut

306 2458 477 2541 diximus,
504 2458 605 2523 nobis
629 2457 791 2526 iamdicti
817 2460 1027 2528 rederissius
1050 2465 1084 2526 et
1108 2457 1256 2526 alterius
1280 2463 1333 2524 est
1356 2458 1579 2542 pertinentes
1605 2455 1728 2523 inclite
1751 2474 1816 2523 sex
1838 2454 1956 2540 sortiS,
1980 2461 2016 2522 et
2041 2455 2143 2522 nobis

310 2609 477 2676 iamdicto
502 2610 667 2678 mulieres
686 2613 820 2714 ienrma
844 2615 880 2679 et
903 2610 1020 2680 blacta
1043 2617 1097 2679 est
1119 2611 1201 2680 inde
1224 2612 1267 2680 de
1292 2611 1366 2698 ipse
1390 2610 1458 2677 due
1484 2610 1598 2695 partis
1621 2609 1663 2676 de
1686 2608 1928 2695 suprascripta
1953 2613 2057 2676 rebus
2082 2628 2144 2696 per

307 2761 495 2830 iamdictas
518 2764 606 2830 dues
630 2769 665 2831 et
687 2766 887 2832 mensurias
911 2767 1128 2851 pertinentes
1160 2765 1228 2834 due
1251 2769 1380 2852 quarte
1405 2765 1508 2830 nobis
1542 2764 1669 2830 emisso
1701 2782 1723 2830 a
1759 2762 1975 2847 supradictis
2011 2763 2149 2836 viribus

306 2915 439 2982 nostris
462 2915 499 2980 in
522 2916 580 2984 die
597 2922 715 2983 nostre
739 2918 985 3004 copulationiS,
1002 2921 1038 2984 et
1055 2936 1255 3004 congruum
1271 2921 1324 2984 est
1349 2917 1451 2984 nobis
1477 2915 1657 2982 iamdictis
1676 2915 1812 2981 uiribus
1834 2920 1869 2982 et
1892 2917 2064 2982 uxoribus
2082 2915 2146 2982 toti

302 3070 540 3136 communiter
563 3073 633 3137 tote
657 3073 730 3155 ipse
754 3070 822 3138 due
847 3073 960 3156 partis
983 3070 1025 3138 de
1051 3071 1227 3138 iamdictis
1258 3072 1365 3138 rebus
1391 3087 1453 3155 per
1478 3069 1665 3136 iamdictas
1690 3069 1778 3136 lines
1800 3076 1835 3136 et
1867 3070 2065 3136 mensurius
2089 3072 2148 3138 be·

300 3221 471 3290 numdare
487 3220 688 3307 supradicto
714 3221 861 3288 ubolini.
883 3225 925 3290 Et
941 3241 1005 3310 ego
1030 3223 1188 3308 predicta
1211 3223 1339 3291 mulier
1365 3225 1494 3290 lemma
1518 3222 1676 3308 nomine,
1694 3223 1885 3290 obserbans
1901 3242 1944 3290 ea
1959 3240 2029 3308 que
2044 3223 2084 3289 in
2102 3222 2149 3290 le·

236 3373 241 3386 '
307 3389 388 3458 gem
404 3373 704 3460 langobardorum
721 3375 855 3459 scripta
879 3379 963 3442 sunt
986 3375 1030 3442 do
1054 3377 1306 3462 mulieresque
1331 3395 1488 3450 ressuas
1514 3375 1750 3444 communiter
1773 3396 1854 3445 cum
1878 3379 1955 3444 biro
1979 3397 2041 3444 suo
2066 3379 2149 3445 ben·

300 3521 382 3590 dere
398 3521 567 3608 noluerit,
592 3541 729 3591 mecum
754 3528 845 3591 esset
869 3525 944 3610 ipse
969 3528 1023 3594 vir
1041 3531 1076 3594 et
1093 3528 1283 3596 mundoald
1307 3548 1419 3612 meus,
1447 3529 1596 3595 fecimus
1619 3528 1751 3597 notitia
1765 3547 1845 3596 cum
1862 3530 1999 3595 duobus
2022 3547 2150 3614 paren-

300 3675 395 3741 tibus
411 3674 566 3759 meisque
589 3673 769 3761 mulieres,
787 3680 823 3743 et
839 3694 912 3745 una
935 3697 1014 3744 oum
1039 3679 1111 3744 illis
1137 3681 1358 3764 perreximus
1389 3699 1510 3750 coram
1545 3652 1763 3768 presentiam
1785 3683 1981 3770 grimoaldi
2007 3682 2148 3752 comitis

297 3831 333 3898 et
351 3830 492 3917 iudicis,
516 3832 574 3897 cui
597 3849 636 3899 ec
660 3831 780 3900 omnia
802 3837 887 3899 nota
912 3833 1072 3900 lecimus.
1095 3836 1139 3901 Et
1157 3833 1196 3899 in
1220 3851 1342 3902 eorum
1365 3836 1550 3921 presentia
1567 3853 1633 3922 ego
1659 3837 1832 3906 iamdicta
1855 3836 1984 3934 mulier
2007 3836 2147 3906 nullam

297 3957 509 4052 reclamavit
532 3988 670 4070 pateret
694 3987 880 4072 violentia,
905 3989 959 4054 set
976 4007 1055 4056 mea
1077 3989 1169 4056 bona
1193 3987 1356 4056 uoluntas
1379 3994 1469 4057 esset
1491 3991 1569 4076 ipsa
1594 3945 1732 4076 quarta
1751 4009 1830 4059 mea
1845 3991 1888 4059 de
1905 3990 2075 4060 iamdicta
2090 4010 2145 4061 re·

297 4138 363 4204 bus
387 4139 622 4206 communiter
646 4157 727 4206 cum
750 4141 827 4226 ipso
850 4139 927 4206 viro
949 4158 1048 4208 meus
1071 4140 1223 4208 bendere
1247 4147 1282 4209 et
1299 4141 1367 4227 ipsi
1392 4119 1600 4226 parentibus
1625 4143 1713 4210 meis
1730 4144 1769 4210 in
1787 4162 1855 4213 ano
1879 4146 2056 4214 cartulam
2073 4163 2148 4214 ma·
2186 4229 2190 4236 ⁵

297 4309 384 4362 num
402 4295 609 4376 posuerunt,
634 4295 676 4359 ut
698 4293 790 4378 quod
815 4291 1092 4380 vindederimus,
1116 4291 1281 4360 stabilem
1306 4293 1354 4360 sit
1376 4298 1413 4361 et
1436 4297 1575 4380 petrum
1599 4295 1719 4364 scriba
1742 4313 1806 4381 per
1823 4295 1988 4364 notitiam
2011 4249 2054 4364 de
2078 4297 2145 4383 ipsi

296 4446 487 4528 parentum
512 4460 667 4510 meorum
692 4447 728 4511 ct
752 4413 913 4512 iudicem
929 4462 996 4513 anc
1020 4446 1195 4513 cartulam
1226 4445 1368 4532 scripsi,
1394 4449 1434 4514 ut
1469 4448 1602 4531 absque
1628 4445 1857 4514 damnatione
1882 4446 1972 4533 legis
1998 4466 2144 4516 securus

295 4594 380 4661 inde
403 4613 563 4664 manere.
589 4595 702 4672 Quam
726 4600 760 4665 et
784 4614 850 4684 ego
873 4597 1045 4666 iamdicta
1068 4596 1197 4665 mulier
1220 4599 1361 4664 nomine
1386 4599 1535 4684 blacta,
1561 4601 1757 4667 obserbans
1781 4615 1825 4669 ea
1854 4620 1923 4686 que
1956 4603 1994 4670 in
2031 4601 2145 4688 legem
2218 4627 2221 4636 ·

296 4743 600 4834 langobardorum
619 4750 753 4835 scripta
776 4754 861 4817 sunt
884 4750 927 4816 de
950 4747 1209 4836 mulieresque
1242 4769 1298 4817 res
1321 4768 1405 4819 suas
1436 4750 1674 4818 communiter
1696 4771 1778 4818 cum
1810 4753 1886 4819 biro
1920 4770 1983 4820 suo
2016 4755 2144 4822 bende-

295 4915 333 4965 re
369 4899 537 4987 noluerit,
561 4921 698 4969 mecum
728 4905 820 4969 esset
845 4900 919 4986 ipse
949 4901 1099 4970 alterius
1123 4901 1236 4969 viret
1260 4901 1444 4971 mundoalt
1469 4921 1582 4991 meus,
1599 4903 1747 4972 fecimus
1764 4906 1931 4974 notitiam
1956 4925 2035 4974 cum
2060 4907 2166 4995 duo.-¹

297 5054 363 5120 bus
387 5053 597 5139 parentibus
620 5055 760 5141 meique
777 5053 955 5140 mulieres,
982 5059 1017 5122 et
1034 5071 1107 5120 una
1129 5071 1209 5120 cum
1234 5053 1305 5120 illis
1320 5051 1485 5120 similiter
1503 5055 1724 5139 perreximus
1748 5073 1868 5122 coram
1886 5059 2068 5142 presentia
2083 5077 2141 5128 su·
2164 5137 2166 5142 ,

298 5207 488 5292 praecripti
512 5205 700 5293 grimoaldi
724 5206 845 5273 comiti
870 5211 906 5273 et
931 5205 1051 5290 iudici,
1077 5211 1113 5272 et
1138 5204 1319 5274 incorum
1356 5209 1536 5290 presentia
1559 5225 1625 5294 ego
1651 5207 1821 5275 iamdicta
1853 5209 1981 5277 mulier
2004 5210 2143 5278 nullam

293 5358 503 5428 reclamavit
525 5365 646 5445 patere
670 5358 854 5433 violentia,
872 5363 924 5426 set
942 5377 1021 5428 mea
1046 5361 1139 5428 bona
1162 5357 1326 5429 boluntas
1349 5365 1442 5428 esset
1465 5362 1543 5446 ipsa
1566 5365 1696 5447 quarta
1719 5380 1799 5430 mea
1822 5361 1864 5430 de
1889 5362 2063 5430 iamdicta
2091 5380 2146 5429 re-

297 5512 364 5578 bus
386 5513 621 5580 communiter
645 5531 724 5580 cum
750 5513 826 5598 ipso
851 5512 928 5578 viro
950 5530 1049 5578 meus
1074 5512 1227 5580 bendere
1251 5517 1286 5579 et
1308 5514 1374 5598 ipsi
1399 5515 1616 5599 parentibus
1640 5511 1728 5581 meis
1757 5512 1793 5579 in
1819 5533 1887 5583 anc
1910 5517 2044 5582 cartam
2073 5533 2145 5582 ma·

297 5681 384 5730 num
408 5671 615 5752 posuerunt,
641 5670 680 5733 ut
703 5664 796 5751 quod
815 5665 1095 5751 uindederimuS,
1119 5663 1284 5731 stabilem
1300 5663 1427 5732 debeat
1444 5681 1664 5751 permanere,
1682 5671 1717 5732 ct
1734 5665 1909 5750 prelatum
1935 5667 2053 5734 scriba
2078 5683 2142 5750 per

299 5817 467 5884 notitiam
490 5817 533 5886 de
549 5817 623 5904 ,ipsi
649 5818 857 5904 parentibus
882 5816 968 5884 meis
990 5821 1025 5883 et
1048 5814 1175 5883 iudicis
1192 5833 1259 5883 auc
1275 5812 1416 5882 cartula
1439 5813 1577 5900 scripsi,
1597 5819 1636 5881 ut
1652 5816 1785 5900 absque
1801 5815 2029 5886 damnatione
2054 5818 2144 5906 legis

369 5999 437 6060 ΤοΙΙ.
460 6017 499 6059 rr.
1929 5998 1985 6070 ,Μ
