5456 7096
1095 479 1496 557 nlptolluulcus
1693 497 1697 508 '
2081 489 2142 564 tat

349 695 454 766 dibus
478 699 516 768 in
539 717 625 786 pars
647 699 690 770 de
713 701 788 788 ipse
811 700 981 773 aecclesie
1003 701 1133 790 viginti
1158 703 1259 774 solidi
1284 689 1640 799 aureiconstantini,
1657 715 1693 782 et
1708 712 1753 782 ad
1768 713 2031 801 pignerandum
2054 715 2191 806 obliga·
2216 799 2219 806 Ι

346 853 477 918 verunt
499 833 545 919 de'
565 869 675 920 causa
697 869 817 919 sorum
843 853 880 920 in
905 872 988 940 pars
1012 853 1172 942 ipsarum
1197 857 1449 930 aecclesiarum
1473 865 1591 931 omnia
1613 882 1722 934 causa
1745 882 1866 934 eorum
1892 866 2055 954 legitima
2078 875 2112 936 et
2139 869 2195 936 in·

347 969 523 1094 legitima,
547 1006 639 1092 quod
664 1007 787 1094 scripsi
814 1026 881 1095 ego
903 1008 965 1096 qui
989 1026 1097 1095 supra
1121 1011 1294 1120 lohannes
1316 1013 1468 1084 clericus
1491 1022 1527 1086 et
1549 1017 1754 1105 advocator,
1772 1019 1833 1106 qui
1851 1021 1888 1088 et
1917 1019 2036 1089 scriba
2058 1020 2195 1106 prefate

343 1157 525 1226 aecclesie.

389 1280 420 1396 †
444 1308 521 1397 Ego
545 1313 729 1398 iaqnintus
753 1313 916 1382 notarius
940 1333 996 1383 mc
1019 1316 1217 1402 subscripsi

386 1427 417 1542 †
442 1463 518 1554 Ego
541 1463 741 1535 romoaldus
763 1467 927 1535 notarius
956 1485 1012 1536 me
1035 1468 1243 1556 subscripsi.

1138 2017 1383 2101 CMLIV·

1109 2313 1166 2388 A.
1193 2314 1249 2389 D.
1276 2313 1409 2388 1040.

383 2542 418 2682 †
443 2595 484 2661 In
507 2597 652 2666 nomine
675 2597 808 2668 domini
834 2599 1007 2668 vicesimo
1029 2601 1183 2669 secundo
1206 2619 1299 2671 anno
1316 2601 1541 2689 prininatus
1556 2601 1676 2670 domni
1694 2603 1875 2689 guaimari
1892 2603 2067 2690 gloriosus
2084 2603 2203 2690 prin·

341 2766 435 2836 ceps,
453 2769 577 2820 mense
593 2751 771 2840 ianuario,
787 2753 938 2840 septima
953 2754 977 2838 ¹)
994 2753 1203 2822 indictione.
1229 2749 1516 2822 Memoratorium
1534 2752 1667 2820 sactum
1682 2771 1704 2820 a
1719 2769 1775 2819 me
1791 2751 1924 2839 gentile
1940 2751 2015 2819 filio
2033 2751 2180 2820 iohanni

337 2901 460 2970 clerici
485 2903 674 2972 clareiacio
697 2923 768 2992 me,
791 2905 947 2992 qualiter
970 2873 1048 2974 iam
1066 2893 1151 2975 ante
1173 2924 1212 2974 os
1228 2925 1340 2974 annos
1358 2908 1395 2974 in
1412 2905 1656 2974 bicariationis
1673 2904 1797 2972 ordine
1816 2905 1989 2972 traditum
2014 2907 2182 2975 abulmus

335 3072 410 3124 una
432 3061 530 3125 terra
551 3055 715 3125 casalina
739 3075 819 3125 cum
844 3075 916 3127 una
939 3057 1098 3127 cisterna
1122 3063 1160 3126 at
1176 3059 1322 3126 adelferi
1346 3077 1541 3146 germanus
1564 3077 1676 3146 meus,
1695 3060 1755 3126 ubi
1773 3058 1874 3125 modo
1889 3077 1973 3127 casa
1988 3059 2176 3127 confictam

330 3177 415 3278 abet
437 3214 474 3278 et
498 3211 597 3276 intus
620 3215 673 3277 est
698 3210 893 3279 residentes
916 3214 1111 3280 trasactibo
1133 3213 1289 3298 nomine,
1313 3211 1358 3280 ad
1381 3211 1582 3280 faciendum
1606 3211 1738 3281 exinde
1754 3212 1874 3281 omnia
1890 3231 1961 3298 que
1976 3213 2009 3279 ei
2035 3213 2180 3298 placue-

331 3358 380 3428 rit
402 3361 608 3448 bolumtate,
635 3367 672 3429 et
695 3367 925 3448 posteaquam
950 3361 1051 3430 illum
1074 3363 1107 3430 ei
1132 3363 1171 3428 in
1194 3361 1439 3431 bicariationis
1461 3360 1688 3448 tradidimus,
1713 3381 1737 3429 a
1759 3363 1851 3428 nobo
1873 3362 2080 3434 fundamine
2098 3365 2173 3449 ipse

329 3514 513 3600 predictus
537 3514 684 3583 adelferi
709 3533 904 3602 germanus
927 3534 1027 3584 meus
1050 3515 1127 3602 ipsa
1150 3517 1308 3584 cisterna
1332 3517 1430 3582 intus
1453 3514 1491 3581 in
1516 3519 1593 3600 ipsa
1615 3533 1700 3582 casa
1729 3533 1795 3581 sua
1829 3533 1910 3580 cum
1945 3533 2007 3581 suo
2041 3533 2174 3600 expen-

227 3738 231 3744 ,
332 3667 431 3735 dium
458 3667 557 3736 illam
581 3668 757 3755 conciabi,
782 3672 818 3736 et
840 3673 879 3736 at
901 3668 1042 3736 culmen
1065 3668 1164 3736 illam
1187 3670 1378 3756 perdussit,
1402 3675 1438 3738 et
1459 3669 1502 3736 de
1525 3689 1619 3755 aqua
1642 3668 1739 3736 illam
1764 3667 1941 3755 implebit,
1966 3674 2002 3736 et
2033 3686 2174 3737 omnem

331 3819 524 3888 utilitatem
549 3820 680 3888 ibidem
702 3821 802 3888 iactu
828 3822 920 3889 abet.
946 3820 1046 3887 Modo
1070 3822 1152 3887 bero
1176 3838 1242 3907 ego
1267 3822 1328 3907 qui
1352 3839 1461 3907 supra
1484 3823 1689 3890 nominatus
1712 3820 1847 3908 gentile
1880 3821 2072 3888 contuntus
2096 3841 2175 3891 sum

329 3992 394 4060 per
417 3975 545 4042 bonam
570 3972 832 4042 combenientia
854 3991 936 4040 cum
960 3971 1184 4059 supradictus
1206 3973 1352 4041 edelfert
1377 3957 1570 4061 germanus
1593 3991 1692 4040 meus
1716 3973 1814 4040 intus
1830 3975 1978 4040 cibitate
2001 3973 2176 4044 diannese

330 4130 415 4193 ante
439 4126 633 4211 subscripti
657 4130 763 4194 testes
786 4132 822 4194 et
844 4143 907 4212 per
930 4126 1042 4211 ipsam
1067 4127 1193 4194 bonam
1216 4123 1485 4208 combenientia,
1503 4143 1572 4210 que
1588 4125 1684 4190 inter
1700 4140 1763 4190 nos
1779 4123 1892 4210 stetit,
1917 4142 2167 4194 accommuna·

323 4275 442 4344 bimus
467 4276 563 4345 inter
585 4295 649 4345 nos
665 4277 743 4364 ipsa
758 4278 917 4366 predicta
933 4277 1090 4347 cisterna
1105 4296 1184 4345 cum
1202 4275 1423 4364 supradictus
1440 4274 1588 4343 adelferi
1604 4292 1799 4362 germanus
1816 4294 1929 4356 meus,
1955 4277 2048 4363 quod
2067 4279 2170 4346 abuit

328 4429 430 4498 intus
444 4429 493 4520 ,in
517 4431 597 4516 ipsa
621 4429 793 4499 iamdicta
815 4448 901 4500 casa
923 4447 989 4498 sua
1012 4429 1050 4495 in
1073 4409 1116 4496 eo
1137 4416 1273 4515 ordine,
1298 4430 1338 4496 ut
1360 4429 1595 4496 communiter
1613 4427 1712 4496 illam
1728 4430 1897 4499 abeamus
1912 4434 1948 4498 et
1964 4431 2167 4504 dibidamus

327 4583 423 4648 omni
448 4585 605 4668 tempore
628 4583 708 4669 ipsa
731 4601 828 4668 aqua
850 4581 894 4651 de
917 4581 995 4668 ipsa
1017 4581 1174 4650 cisterna
1196 4598 1259 4667 per
1282 4581 1450 4648 medium.
1476 4582 1606 4650 lterum
1630 4585 1667 4648 et
1691 4599 1756 4668 ego
1778 4581 2006 4668 supradictus
2029 4585 2167 4670 gentile

322 4735 414 4805 bona
437 4754 518 4804 mea
541 4734 736 4804 bolumtate
761 4739 798 4804 et
819 4753 882 4822 per
906 4736 1032 4802 bonam
1055 4733 1330 4822 combenientia,
1355 4753 1423 4822 que
1447 4737 1542 4804 inter
1565 4754 1628 4804 nos
1651 4735 1764 4823 stetit,
1789 4753 1978 4822 perunum
1997 4736 2164 4806 baculum

323 4889 369 4958 da
393 4909 503 4959 manu
519 4909 599 4958 mea
616 4909 679 4976 pro
695 4891 773 4977 ipsa
790 4889 960 4958 iamdicta
974 4889 1301 4958 accommunatione
1318 4889 1360 4956 de
1375 4889 1580 4975 supradicta
1596 4853 1765 4976 cisterna,
1790 4889 1885 4976 quod
1901 4891 2003 4957 nobis
2018 4889 2057 4956 in
2073 4907 2168 4958 com·

323 5043 482 5110 muniter
507 5043 645 5111 remisit
667 5042 742 5128 ipse
765 5043 946 5128 predictus
968 5040 1112 5110 adelferi
1134 5059 1306 5130 germano
1330 5061 1438 5130 meus,
1465 5042 1613 5130 proinde
1637 5041 1850 5110 tradidimus
1872 5045 1911 5110 at
1935 5043 2161 5128 supradictus

317 5193 463 5264 adelferi
488 5213 667 5282 germano
691 5212 790 5290 meus
812 5203 849 5264 et
870 5195 1072 5262 remisimus
1094 5195 1129 5263 ei
1151 5196 1190 5261 in
1212 5194 1448 5261 communiter
1471 5212 1611 5262 mecum
1626 5194 1803 5263 abendum
1823 5211 1897 5263 una
1913 5195 1988 5264 alia
2002 5197 2165 5265 cisterna

318 5369 424 5438 mea,
460 5349 552 5437 quod
579 5352 668 5420 abeo
691 5351 789 5418 intus
809 5349 850 5426 ,in
874 5351 951 5436 ipsa
973 5366 1056 5418 casa
1078 5365 1158 5417 mea
1181 5366 1250 5434 que
1273 5368 1297 5418 a
1318 5349 1410 5415 nobo
1435 5345 1642 5415 fundamine
1666 5346 1766 5415 illam
1789 5350 2033 5416 constructam
2056 5343 2159 5416 ¹abui·

357 5721 385 5800 ¹)
407 5721 509 5802 Lege:
533 5727 658 5784 octavo.

458 5897 532 5958 ‘lora
549 5907 585 5952 (ι.
