5408 7108
1298 515 1473 590 donax
1506 515 1773 592 cavensis

1439 955 1624 1037 MXX·

1375 1256 1434 1330 A.
1462 1253 1517 1329 D.
1546 1253 1676 1330 1043.

646 1506 676 1626 †
702 1537 741 1603 ln
765 1536 908 1605 nomine
930 1537 1065 1606 domini
1090 1539 1255 1609 vicesimo
1278 1540 1405 1627 quinto
1427 1558 1523 1610 anno
1546 1541 1767 1630 principatus
1789 1542 1924 1612 salerni
1946 1541 2067 1610 domni
2095 1541 2207 1610 nostri
2231 1541 2444 1632 guaimarii,

598 1699 633 1756 et
657 1691 782 1775 quinto
804 1707 900 1758 anno
923 1692 1000 1760 eius
1022 1711 1156 1779 capue,
1179 1699 1215 1762 et
1240 1700 1367 1780 quarto
1395 1712 1490 1763 anno
1519 1696 1670 1765 ducatus
1699 1700 1778 1766 eius
1805 1695 1928 1768 amalfi
1954 1702 1990 1766 et
2014 1701 2243 1783 surrentum,
2268 1699 2304 1764 et
2330 1698 2446 1784 primo

599 1859 697 1910 anno
720 1841 945 1930 principatus
967 1835 1087 1914 domni
1110 1850 1223 1916 nostri
1247 1848 1364 1936 gisolfi
1388 1849 1465 1918 eius
1488 1849 1568 1936 iiiii,
1592 1850 1823 1936 gloriosorum
1847 1853 2171 1937 suprascriptorum
2195 1849 2324 1920 eximii
2348 1853 2451 1940 prin·

595 1995 668 2081 cipi
694 2002 730 2065 et
754 1995 869 2082 ducis,
894 2017 1002 2084 quam
1026 2005 1062 2067 et
1085 2001 1199 2086 primo
1222 2018 1318 2071 anno
1340 2001 1489 2070 ducatus
1513 2001 1654 2068 illorum
1678 2001 1805 2088 apulea
1820 2005 1856 2069 et
1871 2001 2045 2087 kalabria,
2071 2018 2190 2068 mense
2215 1999 2361 2086 martie,
2382 2015 2449 2068 un·

603 2149 740 2219 decima
765 2149 970 2220 indictione.
995 2151 1142 2238 Ideoque
1165 2169 1231 2238 ego
1254 2158 1375 2240 petrus
1398 2151 1492 2219 filius
1515 2153 1692 2238 quondam
1716 2153 1895 2236 nucerini,
1911 2153 2003 2219 sicut
2027 2151 2133 2218 michi
2157 2168 2358 2238 congruum
2376 2154 2444 2237 est,

596 2321 687 2373 vona
712 2304 846 2374 etenim
871 2321 951 2375 mea
974 2303 1157 2405 voluntate
1179 2325 1242 2391 per
1265 2323 1333 2374 ane
1355 2305 1532 2375 cartulam
1555 2313 1639 2374 ante
1663 2308 1851 2393 subscripti
1880 2311 1986 2374 testes
2013 2303 2230 2374 benundedit
2253 2303 2371 2389 adque
2398 2303 2444 2372 ad

600 2474 740 2544 semper
764 2433 944 2526 abendum'
965 2458 1135 2525 confirmo
1161 2459 1257 2524 vobis
1283 2461 1373 2544 petri
1398 2459 1467 2526 iiio
1489 2461 1663 2545 quondam
1694 2460 1785 2546 petri
1815 2464 1851 2527 et
1876 2458 2040 2526 nucerini
2073 2457 2143 2524 filio
2166 2456 2345 2543 quondam
2372 2454 2450 2526 lan·

593 2611 703 2697 doni,
727 2611 789 2698 qui
813 2612 892 2680 sitis
915 2612 989 2681 thio
1014 2619 1050 2680 et
1073 2631 1205 2698 nepoS,
1232 2613 1356 2680 inclita
1379 2611 1535 2680 sortione
1564 2633 1642 2680 mea
1677 2613 1719 2681 de
1754 2613 1888 2680 duobus
1920 2610 2018 2699 pecie
2053 2611 2095 2679 de
2131 2618 2228 2679 terra
2257 2628 2326 2697 que
2360 2613 2445 2680 sunt

490 2855 492 2862 s
595 2781 677 2830 cum
703 2763 901 2832 castanieta
924 2770 959 2831 et
982 2767 1162 2849 quertieta
1185 2765 1277 2850 quod
1303 2767 1390 2833 abeo
1414 2763 1451 2829 in
1476 2765 1589 2832 locum
1613 2765 1791 2848 baniara;
1816 2783 1888 2832 una
1905 2783 1950 2832 ex
1975 2765 2049 2849 ipse
2075 2765 2171 2848 pecie
2196 2766 2313 2833 hesta
2337 2781 2447 2851 super

599 2917 679 3002 ipsa
703 2919 860 2987 cisterna
882 2923 1015 3004 tuaque
1038 2919 1144 3005 petri,
1170 2925 1205 2987 et
1228 2919 1306 3006 ipsa
1329 2919 1530 3004 aliapecia,
1551 2917 1759 2985 ubidicitur
1783 2917 1829 2984 de
1847 2908 2150 2985 lu'abetlanietum
2170 2919 2206 2984 in
2223 2937 2347 3006 supra,
2367 2921 2445 2988 ubi-

601 3088 753 3156 cumque
777 3072 944 3138 iubentus
967 3071 1104 3139 dederit
1126 3071 1169 3138 de
1193 3073 1271 3157 ipsa
1294 3072 1451 3138 sortione
1474 3089 1553 3140 mea
1579 3071 1622 3139 de
1651 3075 1724 3158 ipse
1754 3071 1919 3139 iamdicta
1948 3053 2047 3156 pecie
2073 3073 2118 3139 da
2148 3070 2182 3138 la
2205 3071 2388 3158 cisterna,
2410 3077 2446 3142 et

598 3221 643 3289 da
666 3223 743 3308 ipso
765 3221 1017 3291 abellanietum
1042 3243 1158 3290 meum
1183 3227 1220 3290 in
1244 3243 1353 3310 supra
1377 3225 1506 3293 inclita
1528 3228 1720 3294 sectionem
1744 3240 1885 3310 meam,
1909 3223 2016 3309 quale
2050 3221 2187 3309 iegibus
2223 3223 2334 3291 michi
2371 3227 2450 3294 ebe

592 3375 674 3443 nire
697 3375 823 3444 debuit
845 3375 891 3443 da
914 3377 1135 3444 consortibus
1158 3379 1246 3446 meis
1269 3382 1306 3446 et
1329 3378 1376 3447 da
1398 3379 1562 3465 germani
1590 3377 1656 3444 mei
1683 3375 1848 3444 inclitum
1873 3375 1956 3442 illut
1982 3377 2081 3442 vobis
2098 3376 2273 3445 nominati
2293 3378 2388 3463 petri
2404 3381 2441 3444 et

596 3529 762 3595 nucerini
785 3527 1029 3613 benumdedit,
1052 3547 1133 3595 cum
1156 3528 1277 3598 omnia
1302 3529 1398 3598 inira
1421 3547 1458 3597 se
1481 3531 1670 3597 abentibus
1694 3527 1930 3614 omnibusque
1953 3527 2028 3594 suis
2053 3527 2285 3613 pertinentiis
2308 3531 2447 3596 etcum

596 3680 675 3748 bice
697 3679 741 3748 de
756 3682 814 3748 bie
838 3699 914 3766 sue,
931 3681 975 3748 ad
993 3681 1165 3749 securiter
1181 3685 1217 3749 et
1232 3681 1378 3748 firmiter
1403 3680 1527 3749 amodo
1543 3683 1578 3748 et
1593 3697 1732 3764 semper
1749 3697 1810 3745 vos
1835 3679 2031 3764 vestrisque
2054 3677 2221 3749 eredibus
2239 3678 2321 3746 illut
2335 3681 2445 3748 aben·

589 3831 641 3918 di,
665 3831 888 3920 dominandi,
911 3834 1128 3930 possidendi,
1152 3835 1274 3902 omnia
1298 3833 1428 3902 exinde
1451 3831 1605 3900 faciendi
1630 3831 1722 3916 quod
1747 3829 1941 3915 volueritis,
1967 3832 2101 3915 absque
2125 3831 2223 3898 omni
2246 3833 2448 3900 contrarie-

595 3985 670 4050 tate
693 3999 772 4051 mea
797 3981 853 4052 vel
876 3983 919 4052 de
942 3985 1030 4051 meis
1053 3984 1218 4053 eredibus
1240 3989 1304 4052 aut
1327 3985 1496 4072 cuiquam
1519 3982 1711 4050 ominibus.
1736 3982 1834 4051 Unde
1850 4000 1912 4068 pro
1937 3981 2220 4050 confirmandam
2245 3987 2281 4050 et
2305 3981 2447 4051 stabili·

590 4095 756 4202 scendam
780 4136 1020 4221 supradictam
1045 4155 1159 4205 meam
1188 4136 1420 4204 vinditionem
1451 4154 1517 4221 ego
1546 4135 1735 4204 iamdictus
1762 4137 1883 4220 petrus
1906 4154 1927 4201 a
1953 4133 2128 4218 presentis
2152 4133 2272 4219 recepi
2296 4152 2319 4202 a
2343 4136 2443 4203 vobis

592 4286 790 4372 supradicti
815 4289 907 4374 petri
932 4295 968 4357 et
990 4291 1153 4358 nucerini
1178 4291 1260 4358 auri
1284 4292 1358 4359 tari
1382 4291 1464 4356 voni
1489 4293 1587 4374 octo,
1612 4287 1705 4354 sicut
1728 4287 1823 4354 inter
1847 4287 1950 4353 nobis
1971 4286 2151 4353 combenit
2176 4284 2214 4350 in
2238 4303 2359 4354 omnes
2386 4287 2445 4356 de-

594 4439 842 4517 liverationem
868 4441 1040 4530 finitoque
1064 4460 1147 4511 vero
1171 4443 1327 4528 pretium
1352 4443 1467 4528 ipsum
1492 4445 1579 4528 aput
1603 4459 1666 4506 nos
1690 4460 1767 4508 eam
1793 4441 1994 4525 rationem,
2019 4458 2082 4526 per
2106 4456 2195 4508 vona
2218 4441 2441 4508 combenien·

589 4595 658 4682 tie,
681 4613 748 4684 ego
772 4597 962 4665 iamdictus
986 4605 1108 4685 petrus
1130 4551 1264 4685 guadia
1280 4598 1378 4664 vobis
1403 4595 1573 4683 predictis
1597 4593 1690 4680 petri
1714 4597 1750 4660 et
1773 4592 1937 4661 nucerini
1963 4591 2060 4659 dedit
2083 4595 2118 4660 et
2134 4591 2365 4660 mediatorem
2385 4608 2442 4658 vo·

588 4745 644 4813 bis
667 4745 784 4832 posuit
807 4747 1004 4835 meipsum3
1029 4751 1091 4818 het
1108 4769 1168 4837 per
1185 4751 1260 4837 ipsa
1284 4749 1419 4837 guadia
1444 4747 1562 4834 obligo
1586 4765 1642 4814 me
1658 4747 1719 4814 het
1743 4747 1831 4812 meis
1853 4745 2045 4812 heredibus
2062 4744 2321 4814 defensandum
2346 4746 2443 4813 vobis

587 4898 783 4986 vestrisque
806 4900 971 4968 eredibus
994 4897 1349 4988 inclitasssupradicta
1372 4905 1494 4970 nostra
1517 4899 1736 4968 bindictione
1760 4900 1806 4966 ab
1831 4915 1951 4966 omnes
1975 4896 2111 4964 omines
2134 4898 2303 4984 omnique
2330 4901 2441 4984 parti-

586 5049 652 5116 bus
674 5055 710 5117 et
732 5069 812 5118 cum
838 5053 916 5120 bice
939 5052 982 5120 de
1005 5055 1062 5120 bie
1086 5071 1171 5139 sue;
1196 5057 1233 5121 et
1254 5053 1398 5141 quando
1423 5051 1607 5120 volueritis
1634 5069 1694 5136 per
1717 5068 1777 5117 vos
1801 5053 1838 5116 et
1868 5067 1931 5135 per
1966 5050 2094 5116 vestris
2128 5047 2320 5135 eredibus,
2359 5049 2441 5118 inde

561 5206 694 5284 ,statis
719 5205 837 5273 autori
861 5212 899 5272 et
921 5206 1109 5294 defensori,
1136 5211 1347 5294 potestatem
1370 5208 1505 5277 abeatis
1529 5204 1607 5274 bioe
1632 5210 1755 5272 nostra
1780 5203 1957 5290 cumipse
1979 5201 2121 5269 cartula
2145 5205 2180 5268 et
2201 5219 2353 5288 cumque
2371 5219 2442 5271 mo·

586 5353 709 5424 nimen
732 5365 768 5424 et
794 5361 968 5446 rationem
991 5377 1079 5446 quas
1102 5360 1185 5427 inde
1208 5362 1315 5428 abere
1340 5357 1543 5446 potueritis,
1569 5359 1607 5424 in
1633 5357 1797 5423 omnibus
1820 5353 1903 5420 inde
1926 5357 2071 5422 causata
2088 5355 2151 5420 het
2176 5353 2282 5420 finem
2308 5353 2438 5436 facite,
2521 5401 2527 5411 .

584 5507 680 5577 sicut
705 5507 838 5594 buitis,
865 5513 904 5576 ut
928 5509 1006 5595 ipsa
1029 5517 1150 5579 nostra
1174 5510 1345 5579 bindictio
1368 5512 1466 5576 vobis
1489 5509 1695 5595 defensetis,
1719 5508 1811 5575 sicut
1834 5524 1944 5592 supra
1970 5505 2116 5592 iegitur.
2142 5503 2290 5591 quodsi
2315 5503 2440 5572 taliter

588 5661 629 5726 ut
653 5661 818 5747 superius
843 5661 990 5748 legitur,
1015 5661 1097 5729 illut
1120 5663 1218 5728 vobis
1241 5665 1438 5749 vestrisque
1460 5661 1627 5730 eredibus
1653 5676 1724 5725 non
1740 5657 2054 5742 defenseberimus‚
2073 5661 2108 5725 et
2130 5657 2172 5725 de
2197 5655 2441 5742 suprascripta

584 5812 707 5879 nostra
731 5811 949 5882 bindictione
973 5814 1310 5901 contradixerimus,
1335 5832 1397 5900 per
1421 5813 1549 5900 quabis
1567 5813 1779 5897 rationibus,
1799 5809 1876 5879 ideo
1900 5828 1964 5898 per
1987 5809 2066 5896 ipsa
2090 5807 2225 5895 guadia
2248 5806 2368 5894 obligo
2385 5823 2442 5875 me
