5456 7096
466 415 475 432 '
602 466 673 542 roa
1233 465 1408 545 uounx
1446 472 1720 547 oivnusrs

553 694 680 782 ruerit,
706 699 741 765 et
766 700 973 767 annualiter
995 701 1078 785 apto
1101 702 1259 787 tempore
1285 703 1361 768 tola
1385 700 1462 786 ipsa
1486 701 1697 770 tradictione
1720 703 1883 769 laborare
1899 703 1935 769 et
1951 700 2109 768 studiare
2125 699 2168 768 de
2184 717 2290 786 super
2304 701 2342 766 et
2358 697 2404 776 de

551 846 687 932 subter,
713 853 753 916 ut
776 866 914 936 semper
938 853 1067 918 bonurn
1091 858 1127 920 et
1151 855 1282 920 bonum
1305 858 1341 922 et
1366 853 1561 939 perlectum
1586 855 1749 940 paruerit
1767 853 1968 922 laboratum
1984 857 2020 920 et
2036 852 2246 938 studiatum,
2263 854 2300 919 et
2318 869 2407 936 qua·

554 995 639 1068 liter
663 1001 793 1070 cotidie
809 1003 1004 1089 proficiand
1028 1007 1064 1070 et
1088 1021 1158 1071 non
1182 1003 1399 1092 dispereant,
1425 1009 1461 1073 et
1483 1008 1628 1072 arbores
1652 1010 1688 1072 et
1710 1008 1800 1074 vites
1825 1005 1954 1073 ibidem
1977 1004 2186 1092 plantarent
2216 1007 2253 1072 et
2276 1022 2407 1091 propa·

553 1153 669 1244 ginet,
696 1156 754 1223 ubi
782 1125 965 1242 meruerit,
990 1165 1025 1226 et
1049 1158 1187 1225 clusum
1212 1156 1291 1226 illut
1314 1161 1446 1226 abeant
1468 1160 1611 1244 bonum,
1636 1162 1673 1225 et
1695 1176 1832 1245 semper
1857 1158 1899 1224 de
1922 1159 1999 1227 arie
2023 1161 2058 1225 et
2081 1157 2124 1225 de
2149 1157 2325 1225 vindemie
2357 1157 2407 1226 ta·

553 1307 653 1380 ciant
678 1311 768 1376 scire
792 1327 876 1396 pars
900 1309 1011 1396 ipsius
1036 1312 1241 1396 monasteri,
1267 1315 1307 1379 ut
1333 1309 1379 1377 ibi
1405 1309 1542 1396 dirigat
1565 1309 1714 1378 missum
1738 1285 1857 1399 suum,
1881 1317 1917 1380 et
1940 1311 1983 1378 de
2001 1315 2205 1397 omniaque
2223 1309 2279 1376 ibi·
2298 1307 2406 1377 semi-

553 1463 746 1550 naberunt,
763 1463 870 1530 deant
887 1461 968 1530 inde
984 1462 1104 1549 ibique
1120 1464 1164 1531 ad
1179 1483 1264 1532 area
1279 1465 1490 1533 terraticum
1508 1465 1701 1532 secundum
1718 1463 2010 1531 consuetudinem
2026 1463 2068 1530 de
2087 1463 2204 1550 ipsum
2223 1461 2352 1547 locum3
2372 1465 2410 1529 et

556 1617 668 1704 ipsum
695 1619 876 1686 arbustum
901 1623 937 1686 et
960 1637 1064 1705 poma
1089 1640 1157 1706 que
1183 1620 1231 1686 ibi
1256 1575 1415 1704 abuerit,
1433 1621 1516 1703 apto
1535 1621 1691 1703 tempore
1705 1616 1842 1684 saciant
1858 1615 1971 1702 salba,
1985 1620 2022 1683 et
2040 1615 2306 1685 rationabiliter
2324 1615 2408 1684 illut

554 1769 786 1858 vindemient,
809 1776 845 1838 ct
868 1789 970 1838 omne
996 1773 1116 1839 vinum
1143 1773 1232 1858 quod
1257 1772 1338 1840 inde
1360 1770 1503 1856 exierit,
1528 1774 1564 1838 et
1588 1771 1665 1856 ipsa
1690 1790 1792 1858 poma
1816 1771 1936 1856 ibique
1964 1772 2009 1839 ad
2049 1771 2270 1858 palmentnm
2310 1770 2407 1838 divi·

555 1927 644 1996 dant
667 1945 732 2013 per
756 1926 991 2010 medietatem,
1017 1929 1052 1992 et
1076 1925 1152 2011 ipsa
1176 1931 1299 1994 nostra
1323 1925 1493 1992 medietas
1516 1925 1558 1992 de
1582 1924 1658 2008 ipso
1675 1922 1796 1991 vinum
1821 1920 1943 2008 ibique
1974 1925 2150 2008 reponant
2187 1920 2224 1984 in
2264 1919 2410 1988 domum

558 2097 659 2146 suam
687 2079 724 2145 in
751 2095 946 2166 organeum
975 2081 1150 2162 nostrum,
1176 2077 1270 2182 qnod
1295 2095 1357 2163 per
1380 2077 1432 2144 eis
1455 2077 1526 2144 fiad
1549 2093 1686 2162 semper
1710 2079 1840 2144 bonum
1864 2076 2061 2146 studiatum
2082 2080 2119 2143 et
2145 2075 2350 2142 conciatum
2375 2077 2412 2143 et

564 2230 702 2300 salbum
728 2231 825 2317 ipsas
850 2231 997 2318 saciant,
1022 2232 1154 2316 absque
1177 2236 1285 2318 genle
1311 2228 1453 2315 publica
1476 2235 1512 2296 et
1537 2229 1632 2317 igne,
1657 2230 1741 2296 dum
1765 2230 1848 2298 inde
1871 2230 2000 2300 tollant
2017 2230 2097 2298 illut
2112 2227 2322 2316 parsipsiue
2340 2245 2414 2296 mo·

561 2387 700 2456 nasteri
727 2391 763 2454 et
785 2386 1039 2474 palmentatioa
1064 2386 1144 2452 inde
1169 2388 1287 2454 deant.
1317 2387 1485 2470 Sequitur
1508 2389 1628 2452 reatus
1650 2388 1691 2451 ut
1714 2385 1755 2450 iri
1773 2385 2013 2468 praecedenti.

609 2509 638 2624 †
664 2559 729 2626 ego
754 2537 927 2606 iohannes
950 2538 1099 2606 clericus
1123 2540 1158 2604 et
1181 2511 1457 2646 advocatorqui
1483 2541 1518 2604 et
1542 2537 1660 2604 scriba
1683 2535 1810 2623 prelati
1837 2535 2028 2606 monasteri
2053 2534 2245 2622 subscripsi

611 2662 641 2777 †
666 2712 731 2778 ego
758 2688 955 2764 romoaldus
978 2712 1032 2758 me
1061 2689 1251 2776 subscripsi

614 2817 644 2932 †
669 2865 734 2930 ego
760 2845 943 2912 dauferius
966 2863 1020 2910 me
1045 2842 1249 2930 subscripsi.

1310 3493 1665 3608 cununxxrx.

1249 3880 1252 3886 ,
1341 3794 1399 3867 Α.
1428 3793 1468 3863 o.
1500 3791 1622 3866 1401.

613 4030 648 4170 †
673 4084 713 4148 ln
737 4079 880 4148 nomine
905 4081 1039 4149 domini
1063 4079 1227 4147 vicesimo
1249 4081 1354 4148 tertio
1377 4097 1473 4146 anno
1501 4079 1724 4165 principatus
1758 4077 1891 4148 salerni
1926 4077 2046 4146 domui
2081 4075 2195 4145 nostri
2231 4077 2418 4164 guaimari

570 4233 717 4321 gloriosi
742 4233 914 4323 principi,
940 4237 984 4302 Et
1010 4236 1115 4303 tertio
1140 4251 1234 4302 anno
1259 4233 1479 4318 principatus
1505 4230 1583 4299 eius
1616 4250 1728 4316 capue
1762 4230 1983 4336 etndueatus
2017 4228 2139 4297 amalfi
2172 4233 2208 4297 et
2242 4229 2418 4315 sirrenti,

569 4404 688 4454 mense
714 4391 876 4473 agustus,
903 4404 999 4454 nona
1023 4386 1230 4453 indictione.
1255 4387 1541 4454 Memoratorium
1565 4385 1698 4453 factum
1722 4405 1744 4453 a
1769 4403 1823 4451 me
1847 4387 1971 4471 petrus
1995 4382 2090 4453 filius
2112 4381 2288 4482 quondam
2307 4384 2421 4469 petri,

568 4557 609 4606 eo
631 4541 724 4627 quod
749 4546 832 4608 ante
856 4539 1049 4626 subscripti
1076 4543 1183 4607 testes
1206 4559 1268 4626 per
1292 4539 1554 4609 combenientia
1578 4541 1624 4610 ad
1646 4541 1839 4609 tenendum
1862 4546 1898 4610 et
1922 4541 2153 4610 lavorandum
2179 4541 2312 4609 tradidi
2340 4541 2421 4608 ade·

567 4692 677 4761 marii
700 4693 851 4760 clericus
874 4699 909 4760 et
933 4693 1110 4761 diaconus
1133 4692 1229 4761 filius
1252 4692 1428 4780 quondam
1453 4691 1626 4779 iohanni,
1650 4698 1686 4762 et
1709 4695 1882 4763 iohannes
1905 4694 2000 4762 tilius
2034 4693 2212 4782 quondam
2248 4693 2422 4764 mallreda

574 4845 636 4931 qui
661 4852 745 4915 sunt
769 4847 941 4915 abitatori
968 4846 1011 4914 de
1035 4845 1150 4914 locum
1177 4848 1340 4934 nucerie,
1363 4849 1441 4918 Una
1463 4847 1622 4918 clusoria
1647 4849 1689 4917 de
1715 4853 1812 4920 terra
1835 4871 1913 4918 mea
1941 4870 2021 4918 cum
2046 4853 2190 4918 arbusto
2213 4853 2249 4916 et
2272 4851 2423 4917 bactrum

571 5003 611 5068 in
638 4999 852 5069 iamdictuni
877 5002 991 5070 locum
1016 5002 1176 5086 nucerie,
1203 5001 1263 5069 ubi
1288 5003 1453 5070 balneum
1477 5003 1622 5091 dicitur,
1648 5007 1771 5073 subtus
1794 5011 1831 5073 et
1854 5006 2053 5092 propinquo
2077 5007 2137 5073 bia
2159 5023 2229 5092 que
2252 5005 2371 5090 pergit
2388 5005 2426 5070 in

571 5171 613 5222 ec
638 5155 734 5222 cives
757 5154 988 5242 salernitane,
1015 5174 1083 5242 que
1108 5161 1162 5224 est
1183 5176 1246 5242 per
1270 5157 1335 5224 hec
1359 5157 1440 5224 finis
1464 5163 1500 5226 et
1524 5159 1714 5225 mensurie.
1741 5161 1771 5226 Α
1795 5179 1879 5246 pars
1903 5159 2051 5227 orientis
2075 5159 2145 5227 fine
2170 5158 2231 5226 bia
2255 5159 2425 5245 publica,

571 5311 657 5376 sunt
675 5308 757 5377 inde
781 5310 874 5395 passi
900 5310 1145 5397 quadraginta
1169 5317 1245 5380 octo
1268 5315 1304 5380 et
1327 5311 1437 5399 palmi
1460 5318 1544 5380 tres.
1571 5313 1601 5379 A
1626 5316 1728 5398 parte
1752 5313 1899 5380 meridie
1924 5314 1993 5379 llne
2017 5313 2135 5380 media
2158 5331 2252 5400 sepe,
2278 5315 2427 5381 suntab

438 5566 440 5572 Ι
574 5465 669 5530 intus
696 5463 774 5550 ipsa
799 5465 904 5531 rebus
928 5481 1016 5551 erga
1040 5465 1117 5550 ipsa
1141 5482 1223 5559 sepe
1241 5464 1333 5551 passi
1368 5467 1497 5552 biginti
1522 5483 1632 5533 unum
1657 5471 1691 5535 et
1724 5467 1890 5534 medium.
1922 5469 1975 5534 Ab
2010 5467 2191 5534 occidente
2226 5467 2298 5535 line
2332 5467 2428 5538 sicut

575 5617 693 5687 media
717 5635 799 5703 sepe
822 5616 1009 5705 discernit,
1035 5623 1119 5686 sunt
1143 5619 1189 5686 ab
1213 5618 1310 5685 intus
1335 5618 1412 5704 ipsa
1435 5621 1540 5686 rebus
1563 5637 1651 5706 erga
1674 5621 1753 5706 ipsa
1776 5638 1857 5707 sepe
1881 5623 1974 5706 passi
2000 5621 2144 5708 biginti,
2162 5627 2197 5691 et
2227 5623 2432 5692 rebolbente

579 5760 619 5830 in
645 5763 722 5849 ipsa
746 5779 828 5847 pare
851 5761 1041 5829 occidentis
1065 5763 1159 5848 passi
1186 5761 1448 5847 quinquaginta
1471 5765 1640 5847 quattuor
1665 5763 1835 5850 usquein
1860 5762 1934 5830 alia
1960 5765 2018 5832 via
2043 5761 2200 5852 publica,
2224 5783 2293 5852 que
2319 5763 2431 5832 estin
