5408 7108
636 485 711 561 leo
1280 481 1455 559 CODEX
1487 481 1752 558 clvunsls

586 729 726 800 sempor
748 712 970 782 defensemus
994 712 1033 780 in
1057 714 1160 800 parte
1182 709 1335 797 predicti
1357 712 1569 783 monasterii
1592 715 1707 781 totum
1730 711 1824 798 illut,
1849 731 1920 800 que
1954 712 2119 799 superius
2142 713 2274 782 ibidem
2300 713 2437 784 iudica·

585 865 714 953 vimus,
737 884 819 934 cum
841 866 918 936 vice
940 865 984 935 de
1006 867 1061 935 rie
1083 882 1146 933 sue
1169 867 1302 932 etcum
1326 864 1402 952 ipso
1425 863 1552 933 mobile
1575 868 1611 933 et
1628 864 1707 951 ipsa
1729 865 1904 934 animalia
1927 864 1973 934 da
1994 883 2115 935 omnes
2139 866 2300 936 homines
2324 868 2436 935 omni·

591 1036 662 1106 que
685 1019 861 1104 partibus:
886 1025 922 1090 et
945 1020 1089 1107 quando
1112 1038 1200 1105 pars
1224 1019 1336 1106 ipsius
1358 1018 1565 1088 monasterii
1589 1017 1672 1087 inde
1696 1037 1759 1104 per
1781 1035 1819 1086 se
1842 1015 1996 1087 boluerit
2027 1019 2103 1086 vice
2127 1023 2249 1088 nostra
2271 1040 2433 1100 causare,

585 1177 798 1264 potestatem
822 1177 935 1245 abead
952 1175 1036 1244 inde
1052 1194 1200 1246 causare
1223 1179 1259 1243 et
1274 1175 1382 1244 linem
1405 1176 1538 1261 facere,
1555 1174 1711 1262 qualiter
1735 1173 1904 1262 boluerit,
1927 1192 2008 1243 cum
2025 1175 2226 1274 munimina
2242 1179 2279 1244 et
2298 1178 2438 1247 ratione

586 1348 657 1417 que
680 1329 764 1399 inde
787 1329 940 1399 abuerit.
967 1332 1069 1417 Nam,
1094 1330 1125 1397 si
1149 1346 1214 1395 nos
1236 1329 1384 1416 predicti
1411 1331 1527 1398 viret
1552 1346 1646 1396 uxor
1670 1329 1790 1398 omnia
1818 1331 2062 1417 suprascripta
2089 1347 2161 1396 non
2190 1329 2437 1417 adimpleberi-

585 1499 665 1548 mus
688 1481 727 1550 in
750 1487 852 1570 parte
876 1481 1023 1570 predicti
1050 1483 1285 1570 monasterii,
1321 1487 1356 1550 et
1381 1481 1514 1569 aliquit
1538 1481 1620 1548 inde
1645 1482 1824 1551 remobere
1848 1486 1912 1548 aut
1933 1481 2176 1550 contradicere
2199 1481 2435 1570 quesierimus

585 1647 649 1699 nos
672 1635 708 1700 et
731 1634 862 1701 nostris
886 1635 1063 1721 eredibus,
1089 1655 1152 1722 per
1176 1636 1247 1704 ista
1275 1634 1411 1723 guadia
1450 1634 1650 1722 obligamus
1681 1651 1745 1702 nos
1775 1641 1811 1704 et
1844 1638 1983 1702 nostros
2012 1635 2136 1704 eredes
2166 1653 2375 1722 componere
2398 1637 2439 1704 in

585 1787 704 1878 ipsum
737 1789 1018 1874 monasterium,
1042 1809 1105 1859 seu
1126 1791 1197 1858 cui·
1212 1792 1310 1857 hunc
1336 1789 1508 1875 scriptum
1535 1788 1732 1857 iudicatum
1770 1788 1809 1855 in
1833 1807 1941 1858 manu
1970 1789 2154 1876 paruerit,
2177 1789 2333 1874 triginta
2356 1790 2439 1858 auri

587 1937 718 2007 solidos
742 1941 987 2010 constantines
1000 1991 1010 2028 ,
1034 1947 1070 2009 et
1093 1960 1133 2010 ec
1156 1943 1278 2012 omnia
1300 1944 1544 2029 suprascripta
1567 1943 1634 2010 leci
1664 1958 1731 2028 ego
1760 1959 1828 2027 que
1859 1959 1968 2028 supra
1991 1940 2120 2009 mulier
2147 1959 2228 2008 cum
2253 1941 2437 2014 boluntate

583 2091 817 2178 suprascripti
841 2091 970 2160 viriet
994 2092 1186 2161 mundoald
1210 2093 1295 2180 mei,
1320 2097 1355 2161 et
1384 2093 1508 2162 taliter
1533 2093 1690 2162 scribere
1718 2093 1925 2181 rogabimus
1949 2099 1984 2162 te
2009 2095 2185 2162 iohannes
2209 2094 2341 2164 scriba.

632 2217 663 2334 †
688 2247 836 2334 Signum
861 2249 1027 2316 iohannis
1050 2247 1171 2316 clerici
1194 2247 1287 2334 quod
1315 2267 1442 2317 manus
1467 2267 1533 2316 sua
1557 2248 1645 2316 fecit

636 2371 668 2488 †
692 2401 841 2489 Signum
865 2420 993 2470 manus
1016 2403 1107 2490 petri
1131 2402 1199 2471 filii
1222 2402 1400 2488 quondam
1426 2402 1593 2470 iohannis

634 2527 665 2644 †
690 2555 840 2642 Signum
863 2574 991 2626 manus
1014 2555 1128 2624 nicole
1155 2554 1221 2622 lilii
1248 2539 1426 2641 quondam
1451 2553 1619 2622 iohannis
1640 2553 1683 2622 de
1706 2552 1886 2621 mirando.

1363 3198 1660 3282 CMXCIX.

1367 3507 1424 3584 A.
1451 3508 1507 3582 D.
1537 3505 1669 3582 1οΗΙ

630 3747 730 3888 †-lu
754 3799 898 3866 nomine
922 3797 1057 3866 domini
1079 3798 1259 3866 Vicesimo
1281 3801 1409 3885 quarto
1432 3816 1528 3867 anno
1552 3798 1775 3886 principatus
1798 3798 1931 3868 salerni
1947 3799 2067 3867 domni
2092 3802 2205 3868 nostri
2232 3801 2436 3872 Guaimarii

581 3952 736 4041 glorioso
759 3954 940 4040 princeps,
958 3959 993 4024 et
1009 3958 1138 4041 quarto
1161 3945 1257 4022 anno
1279 3953 1502 4041 principatus
1525 3952 1602 4019 eius
1616 3970 1740 4038 capue,
1756 3955 1792 4019 et
1809 3951 1958 4020 ducatus
1982 3952 2079 4021 illius
2102 3953 2237 4040 amalfi,
2260 3961 2297 4023 et
2325 3959 2442 4027 tertio

582 4124 680 4176 anno
703 4107 853 4176 ducatus
876 4105 953 4176 eius
968 4109 1139 4193 sirrentu,
1163 4123 1270 4192 quam
1286 4108 1322 4172 et
1339 4105 1452 4191 primo
1475 4121 1570 4173 anno
1587 4105 1736 4172 istorum
1751 4104 2026 4191 principatuum
2050 4110 2086 4174 et
2110 4106 2304 4176 ducatuum
2319 4107 2439 4178 domni

585 4259 708 4347 gisulfi
729 4259 806 4330 eius
829 4262 895 4329 filii
923 4259 1046 4330 eximii
1070 4259 1225 4347 principi
1248 4263 1285 4328 et
1308 4258 1414 4346 duci,
1440 4277 1560 4328 mense
1583 4259 1721 4345 iunius,
1755 4257 1894 4328 decima
1919 4259 2126 4330 indictione.
2145 4263 2214 4329 Nos
2231 4261 2303 4329 sico
2326 4267 2363 4332 et
2384 4281 2444 4351 pe.
2538 4295 2541 4302 λ

589 4414 653 4501 tri,
676 4413 840 4502 germani
866 4419 902 4483 et
925 4413 992 4482 filii
1017 4413 1194 4501 quondam
1216 4411 1358 4514 godeni,
1382 4411 1647 4498 Olaresacimus,
1672 4413 1841 4498 quoniam
1862 4412 1965 4479 nobis
1981 4415 2034 4479 est
2049 4412 2232 4500 pertinens
2249 4418 2358 4486 abere
2381 4435 2436 4485 re-

586 4571 653 4637 bus
676 4588 699 4638 a
721 4569 818 4637 foras
841 4571 936 4637 hanc
959 4567 1220 4637 salernitanam
1243 4567 1424 4635 civitatem
1447 4565 1643 4652 propinquo
1676 4563 1826 4650 ecclesia
1856 4563 1974 4632 sancii
2001 4565 2066 4632 viti
2094 4535 2163 4634 ¹ubi
2197 4569 2360 4639 andrelle
2384 4570 2439 4639 di·

580 4720 691 4808 citur,
717 4739 785 4807 que
809 4723 863 4788 est
885 4724 987 4789 terra
1009 4737 1091 4786 cum
1117 4719 1274 4788 arbustis
1297 4718 1433 4793 vitatis,
1451 4722 1486 4786 et
1501 4723 1554 4786 est
1576 4735 1639 4804 per
1662 4733 1702 4786 as
1724 4718 1813 4785 fines
1839 4721 1876 4784 et
1900 4735 2097 4788 mensuras:
2125 4719 2178 4786 Ab
2201 4721 2339 4790 oriente
2368 4724 2443 4792 line

588 4871 707 4942 media
730 4890 812 4959 sepe
836 4891 904 4960 que
928 4874 1103 4944 discernit
1126 4876 1171 4944 ad
1188 4877 1385 4963 arcaturis,
1410 4874 1503 4942 unde
1525 4874 1685 4943 decurrit
1705 4895 1800 4963 aqua
1821 4877 1868 4945 ad
1883 4880 2015 4949 molina
2039 4881 2153 4948 sancii
2184 4883 2335 4970 georgii,
2360 4881 2443 4951 inda

591 5030 677 5093 sunt
700 5026 796 5112 passi
820 5026 1062 5115 quadraginta
1085 5027 1154 5095 duo
1176 5031 1212 5096 et
1234 5027 1388 5096 medium
1411 5043 1575 5113 passum:
1599 5029 1630 5094 A
1652 5027 1800 5096 meridie
1815 5029 1981 5100 similiter
2004 5031 2075 5100 line
2098 5031 2211 5101 media
2243 5049 2327 5119 sepe
2345 5021 2443 5103 me'n·

589 5183 721 5246 surata
744 5179 791 5247 ab
817 5179 914 5246 intus
939 5181 1016 5266 ipsa
1040 5180 1170 5264 rebus,
1194 5185 1230 5248 et
1254 5179 1337 5248 inde
1360 5185 1444 5248 sunt
1466 5183 1558 5267 passi
1585 5183 1716 5270 viginti
1739 5187 1775 5251 et
1798 5191 1895 5254 tres:
1919 5187 1974 5254 Ab
1997 5187 2178 5258 occidente
2212 5190 2284 5259 fine
2308 5197 2444 5261 nostra·

581 5349 651 5419 que
688 5331 854 5419 germani
879 5333 970 5418 quod
1006 5333 1110 5401 nobis
1143 5333 1423 5428 reserbavimus,
1453 5339 1489 5400 et
1513 5336 1594 5405 inde
1610 5343 1695 5406 sunt
1717 5339 1811 5427 passi
1835 5340 2099 5430 quadraginta:
2132 5347 2163 5412 A
2192 5349 2443 5432 septemtrione

584 5481 658 5552 line
681 5487 846 5554 mansoni
871 5491 908 5556 et
924 5485 1017 5554 leoni
1041 5488 1231 5555 comitibus
1254 5487 1319 5554 lilii
1336 5487 1513 5572 quondam
1536 5494 1698 5561 mansoni
1722 5493 1883 5579 castaldi,
1901 5499 1937 5563 et
1952 5495 2034 5564 inde
2057 5502 2141 5566 sunt
2175 5498 2268 5584 passi
2287 5498 2443 5586 triginta

583 5639 772 5723 quadtuor.
799 5643 926 5712 Totum
952 5646 1196 5710 mensuratum
1219 5641 1264 5711 ad
1288 5657 1392 5727 passo
1415 5640 1518 5711 iusto.
1543 5645 1639 5713 Haec
1656 5662 1737 5712 vero
1760 5645 1918 5733 predicta
1941 5650 2046 5716 rebus
2069 5668 2132 5736 per
2163 5601 2388 5737 supradictas
2403 5652 2443 5724 fl.

581 5806 649 5856 nes
671 5793 707 5857 et
729 5808 915 5860 mensuras
943 5809 1140 5881 congruum
1164 5795 1218 5862 est
1242 5793 1343 5860 nobis
1365 5794 1542 5864 iamdictis
1565 5801 1747 5885 germanis
1771 5801 1934 5871 inclitum
1966 5803 2046 5872 illut
2071 5808 2354 5876 commutationis
2389 5827 2444 5876 or·
