5406 7090
595 474 667 548 290
1242 481 1415 557 OODEX
1451 485 1720 561 GAVENSlS

549 698 710 770 vallones
734 701 948 772 discernunt
970 710 1007 774 et
1030 707 1186 794 qualiter
1211 713 1372 781 66666111
1396 733 1507 802 usque
1531 716 1570 783 in
1595 717 1709 801 ipsam
1732 735 1870 784 serram
1894 716 1937 786 de
1959 717 2146 786 1161116611.
2171 717 2216 786 Et
2238 715 2337 784 dixit
2365 731 2403 784 66

546 852 680 923 habere
702 855 746 924 16
769 860 846 924 6616
872 857 1036 942 partibus
1060 864 1133 928 tres
1157 867 1278 949 partes
1303 865 1344 932 de
1371 885 1442 936 una
1466 869 1568 954 66616
1592 868 1635 935 16
1661 875 1758 937 16116
1782 887 1863 936 6661
1896 871 2042 938 arbusto
2068 870 2112 939 16
2146 869 2221 938 1666
2249 873 2396 958 Angre:

547 1009 632 1074 totis
656 1009 909 1094 suprascriptis
933 1013 1125 1080 mensuriis
1143 1017 1236 1082 iusto
1253 1036 1359 1104 passu
1385 1021 1538 1090 bominis
1562 1025 1788 1091 mensuratis.
1808 1024 1863 1107 Ε1,
1886 1023 1980 1091 61661
2002 1023 2071 1091 sibi
2092 1040 2292 1111 congruum
2315 1025 2399 1111 fuit,

547 1160 623 1247 ipse
646 1163 781 1250 godeni.
801 1182 916 1232 comes
940 1184 1006 1234 666
1030 1167 1211 1236 voluntate
1236 1172 1409 1266 perhanc
1427 1173 1603 1242 cartulam
1621 1173 1659 1243 in
1677 1193 1756 1244 mea
1773 1177 1959 1261 presentia
1976 1175 2136 1244 vendidit
2151 1179 2398 1264 suprascripto

543 1313 637 1384 leoni
662 1319 840 1406 preposito
863 1339 928 1408 616
953 1325 1055 1408 66116
1080 1319 1191 1410 ipsiu's
1215 1327 1425 1396 monasterii
1450 1333 1573 1399 sancte
1596 1334 1631 1398 61
1657 1329 1841 1398 individue
1872 1330 2050 1398 trinitatis
2074 1336 2166 1399 totas
2182 1337 2219 1400 et
2235 1333 2397 1419 integras

542 1471 806 1558 suprascriptas
833 1478 958 1553 sortes,
984 1494 1073 1562 quas
1095 1476 1310 1547 clarificabit
1333 1483 1370 1547 61
1393 1479 1488 1550 dixit
1513 1500 1551 1548 se
1575 1484 1706 1551 habere
1732 1481 1770 1549 in
1803 1483 1971 1550 omnibus
1998 1484 2254 1572 suprascriptis
2278 1488 2396 1572 rebus,

542 1644 624 1694 cum
648 1627 814 1694 omnibus
836 1617 1028 1715 que'intra
1053 1631 1149 1715 ipsas
1172 1633 1286 1701 sortes
1309 1635 1395 1701 sunt
1420 1637 1631 1724 cunctisque
1656 1655 1779 1706 earum
1812 1639 2040 1723 pertinentiis
2074 1647 2110 1709 61
2141 1659 2223 1708 cum
2258 1641 2319 1710 via
2353 1641 2397 1712 16

542 1779 613 1848 viis
632 1798 771 1866 earum,
797 1785 936 1850 etcum
963 1783 1107 1872 integra
1130 1791 1223 1854 sorte
1248 1805 1314 1854 sua
1337 1787 1380 1855 16
1405 1788 1594 1875 paludibus
1617 1790 1928 1878 desuprascripto
1952 1791 2028 1860 loco
2052 1795 2245 1881 valentino,
2268 1813 2314 1863 ea
2338 1813 2397 1864 16-

540 1932 653 2017 tione,
680 1943 719 2004 ut
741 1951 879 2022 semper
902 1936 977 2004 sint
1000 1938 1038 2003 in
1063 1944 1236 2025 potestate
1260 1958 1382 2008 eornm
1407 1940 1468 2028 qui
1495 1947 1643 2028 presunt
1667 1949 1702 2012 61
1726 1948 1898 2031 61661661
1914 1944 2153 2032 suprascripto
2178 1943 2395 2014 monasterio

540 2091 665 2158 sancte
689 2095 724 2157 ct
747 2089 932 2159 individue
956 2091 1135 2162 trinitatis
1159 2099 1194 2160 et
1218 2093 1382 2180 partibus
1406 2096 1521 2182 ipsius
1545 2097 1764 2166 monasterii.
1788 2099 1833 2164 111
1857 2096 1910 2164 1111
1935 2103 1971 2166 61
2006 2115 2090 2184 6616
2126 2100 2239 2184 ipsius
2273 2115 2394 2168 mona·

539 2244 642 2312 sterii
667 2249 874 2330 potestatem
900 2247 1058 2315 habeant
1081 2247 1124 2315 16
1149 2250 1200 2316 616
1224 2251 1340 2318 166616
1364 2250 1456 2337 quod
1483 2251 1671 2318 voluerint.
1696 2253 1860 2336 Tantum,
1877 2251 1960 2318 dum
1978 2252 2091 2321 frater
2115 2269 2240 2320 manso
2272 2269 2395 2323 mona·

536 2397 626 2466 chus
650 2399 762 2485 ipsius
785 2399 877 2468 sacri
902 2402 1111 2469 monasterii
1136 2406 1173 2469 61
1196 2405 1318 2488 661166
1341 2403 1454 2470 116161
1479 2404 1570 2489 6166,
1596 2402 1755 2469 umiliter
1782 2403 1977 2469 monachus
2002 2403 2113 2488 ipsius
2147 2403 2389 2491 monasterii,

536 2550 592 2619 rel
616 2568 710 2620 unus
733 2553 854 2620 exeis
878 2553 1048 2640 vixerint,
1073 2553 1257 2622 licentiam
1282 2556 1439 2624 habeant
1461 2556 1586 2622 tollere
1610 2555 1789 2642 integram
1815 2554 2043 2622 medietatem
2066 2554 2109 2622 de
2144 2554 2271 2623 inclito
2306 2571 2387 2622 666·

539 2703 660 2772 fructu
686 2705 842 2792 ipsarum
867 2725 986 2774 rerum
1011 2727 1116 2794 quas,
1144 2713 1183 2776 ut
1206 2708 1342 2775 dietum
1366 2715 1431 2794 est,
1457 2710 1535 2796 ipse
1557 2709 1687 2796 godeni
1712 2724 1828 2775 comes
1865 2725 1928 2792 pro
1963 2710 2066 2792 parte
2097 2708 2210 2794 ipsius
2243 2708 2391 2776 ecclesie

534 2861 604 2947 ipsi
629 2861 724 2928 leoni
750 2861 921 2930 vendidit.
948 2863 993 2929 Et
1016 2861 1084 2948 ipsi
1110 2881 1233 2931 manso
1255 2869 1292 2931 et
1308 2867 1446 2950 petrus,
1472 2863 1526 2930 vel
1550 2863 1609 2948 qui
1628 2880 1675 2929 ex
1697 2861 1809 2946 ipsius
1825 2861 2078 2947 supervixerit,
2097 2866 2307 2948 potestatem
2324 2865 2389 2934 ha·

534 3014 618 3084 beat
641 3016 685 3084 de
710 3019 788 3103 ipsa
812 3017 1004 3086 medietate
1027 3017 1070 3086 de
1093 3017 1169 3104 ipso
1194 3018 1381 3086 usufructu
1405 3018 1522 3087 facere
1546 3017 1641 3103 quod
1666 3016 1854 3085 voluerint.
1892 3017 1937 3082 Et
1961 3000 2114 3104 Ι6166161
2144 3018 2387 3086 confirmatio·

533 3187 615 3237 nem
639 3171 747 3238 huius
772 3171 988 3238 venditionis
1011 3172 1086 3258 1666
1109 3169 1237 3258 godeni
1263 3189 1393 3246 comes,
1419 3171 1509 3238 dans
1534 3172 1706 3240 maiorem
1743 3175 1882 3258 partem
1908 3172 1975 3258 ipsi
1999 3175 2125 3241 sancto
2151 3173 2387 3259 monasterio,

531 3340 653 3391 amore
678 3325 930 3410 omnipotentis
953 3323 1009 3392 dei
1033 3329 1070 3390 et
1093 3343 1156 3391 sue
1180 3325 1433 3411 redemptionis
1456 3326 1577 3393 anime
1601 3326 1758 3410 suscepit
1781 3326 1827 3393 ab
1851 3325 1925 3411 ipso
1956 3323 2056 3393 leone
2090 3329 2268 3394 statutum
2303 3344 2382 3411 pre·

531 3475 622 3544 tium
645 3474 727 3544 auri
751 3475 881 3542 solidos
905 3479 1049 3544 centum
1074 3477 1230 3564 triginta
1253 3480 1424 3564 quinque,
1449 3495 1600 3563 quorum
1624 3479 1775 3565 quisque
1799 3480 1955 3547 habebat
1980 3485 2122 3548 tarenos
2151 3487 2320 3566 quattuor
2346 3481 2384 3547 in

530 3633 630 3700 omni
653 3630 924 3700 deliberatione.
950 3633 995 3700 Et
1019 3649 1081 3718 per
1105 3632 1425 3718 convenientiam,
1449 3630 1534 3697 dum
1558 3632 1668 3698 etiam
1692 3628 1757 3698 alii
1784 3629 1899 3697 idonei
1936 3630 2099 3699 homines
2135 3631 2377 3716 interessent,

529 3786 667 3872 guadio
691 3786 759 3872 ipsi
784 3786 877 3854 leoni
902 3791 1093 3872 61666116
1118 3785 1228 3872 166166
1252 3784 1458 3853 monasterii
1483 3783 1581 3853 dedit
1604 3792 1640 3852 et
1663 3784 1907 3852 fideiussorem
1930 3785 1962 3852 61
1994 3786 2113 3870 posuit
2146 3784 2312 3852 sitionem
2343 3787 2383 3852 ll-

532 3939 618 4006 lium
643 3939 820 4026 quondam
844 3939 988 4026 godeni.
1015 3941 1146 4026 111661
1172 3941 1288 4027 ipsam
1311 3939 1482 4028 guadiam
1500 3939 1672 4028 obligavit
1697 3955 1734 4005 66
1757 3944 1793 4006 61
1817 3955 1897 4005 6666
1921 3939 2071 4006 heredes
2096 3957 2237 4026 semper
2261 3939 2380 4006 defen-

531 4093 683 4163 161661
708 4095 787 4162 11166
810 4094 871 4179 qui
897 4099 1102 4180 6166611161
1126 4097 1298 4179 61661661
1321 4093 1565 4178 666166611616
1589 4094 1819 4178 monasterio,
1842 4099 1879 4160 61
1907 4092 1951 4160 61
1987 4096 2127 4179 6611661
2163 4092 2276 4180 166166
2312 4109 2383 4159 616

529 4249 679 4318 66616111
705 4248 887 4336 integram
911 4249 1191 4336 suprascriptam
1215 4247 1456 4316 venditionem
1480 4247 1525 4314 ab
1548 4245 1713 4312 omnibus
1735 4245 1942 4312 huminibus
1966 4253 2002 4315 et
2026 4248 2202 4332 partibus.
2236 4247 2282 4315 Et
2317 4244 2383 4314 tri·

529 4403 606 4471 buit
630 4403 696 4489 ipsi
722 4403 812 4469 leoni
840 4401 1037 4479 licentiam,
1063 4407 1104 4470 ut
1128 4399 1269 4486 quando
1293 4420 1377 4487 pars
1402 4401 1514 4487 ipsius
1538 4401 1761 4486 monasterii,
1779 4408 1815 4470 61
1833 4401 1884 4468 1111
1910 4403 1970 4486 qui
1990 4405 2137 4487 presunt
2155 4403 2190 4467 61
2207 4402 2379 4487 61661661

528 4561 774 4645 666166611616
798 4559 1027 4642 monasterio,
1054 4557 1166 4643 ipsam
1191 4555 1430 4624 venditionem
1454 4572 1517 4640 per
1540 4572 1578 4621 se
1601 4553 1790 4622 defendere
1814 4553 2007 4640 voluerint,
2031 4556 2246 4639 potestatem
2269 4555 2379 4622 habe-

529 4715 596 4781 ant
618 4713 785 4778 omnibus
805 4709 916 4776 modis
940 4707 1037 4777 illam
1063 4727 1126 4795 per
1150 4727 1187 4776 se
1211 4708 1411 4795 defendere,
1436 4707 1591 4794 qualiter
1614 4709 1807 4792 voluerint,
1833 4726 1913 4774 cum
1930 4708 2095 4774 omnibus
2120 4706 2381 4776 muniminibus

526 4867 565 4932 61
590 4866 794 4935 rationibus
817 4882 906 4950 quas
930 4863 972 4930 16
995 4883 1040 4932 66
1062 4863 1267 4932 6616161161.
1293 4867 1338 4932 lit
1362 4865 1407 4952 si,
1430 4863 1524 4930 sicut
1546 4860 1711 4948 superius
1734 4859 1910 4946 scriptum
1932 4865 1999 4946 est,
2017 4859 2091 4946 ipse
2108 4859 2235 4947 godeni
2262 4877 2378 4928 comes

526 5021 564 5087 61
589 5018 688 5087 111166
711 5019 859 5089 heredes
882 5019 928 5086 ad
952 5025 1092 5105 partem
1117 5018 1228 5105 ipsius
1252 5016 1473 5100 monasterii,
1490 5019 1527 5082 et
1543 5015 1588 5082 ad
1613 5011 1693 5081 11166
1716 5013 1777 5099 qui
1802 5019 1951 5099 presunt
1984 5020 2019 5081 61
2048 5022 2218 5100 61661661
2253 5033 2381 5102 supra-

526 5173 661 5260 scripto
685 5174 914 5259 monasterio,
940 5188 1012 5238 non
1036 5170 1326 5257 adimpleberint,
1343 5173 1379 5237 et
1395 5167 1656 5254 suprascripta,
1681 5165 1734 5233 vel
1759 5185 1805 5234 ex
1827 5166 1881 5233 eis
1903 5165 2096 5254 quicquam
2121 5185 2292 5236 renovare
2315 5174 2381 5237 aut

529 5325 778 5396 contradicere
802 5323 1099 5412 presumpserint,
1124 5340 1186 5410 per
1211 5323 1324 5409 ipsam
1349 5323 1517 5410 guadiam
1542 5321 1716 5410 obligavit
1738 5340 1776 5390 se
1805 5327 1841 5392 61
1874 5341 1956 5392 6666
1983 5322 2130 5390 heredes
2165 5339 2377 5410 componere

526 5477 572 5547 ad
596 5485 736 5565 partem
762 5475 874 5564 ipsius
897 5474 1121 5562 monasterii,
1138 5476 1233 5543 etad
1258 5475 1335 5543 11166
1359 5477 1420 5562 qui
1446 5484 1596 5563 presunt
1618 5481 1655 5546 et
1679 5481 1850 5562 preerunt
1865 5475 1934 5563 ipsi
1952 5477 2179 5561 monasterio,
2197 5477 2375 5565 quingen·

524 5631 572 5700 tis
594 5631 677 5701 auri
701 5631 831 5699 solidos
854 5631 1175 5701 constantinianas.
1202 5631 1451 5698 Veruntamen
1477 5631 1551 5716 ipse
1573 5631 1703 5718 godeni
1728 5649 1844 5698 comes
1881 5633 1918 5698 in
1954 5631 2202 5716 suprascripta
2238 5631 2380 5700 ratione

523 5783 686 5852 vendidit
708 5783 776 5870 ipsi
803 5783 898 5852 leoni
923 5781 1102 5872 integram
1126 5788 1257 5853 sortem
1281 5803 1384 5853 suam
1407 5785 1451 5853 de
1475 5785 1633 5871 16661116,
1649 5803 1719 5872 que
1736 5789 1821 5854 sunt
1845 5785 1882 5852 in
1907 5773 2150 5872 suprascripto
2173 5784 2248 5854 loco
2273 5803 2384 5856 nuce·
