5408 7108
610 482 678 558 198
1243 488 1421 565 OODEX
1461 489 1734 566 clvullsls

557 713 731 799 pergente
755 710 795 780 in
820 716 922 800 parte
945 713 1094 786 orientis
1116 735 1227 805 usque
1250 717 1297 788 ad
1320 715 1402 787 illut
1423 717 1516 805 quod
1532 717 1632 786 vobis
1656 677 1826 806 predictis
1850 717 2037 789 comitibus
2068 719 2232 806 superius
2256 717 2408 816 tradidi·

555 879 647 952 mus,
685 863 768 934 inde
790 869 875 936 sunt
897 866 992 952 passi
1018 867 1148 956 viginti
1170 873 1254 938 tres:
1280 871 1310 938 A
1334 869 1585 957 septemtrione
1607 869 1678 937 dne
1700 867 1797 957 illut,
1822 869 1915 957 quod
1939 867 2043 938 nobis
2066 869 2231 957 superius
2253 868 2292 936 in
2317 885 2410 937 com-
2503 881 2509 900 “

555 1019 798 1088 mutationem
821 1018 1034 1108 tradidistis,
1060 1021 1289 1108 incipientem
1306 1022 1352 1092 ad
1375 1023 1453 1108 ipsa
1475 1023 1538 1090 uia
1555 1026 1798 1091 mensuratum
1819 1021 1859 1089 in
1875 1020 1953 1108 ipsa
1969 1038 2053 1108 pars
2077 1019 2227 1089 orientis
2244 1038 2307 1106 per
2325 1021 2402 1108 ipsa

562 1167 633 1236 tine
656 1169 820 1238 similiter
845 1190 957 1258 usque
982 1171 1027 1244 ad
1053 1172 1152 1260 illut,
1177 1173 1268 1260 quod
1290 1175 1454 1260 superius
1476 1173 1575 1242 vobis
1609 1174 1861 1262 suprascriptis
1883 1171 2074 1242 comitibus
2105 1172 2345 1262 tradidimus,
2368 1178 2406 1243 et

565 1323 620 1389 est
644 1320 728 1391 inde
751 1322 848 1409 passi
870 1323 1003 1411 viginti
1028 1341 1092 1394 sex
1125 1329 1370 1396 mensuratum
1392 1325 1438 1396 ad
1471 1327 1715 1416 supradictum
1745 1345 1900 1417 passum.
1937 1331 1974 1398 ot
2003 1325 2127 1397 taliter
2159 1327 2317 1396 scribere
2353 1343 2410 1394 ro-

555 1474 727 1560 gavimus
750 1478 786 1545 te
809 1474 982 1548 iohannes
1005 1477 1137 1548 scriba.

603 1598 635 1716 †
661 1628 736 1717 Ego
759 1629 821 1717 qui
845 1648 955 1718 supra
978 1636 1119 1703 amatus
1143 1633 1262 1703 iudex.

1435 2290 1511 2370 M.

1334 2583 1391 2658 A.
1420 2582 1475 2658 D.
1505 2581 1636 2660 1042.

601 2841 633 2958 †
657 2871 697 2936 ln
722 2870 867 2939 nomine
890 2871 1025 2939 domini
1051 2869 1218 2938 vicesimo
1242 2873 1369 2956 quarto
1393 2887 1488 2938 anno
1511 2871 1735 2958 principatus
1767 2871 1899 2941 salerni
1926 2872 2046 2941 domui
2079 2875 2194 2942 nostri
2217 2874 2404 2945 Guaimari

555 3023 702 3114 gloriosi
726 3025 911 3112 principie,
936 3027 981 3093 Et
1003 3030 1131 3110 quarto
1155 3041 1251 3092 anno
1274 3024 1497 3114 principatus
1520 3029 1597 3095 eius
1620 3027 1738 3115 Gapue
1761 3033 1797 3096 et
1818 3024 1969 3097 ducatus
1999 3027 2100 3096 illius
2123 3026 2258 3118 amalfi,
2274 3031 2312 3098 et
2333 3033 2404 3100 tor·

442 3191 452 3204 '
552 3180 605 3248 tio
630 3196 727 3247 anno
750 3178 898 3247 ducatus
922 3176 999 3246 eius
1016 3178 1207 3264 syrrenti,
1232 3179 1276 3245 Et
1299 3179 1414 3264 primo
1437 3197 1532 3247 anno
1555 3179 1833 3267 subscriptorum
1856 3181 2127 3269 principatuum
2145 3185 2181 3250 et
2204 3181 2400 3251 ducatuum

550 3335 672 3404 domni
695 3333 816 3423 gisulfi
838 3332 970 3402 eximio
995 3331 1158 3420 princeps
1173 3336 1210 3401 et
1225 3331 1300 3399 dux
1323 3331 1397 3398 filio
1420 3333 1519 3420 eius,
1545 3351 1664 3402 mense
1689 3335 1822 3419 iunius,
1839 3331 1977 3401 decima
1995 3331 2201 3402 indictione.
2223 3333 2298 3419 Ego
2321 3332 2402 3402 ian-

549 3487 679 3558 uanius
702 3490 814 3560 abbas
836 3486 983 3558 ecclesie
1006 3489 1119 3558 sancti
1137 3489 1356 3576 grammatii,
1373 3510 1440 3578 que
1459 3491 1530 3560 sita
1546 3494 1599 3559 est
1617 3492 1715 3559 intus
1731 3509 1800 3558 auc
1816 3489 2078 3559 salernitanam
2092 3467 2289 3575 civitatem,
2304 3488 2402 3558 Ante

548 3640 771 3730 grimoaldus
794 3660 910 3710 comes
932 3645 968 3709 et
992 3642 1099 3711 iudex
1114 3647 1151 3710 et
1167 3641 1248 3710 aliis
1271 3642 1408 3710 idoneis
1431 3643 1608 3711 ominibus
1624 3643 1815 3711 coniuntus
1837 3659 1915 3709 sum
1939 3661 2021 3711 cum
2044 3641 2196 3710 alterius
2218 3643 2333 3712 abbas
2349 3657 2405 3710 oc·

551 3793 658 3863 clesie
681 3793 797 3864 sancti
820 3794 970 3863 maximi
996 3796 1141 3881 propter
1163 3814 1294 3882 aquam
1317 3814 1385 3883 que
1409 3795 1567 3863 decurrit
1589 3795 1633 3864 ad
1658 3795 1824 3865 valueum
1840 3795 1955 3882 ipsius
1979 3795 2125 3864 ecclesie
2141 3796 2256 3865 sancti
2272 3814 2397 3883 gram·

549 3948 666 4035 matii,
692 3965 801 4035 quam
823 3950 858 4016 et
882 3951 1036 4034 emptam
1060 3951 1168 4018 habet
1191 3968 1273 4036 pers
1299 3948 1409 4036 ipsius
1433 3949 1580 4018 ecclesie
1597 3949 1714 4017 sancti
1737 3947 1947 4038 grammatii
1965 3949 2011 4020 da
2027 3949 2279 4019 constantinus
2302 3949 2399 4019 filius

548 4100 727 4187 quondam
751 4099 860 4168 leonis
884 4099 1037 4188 fagilla,
1062 4107 1102 4170 ut
1124 4120 1186 4186 per
1209 4102 1472 4171 combenientia
1495 4102 1581 4171 dare
1602 4120 1669 4190 ego
1692 4103 1739 4171 ad
1763 4104 1880 4190 ipsum
1918 4103 2023 4174 alleri
2047 4104 2179 4172 abbate
2203 4120 2267 4191 pro
2291 4105 2400 4191 parte

549 4257 665 4345 ipsius
689 4256 837 4327 ecclesie
859 4258 975 4325 sancti
1000 4258 1150 4326 maximi
1174 4257 1217 4325 de
1239 4257 1317 4344 ipsa
1335 4275 1429 4344 aqua
1444 4256 1489 4325 ad
1505 4256 1584 4343 ipsa
1601 4255 1720 4329 fistula
1736 4273 1847 4324 unum
1871 4255 2003 4323 iustum
2021 4253 2233 4344 policarium
2251 4273 2397 4322 manum

548 4413 716 4500 hominis,
741 4418 781 4481 ut
806 4413 902 4481 omni
929 4418 1087 4504 tempore
1110 4412 1284 4483 decurrad
1308 4411 1353 4480 ad
1378 4412 1455 4499 ipsa
1478 4411 1628 4480 ecclesia
1651 4409 1767 4480 sancti
1792 4409 1954 4496 maximi,
1977 4415 2013 4478 et
2037 4409 2238 4480 faciendum
2255 4409 2298 4478 de
2318 4408 2398 4496 ipsa

548 4572 669 4656 haqua
692 4586 775 4656 pars
799 4568 911 4655 ipsius
936 4567 1084 4637 ecclesie
1107 4565 1223 4636 sancti
1247 4565 1397 4633 maximi
1421 4563 1542 4661 omnia
1558 4564 1651 4650 quod
1674 4562 1840 4631 volucrit.
1860 4565 1916 4650 Et,
1934 4562 2027 4630 sicut
2043 4567 2235 4650 utrumque
2259 4563 2398 4632 combe-

547 4725 615 4812 nit,
633 4729 717 4793 ante
733 4723 893 4810 predicto
916 4741 1031 4790 comes
1055 4727 1090 4790 et
1113 4720 1221 4789 iudex
1236 4723 1271 4787 et
1285 4718 1355 4805 ipsi
1378 4719 1526 4808 ydoneis
1549 4703 1739 4806 ominibus,
1764 4719 1887 4787 statim
1911 4717 2029 4804 recepi
2060 4719 2106 4785 ab
2135 4717 2255 4804 ipsum
2287 4716 2392 4788 alieri

548 4878 673 4949 abbati
696 4875 827 4964 viginti
852 4877 953 4944 aurei
977 4875 1047 4944 tari
1072 4875 1154 4943 boni
1181 4874 1385 4942 faciendum
1410 4874 1501 4961 quod
1525 4873 1682 4960 voluero,
1698 4876 1735 4941 et
1751 4891 1816 4961 ego
1831 4877 1867 4941 ct
1882 4891 2102 4942 successores
2118 4891 2225 4961 meos,
2250 4878 2287 4944 et
2311 4891 2396 4961 pars

550 5033 662 5119 ipsius
685 5031 830 5100 ecclesie
854 5033 969 5100 sancti
992 4991 1165 5118 gramatii
1191 5029 1354 5097 stetimus
1376 5029 1472 5094 omni
1496 5019 1653 5112 tem'pore
1675 5025 1761 5094 dare
1785 5026 1830 5094 ad
1856 5044 1939 5113 pars
1962 5025 2076 5113 ipsius
2106 5026 2254 5096 ecclesie
2278 5027 2396 5096 sancti

548 5185 699 5255 maximi
724 5186 802 5270 ipsa
824 5205 917 5273 aqua
941 5187 984 5255 de
1007 5201 1119 5252 unum
1144 5185 1236 5282 iusto
1260 5181 1484 5271 pollicarium
1514 5199 1660 5250 manum
1693 5178 1822 5247 ominis
1851 5179 1898 5250 ad
1921 5181 2000 5267 ipsa
2030 5178 2184 5268 fistula,
2207 5184 2244 5248 et
2259 5177 2397 5267 ,abinde

547 5360 634 5429 pars
658 5339 771 5428 ipsius
795 5327 941 5432 ecclesie
965 5339 1079 5409 sancti
1104 5339 1254 5408 maximi
1278 5340 1393 5425 portet
1410 5336 1487 5422 ipsa
1502 5352 1607 5418 aqua,
1632 5331 1803 5418 quomodo
1828 5329 1993 5420 voluerit,
2009 5335 2045 5400 et
2067 5333 2182 5401 iaciat
2200 5332 2281 5400 iude
2296 5331 2389 5418 quod

545 5495 711 5563 voluerit.
738 5495 783 5562 Et
805 5491 922 5579 obligo
944 5509 1000 5560 me
1024 5491 1183 5577 meisque
1208 5503 1428 5557 successores
1450 5489 1486 5553 et
1510 5505 1594 5574 pars
1618 5485 1732 5572 ipsius
1757 5482 1905 5555 ecclesie
1927 5485 2041 5553 sancti
2059 5485 2236 5572 gramatii
2252 5501 2393 5570 sempor

546 5646 801 5718 defensandum
826 5648 864 5714 in
887 5663 970 5734 pars
993 5599 1106 5731 ipsius
1129 5643 1276 5713 ecclesie
1299 5641 1415 5710 suncti
1440 5640 1589 5710 maximi
1606 5642 1686 5728 ipsa
1701 5659 1796 5727 aqua
1812 5640 1882 5708 hab
1899 5639 2064 5706 omnibus
2081 5639 2261 5710 ominibus
2278 5636 2399 5704 omni·

545 5823 615 5895 que
638 5801 815 5891 partibus.
840 5803 1004 5888 Tantum,
1028 5799 1058 5868 si
1075 5803 1226 5886 parutus
1250 5797 1376 5883 suerit,
1393 5797 1433 5862 ut
1450 5811 1513 5881 per
1525 5765 1693 5861 virtutem
1710 5789 1906 5879 reipublice
1922 5790 2015 5860 tulta
2039 5789 2149 5858 tuerit
2164 5787 2208 5858 de
2221 5789 2397 5875 potestate
