5456 7096
1051 477 1463 556 [thLOMATIOUS
2070 479 2137 554 tlt

337 711 374 778 et
399 683 614 777 tradidimus
638 705 672 775 ei
696 707 852 776 sortione
876 707 918 775 de
942 705 1014 774 alia
1039 708 1143 775 rebus
1164 707 1225 792 qul
1253 703 1371 792 ibique
1404 709 1613 776 coniuntum
1647 711 1701 776 est
1723 709 1962 793 pertinentem
1985 707 2030 776 ad
2055 727 2181 796 supra·

339 861 512 948 scriptum
536 860 791 928 monasterium
815 861 851 926 et
873 857 985 944 ipsius
1008 876 1157 946 gemme,
1182 859 1246 928 tali
1270 859 1385 927 tinore
1409 859 1491 928 illut
1513 859 1547 927 ei
1572 857 1794 945 tradidimus,
1821 862 1861 926 ut
1884 857 2009 926 amodo
2034 861 2070 925 et
2094 876 2183 926 sem·

337 1030 400 1098 per
424 1010 509 1078 illut
532 1009 738 1079 annualiter
761 1011 844 1095 apto
866 1013 1021 1095 tempore
1044 1011 1118 1095 ipse
1142 1014 1178 1078 et
1199 1028 1281 1078 suos
1304 1011 1452 1079 heredes
1476 1011 1555 1097 ipsa
1578 1009 1775 1078 medietate
1802 1009 1936 1079 debead
1960 1011 2127 1079 laborare
2149 1015 2185 1079 et

255 1151 258 1156 ⁵
338 1169 492 1257 cultare,
516 1175 557 1239 ut
579 1189 716 1257 semper
739 1173 832 1238 bona
854 1171 891 1235 et
905 1170 1062 1254 perlecta
1078 1152 1211 1252 paread
1229 1166 1402 1253 laborata,
1419 1171 1456 1234 et
1473 1167 1663 1242 seminata,
1684 1169 1720 1232 et
1736 1163 1908 1248 studiata,
1926 1167 1962 1232 et
1977 1179 2117 1229 ornnem
2133 1163 2186 1233 la-

341 1323 425 1389 bore
451 1318 572 1408 ibique
595 1320 639 1389 ad
664 1339 749 1389 area
774 1317 993 1404 recolligere,
1016 1323 1052 1386 et
1072 1319 1246 1404 adunare,
1271 1323 1306 1388 et
1329 1319 1506 1398 tritulare,
1532 1324 1568 1386 et
1592 1273 1833 1404 ventitaraet
1848 1316 1890 1384 de
1908 1317 2029 1384 omnia
2046 1335 2114 1403 que
2132 1316 2184 1384 ibi

335 1472 604 1542 seminaberint
617 1523 627 1558 ‚
656 1472 764 1540 deant
787 1473 908 1558 ibique
931 1473 1141 1540 terraticum
1164 1471 1209 1540 ad
1232 1471 1378 1538 missum
1401 1475 1561 1539 nostrum
1584 1470 1779 1538 secundum
1805 1473 2023 1540 consuetudo
2047 1472 2090 1540 de
2114 1473 2187 1544 ista

336 1628 439 1709 parte
463 1623 539 1709 ipso
562 1624 705 1710 flumen3
730 1629 766 1692 et
788 1624 819 1690 si
843 1626 880 1689 in
906 1627 983 1710 ipsa
1006 1622 1199 1693 traditione
1223 1630 1410 1711 pastenare
1433 1627 1614 1711 potuerint
1637 1627 1784 1693 arbores
1807 1631 1843 1694 et
1868 1625 1972 1711 vites,
1999 1625 2111 1695 licead
2129 1628 2183 1697 eis

336 1776 386 1842 ibi
411 1782 597 1862 pastenare
620 1781 656 1844 et
680 1778 866 1843 arbustum
888 1775 939 1842 ibi
963 1775 1139 1863 facere,et
1162 1795 1185 1843 a
1208 1794 1276 1862 quo
1301 1781 1449 1860 parutus
1474 1775 1582 1844 inerit
1607 1781 1645 1843 ut
1669 1776 1791 1843 vinum
1818 1776 1904 1842 inde
1927 1781 2047 1861 exeat,
2072 1774 2181 1844 deant
2231 1842 2233 1844 ,

335 1928 419 1997 inde
443 1929 668 1997 medietatem
692 1927 812 2014 ibique
837 1929 882 1998 ad
906 1929 1125 2032 palnrentum
1150 1929 1196 1997 ad
1219 1891 1365 1995 missum
1389 1931 1561 2013 nostrum,
1577 1933 1613 1996 et
1630 1927 1707 2014 ipsa
1724 1933 1848 1996 nostra
1870 1927 2064 1995 medietate
2081 1947 2181 2015 repo·

335 2087 427 2152 nant
452 2085 490 2151 in
512 2101 708 2171 organeum
732 2085 793 2169 qui
817 2084 849 2151 ei
878 2083 1144 2169 assignaberint
1166 2100 1249 2167 pars
1273 2081 1384 2166 ipsius
1408 2079 1630 2165 monasterii,
1655 2083 1691 2146 et
1714 2077 1832 2146 saciad
1859 2077 1940 2145 illut
1963 2078 2103 2145 salbum
2128 2077 2184 2142 in·

336 2240 396 2304 tus
421 2236 561 2304 domum
585 2253 686 2303 suam
710 2236 844 2321 absque
859 2221 952 2321 'igne
979 2239 1015 2303 et
1036 2233 1232 2320 generatio,
1256 2233 1366 2300 donec
1390 2231 1471 2299 inde
1495 2231 1597 2299 tollat
1620 2231 1768 2298 missum
1786 2233 1899 2316 ipsius
1917 2227 2128 2298 monasterii
2150 2232 2188 2296 et

337 2386 452 2472 ipsius
474 2403 625 2473 gemme,
638 2391 675 2454 et
698 2386 951 2472 palmentatica
973 2385 1057 2453 inde
1079 2386 1185 2454 deant
1207 2391 1241 2451 et
1265 2401 1402 2469 semper
1425 2383 1468 2450 de
1491 2385 1567 2450 aire
1591 2389 1626 2450 et
1649 2383 1692 2450 de
1718 2383 1896 2450 vindemie
1921 2383 2062 2451 faciant
2084 2386 2179 2452 scire

340 2552 423 2620 pars
447 2536 560 2621 ipsius
584 2537 788 2604 monasterii
810 2541 847 2604 et
869 2537 980 2622 ipsius
1002 2553 1153 2623 gemme,
1178 2541 1217 2602 ut
1240 2535 1403 2621 dirigant
1426 2536 1573 2603 missum
1597 2554 1700 2602 suum
1728 2552 1790 2620 pro
1814 2537 1891 2622 ipso
1916 2537 2127 2604 terraticum
2143 2545 2180 2605 et

334 2665 559 2772 ipso'vinum‚
573 2688 702 2756 etdum
721 2689 768 2756 ibi
786 2688 928 2756 steterit
945 2691 1059 2774 ipsum
1077 2687 1235 2774 missum,
1251 2688 1403 2756 debeant
1418 2691 1614 2774 nutricare,
1633 2693 1671 2755 ut
1690 2690 1822 2755 iustum
1838 2689 1959 2774 inerit,
1984 2695 2021 2757 et
2043 2709 2174 2777 equum

336 2858 466 2926 suum,
490 2844 526 2908 et
548 2839 578 2908 si
602 2844 793 2927 pastenare
826 2858 898 2908 uon
921 2841 1131 2928 potuerint,
1157 2859 1226 2908 non
1251 2841 1347 2910 siant
1371 2841 1452 2910 inde
1476 2840 1686 2928 culpabiles.
1723 2843 1823 2911 Unde
1848 2844 1886 2910 in
1912 2861 1952 2910 eo
1978 2843 2092 2910 tinore
2117 2863 2179 2930 per

334 2992 584 3061 convenientia
606 2992 741 3081 guadia
765 2995 865 3062 nobis
887 2993 983 3062 dedit
1009 2996 1082 3080 ipse
1106 2999 1291 3080 petrones
1314 2994 1555 3063 fideiussorem
1581 2996 1684 3062 nobis
1708 2997 1827 3082 posuit
1852 2999 2008 3083 seipsum
2031 3015 2093 3084 per
2118 3017 2179 3084 ap-

336 3142 452 3229 posita
474 3143 626 3231 pignera
639 3165 649 3231 ;
673 3150 708 3212 et
732 3163 795 3233 per
817 3148 895 3231 ipsa
917 3147 1050 3232 guadia
1073 3147 1245 3234 obligavit
1267 3167 1303 3218 se
1328 3151 1403 3237 ipse
1426 3155 1550 3236 petrus
1574 3155 1610 3220 et
1633 3168 1714 3219 suos
1737 3151 1914 3239 heroda,
1940 3157 1979 3220 ut
2001 3151 2031 3218 si
2056 3153 2178 3220 omnia

334 3297 579 3383 suprascripta
602 3315 672 3364 non
697 3298 945 3386 adimpleberit
967 3305 1002 3369 et
1024 3299 1154 3386 aliquit
1178 3303 1260 3370 inde
1284 3301 1561 3390 contradixerit,
1583 3308 1669 3371 tunc
1693 3321 1756 3390 per
1783 3305 1860 3388 ipsa
1884 3304 2018 3390 guadio
2043 3320 2181 3388 compo·

334 3466 420 3518 nere
444 3451 616 3539 obligavit
639 3470 676 3519 se
699 3459 734 3522 et
757 3471 839 3520 suos
862 3454 985 3523 eredes
1009 3455 1047 3522 in
1073 3461 1172 3540 parte
1197 3455 1309 3542 ipsius
1334 3455 1540 3525 monasterii
1565 3462 1600 3524 et
1624 3455 1737 3542 ipsius
1761 3475 1900 3541 gemme
1929 3459 2048 3524 decern
2072 3455 2178 3525 solidi
2303 3481 2307 3488 ¹

333 3605 437 3674 aurei
463 3606 695 3694 constantini,
721 3613 756 3675 et
779 3608 857 3694 ipsa
882 3607 1071 3678 traditione
1096 3609 1234 3678 relaxet
1257 3609 1294 3676 in
1321 3613 1496 3694 potestate
1522 3610 1635 3695 ipsius
1658 3611 1865 3678 monasterii
1889 3616 1925 3678 et
1943 3611 2055 3696 ipsius
2078 3630 2178 3698 gern-

333 3776 404 3846 me,
428 3762 520 3847 quod
545 3761 670 3846 scripsi
694 3777 760 3848 ego
784 3762 958 3830 iohannes
982 3759 1132 3828 clericus
1155 3765 1191 3830 et
1214 3761 1402 3830 advocator
1425 3761 1486 3848 qui
1510 3765 1547 3828 et
1570 3763 1689 3828 scriba
1714 3760 1841 3846 prelati
1867 3759 2089 3828 monasterii.

385 3887 415 4003 †
439 3917 515 4004 Ego
538 3935 643 3986 ursus
665 3937 720 3987 me
744 3917 940 4004 subscripsi

380 4040 411 4155 †
436 4071 512 4157 Ego
534 4071 675 4140 alfanus
699 4089 754 4140 ms
777 4070 985 4158 subscripsi.

1122 4625 1394 4707 CMLXX·

1112 4890 1168 4964 Α.
1195 4890 1248 4963 n.
1276 4885 1398 4962 1041.
1512 4895 1514 4900 ¹

377 5102 411 5233 Τ
435 5146 475 5211 ln
498 5146 641 5213 nomine
663 5143 800 5212 domini
822 5142 1003 5212 vicesimo
1038 5145 1145 5212 tertio
1168 5161 1262 5212 anno
1285 5145 1510 5230 principatus
1533 5145 1667 5212 salerni
1699 5118 1817 5211 domni
1843 5149 1955 5214 nostri
1979 5145 2173 5232 guaimarii

329 5297 485 5386 glorioso
507 5298 662 5384 princes
678 5299 715 5365 et
729 5295 836 5364 tertio
849 5311 946 5364 anno
962 5293 1186 5382 principatus
1201 5295 1279 5364 eius
1294 5313 1418 5382 capue,
1436 5299 1472 5364 et
1488 5295 1643 5364 secundo
1659 5315 1757 5366 anno
1773 5297 1925 5367 ducatus
1942 5297 2042 5366 illius
2057 5295 2178 5394 arnalii

329 5459 365 5522 et
387 5457 569 5540 sorrentu,
592 5468 712 5520 mense
733 5449 948 5534 februarius,
972 5465 1069 5518 nona
1093 5447 1297 5517 indictione.
1325 5449 1615 5517 Memoratorium
1634 5447 1769 5518 facturn
1787 5469 1809 5518 a
1827 5451 1930 5519 nobis
1948 5449 2124 5519 desiderio
2140 5455 2176 5520 et

330 5607 503 5676 iohannes
525 5604 671 5673 comites
694 5601 836 5691 palatii,
859 5601 920 5689 qui
938 5618 1062 5668 sumus
1077 5601 1241 5688 germani
1258 5603 1294 5669 et
1310 5599 1376 5670 filii
1394 5600 1572 5700 quondam
1589 5602 1743 5689 iaquinti
1761 5601 1902 5671 comitis
1920 5603 2060 5690 palatii,
2074 5603 2171 5673 Ante

260 5849 265 5858 ¹
330 5762 510 5847 presentia
547 5755 737 5846 grimoaldi
776 5755 893 5825 comiti
918 5760 953 5824 et
975 5754 1085 5823 iudici
1110 5755 1276 5823 coniunti
1300 5774 1421 5824 sumus
1444 5755 1489 5824 ad
1514 5759 1643 5825 bonam
1669 5756 1933 5826 combenieutia
1956 5775 2038 5825 cum
2064 5756 2171 5826 lando
