5402 7088
992 449 1410 528 nruuouarrous
1887 401 1890 408 ’
2019 453 2061 525 51

266 683 350 751 dum
375 685 511 770 quante
537 637 773 772 boluerimus,
802 686 839 751 et
863 683 1043 754 animaliis
1066 686 1193 752 nostris
1216 701 1278 770 per
1301 671 1496 770 partes'ibi
1521 679 1796 766 adaquandum3
1826 686 1861 748 et
1884 679 1929 747 da
1953 680 2035 748 indo
2061 700 2115 750 re·

269 833 433 902 bolbente
456 837 491 902 st
512 834 743 904 descendente
767 853 829 922 per
853 837 928 922 ipso
945 836 1085 904 ballone
1109 837 1147 902 in
1171 841 1273 922 parte
1297 834 1492 902 occidentis
1508 841 1544 903 et
1560 837 1802 920 coniungente
1828 834 1865 898 in
1891 835 1970 919 ipsa
1994 835 2114 920 priore

273 991 367 1054 sorte
391 987 474 1076 inde
497 991 581 1054 sunt
605 987 696 1072 passi
723 991 865 1056 centum
890 987 1019 1076 biginti
1044 988 1219 1108 quadluor
1244 995 1279 1056 et
1301 990 1429 1076 guvitu
1457 1007 1558 1074 unu3
1591 993 1627 1056 et
1657 990 1704 1056 ab
1729 989 1811 1056 inde
1835 989 2039 1055 rebolbente
2070 988 2117 1055 da

168 1215 172 1222 ,
268 1141 382 1210 modio
407 1139 482 1228 ipso
507 1141 645 1210 ballone
670 1141 826 1230 inperio
850 1143 950 1230 quasi
976 1101 1125 1211 meridie
1150 1145 1245 1210 iusta
1270 1141 1347 1229 ipsa
1363 1143 1480 1229 priore
1503 1145 1597 1208 sorte
1621 1147 1656 1209 et
1673 1142 1912 1229 coniungente
1938 1140 2111 1226 inpriore

268 1295 339 1360 fine
362 1251 444 1362 inde
460 1264 562 1380 ‘passi
586 1297 794 1382 octuaginta
817 1300 937 1382 seple3
971 1300 1006 1364 et
1036 1297 1073 1362 iu
1099 1298 1169 1364 ista
1192 1301 1285 1364 sorte
1318 1295 1467 1363 adiunta
1498 1298 1552 1361 est
1577 1295 1654 1379 ipsa
1678 1295 1883 1380 supradicta
1913 1295 2050 1380 peciola
2073 1296 2117 1365 de

269 1449 372 1514 terra
396 1465 474 1514 cum
501 1449 618 1536 vinea,
642 1447 701 1533 qul
727 1447 770 1515 de
795 1465 867 1515 una
890 1453 993 1534 parte
1017 1449 1188 1516 coniunta
1212 1448 1331 1516 estad
1355 1449 1536 1534 pastinum
1562 1468 1622 1534 per
1648 1449 1725 1534 ipsa
1754 1449 1948 1533 mensoria,
1974 1468 2041 1534 que
2059 1469 2117 1519 su·

203 1635 204 1638 ¹
271 1599 391 1684 perius
414 1599 457 1665 de
482 1601 559 1686 ipsa
583 1601 701 1685 priore
723 1604 817 1668 sorte
842 1599 1106 1686 soepluavimus
1129 1605 1261 1692 etiam
1286 1601 1531 1688 supradictum
1557 1606 1626 1689 est,
1644 1603 1681 1670 in
1707 1603 1775 1672 ista
1799 1603 1994 1690 posteriore
2017 1609 2114 1672 sorte

258 1750 419 1818 'adiunta
443 1755 497 1818 est
517 1769 596 1816 cum
620 1750 695 1818 vice
720 1751 763 1820 de
786 1752 863 1838 ipsa
888 1753 967 1839 bia,
993 1752 1087 1820 siout
1112 1755 1353 1839 supradictum
1378 1757 1458 1841 est,
1489 1761 1525 1824 et
1547 1757 1644 1824 omni
1669 1762 1825 1844 tempore
1850 1775 1934 1843 pars
1957 1759 2114 1844 partium

271 1905 368 1969 inter
393 1919 457 1967 nos
472 1906 507 1970 et
528 1903 659 1971 nostris
684 1906 848 1972 eredibus
872 1911 907 1972 et
932 1905 1092 1992 ipsorum
1118 1904 1268 1991 catoale,
1294 1909 1330 1973 et
1352 1925 1502 1994 gemme,
1527 1913 1563 1976 et
1586 1907 1752 1993 blactole,
1769 1914 1805 1976 et
1829 1895 1970 1976 illorum
1995 1909 2117 1978 eredes

267 2029 325 2122 sic'
344 2056 513 2122 abeamus
537 2054 611 2140 ipse
635 2056 692 2160 trie
716 2056 761 2123 ad
786 2057 865 2142 ipsa
897 2059 1019 2144 haqua
1051 2063 1087 2126 et
1117 2077 1179 2146 per
1203 2061 1281 2145 ipsa
1310 2061 1409 2130 halia
1433 2061 1510 2130 loca
1545 2080 1653 2148 usque
1686 2063 1731 2130 ad
1756 2062 1834 2148 ipsa
1868 2063 1926 2130 bia
1959 2041 2117 2148 publica,

265 2211 369 2277 sicuti
395 2211 439 2278 de
462 2215 571 2279 antea
596 2210 830 2296 usquemodo
854 2211 911 2278 bie
935 2211 1009 2297 ipse
1034 2210 1130 2280 infra
1154 2212 1240 2299 ipsis
1265 2214 1370 2281 rebus
1401 2213 1493 2280 unde
1517 2213 1626 2280 fuerit
1650 2213 1753 2279 omni
1779 2195 1948 2298 tempore¹
1965 2212 2008 2280 de
2032 2209 2117 2280 lati·

263 2365 350 2433 tudo
375 2367 452 2452 ipse
476 2364 532 2432 bie
555 2383 627 2436 ana
651 2368 745 2453 passi
771 2365 863 2434 duo:
896 2370 970 2434 tota
992 2367 1106 2434 omnis
1129 2368 1372 2453 suprascripta
1396 2367 1579 2434 mensoria
1615 2371 1825 2436 mensurata
1857 2365 1926 2434 fuit
1954 2365 2000 2434 ad
2024 2368 2118 2435 iusto
2228 2449 2236 2464 Ι

268 2542 410 2610 passum
437 2523 587 2592 homini.
613 2524 706 2592 unde
730 2525 830 2610 prius
854 2523 920 2610 ipsi
944 2523 1083 2594 catoala
1106 2529 1142 2592 et
1166 2524 1346 2609 predictus
1369 2522 1548 2608 stefanus,
1576 2540 1639 2608 pro
1662 2523 1739 2590 vice
1764 2523 1807 2589 de
1832 2524 1907 2609 ipse
1939 2542 2058 2592 sorore
2080 2527 2119 2594 et

191 2665 196 2678 ’
270 2685 557 2768 nepotesuaque
579 2675 724 2762 stefani,
744 2683 1036 2764 comprenserunt
1059 2675 1137 2764 ipsa
1159 2678 1314 2744 sortione
1337 2675 1383 2744 da
1407 2681 1508 2760 parte
1532 2675 1741 2760 occidentis,
1767 2675 1923 2760 qualiter
1948 2676 2113 2762 superius

267 2831 415 2900 fecimus
439 2848 514 2898 esse
538 2847 610 2898 una
628 2835 723 2897 sorte
746 2849 825 2898 curn
852 2830 931 2898 illut
954 2851 1022 2918 quo
1048 2832 1097 2897 ibi
1121 2831 1308 2898 adiunturn
1332 2833 1396 2914 est,
1416 2827 1571 2914 qualiter
1595 2828 1760 2914 superius
1785 2827 1847 2898 illa
1872 2829 2022 2897 fecimus
2040 2847 2117 2899 esse

266 2949 339 3051 una
364 2989 470 3050 sorte.
496 2939 699 3050 hecsortis
731 2983 875 3050 fecimus
908 3001 969 3068 per
994 2981 1056 3050 illa
1080 2983 1218 3050 ratione
1249 2999 1316 3068 que
1340 2961 1584 3067 supiadlctum
1609 2987 1662 3050 est
1677 3031 1687 3066 ‚
1721 2985 1772 3049 sio
1797 3003 1859 3069 per
1886 2988 2006 3071 partes
2033 2984 2117 3053 illas

265 3142 361 3206 inter
385 3155 449 3204 nos
472 3137 685 3204 tradidimus
716 3155 796 3203 cum
820 3135 940 3204 omnia
973 3135 1067 3203 infra
1093 3153 1130 3202 se
1153 3135 1342 3204 abentibus
1372 3140 1406 3202 et
1436 3135 1510 3202 suis
1536 3135 1767 3220 pertinentiis
1801 3143 1946 3203 etcum
1972 3137 2049 3204 vice
2073 3129 2139 3204 de'

263 3292 338 3378 ipse
362 3292 442 3377 bie,
473 3289 566 3356 sicut
590 3290 832 3374 supradictum
862 3295 938 3376 est,
971 3289 1016 3357 ad
1041 3288 1243 3356 faciendum
1276 3307 1338 3374 per
1367 3294 1486 3374 partes
1520 3288 1766 3376 unusquisque
1798 3289 1841 3356 de
1867 3308 1932 3357 sua
1954 3288 2113 3356 sortione

265 3444 388 3511 omnia
413 3443 503 3529 quod
529 3442 759 3529 noluerimus,
778 3444 910 3529 absque
935 3460 1026 3509 unus
1051 3441 1168 3508 alteru
1192 3441 1447 3508 contrarietate
1472 3439 1525 3506 vel
1552 3441 1796 3526 requisitione,
1816 3442 1868 3508 ita
1884 3442 1926 3506 do
1945 3433 2022 3526 ipsa
2038 3459 2112 3506 sor·

265 3596 361 3663 tione
384 3596 430 3662 da
454 3601 557 3682 parte
580 3596 771 3665 occidentis
795 3597 886 3682 quod
913 3595 985 3661 illis
1008 3599 1334 3680 compreenserunt,
1353 3595 1483 3661 abeant
1508 3591 1588 3659 illas
1614 3592 1686 3678 ipse
1710 3595 1851 3662 catoala
1875 3600 1910 3660 et
1934 3593 2012 3658 eius
2036 3612 2113 3660 ere·
2211 3651 2218 3664 .

262 3749 327 3842 des
351 3709 564 3834 medietate,
593 3756 629 3817 et
653 3751 731 3836 ipsa
761 3769 903 3836 gemma
934 3749 1118 3834 cumipse
1141 3745 1293 3814 blaotola
1317 3745 1392 3813 fllia
1423 3751 1547 3814 suaet
1571 3746 1712 3812 illorum
1737 3745 1861 3813 eredes
1886 3748 2017 3814 abeant
2039 3745 2114 3815 alia

263 3907 469 3992 medietate,
486 3906 572 3992 quia
596 3906 647 3972 sic
671 3925 733 3992 per
757 3911 878 3993 partes
903 3905 985 3971 inde
1010 3903 1151 3970 illorum
1176 3902 1331 3987 pertinet
1355 3905 1402 3985 et,
1420 3899 1514 3968 siout
1540 3901 1636 3968 inter
1654 3899 1757 3966 nobis
1774 3902 2003 3988 complacuit,
2021 3921 2111 3988 gua·

260 4058 439 4127 diarimus
462 4063 556 4125 inter
580 4075 663 4143 nos3
696 4063 815 4123 tamen
840 4055 915 4142 ipse
946 4055 1105 4123 stefanus
1137 4073 1200 4141 pro
1224 4055 1299 4121 vice
1325 4054 1435 4139 ipsius
1464 4072 1603 4141 gemme
1628 4061 1664 4122 et
1689 4057 1763 4141 ipse
1788 4055 1938 4123 blaotole
1963 4074 2029 4142 ego
2052 4075 2115 4142 po-

260 4210 334 4277 suit
358 4210 441 4276 inde
466 4209 659 4278 mediatore
685 4209 869 4296 iohanneS,
894 4209 955 4294 qui
980 4209 1082 4277 bocat
1105 4207 1306 4294 ciprianum
1330 4213 1365 4276 et
1389 4208 1502 4276 filiurn
1527 4209 1705 4294 quondam
1730 4211 1822 4296 petri
1847 4211 1957 4296 sergi,
1976 4217 2012 4280 et
2038 4213 2114 4281 illis

260 4363 429 4430 similiter
453 4363 646 4436 mediatore
672 4361 758 4428 mihi
784 4339 977 4449 posuerunt
1003 4361 1116 4448 ipsum
1143 4363 1309 4431 iohannis
1332 4363 1535 4448 ciprianum
1559 4363 1675 4430 fllium
1699 4365 1848 4453 predicti
1875 4366 1964 4452 petri
1995 4369 2105 4453 sergi3

154 4567 156 4572 -
260 4522 295 4584 et
320 4534 383 4602 per
407 4515 489 4601 ipsa
512 4516 645 4602 guadio
668 4520 732 4584 etc.
759 4519 1114 4600 Sequiturooasuoto
1130 4519 1302 4601 formula,
1323 4521 1464 4584 statuta
1488 4521 1624 4586 mulcta
1640 4530 1780 4587 centum
1802 4523 1889 4586 atrro·
1914 4521 2114 4588 solidorum

263 4673 655 4738 constantinianorom.
675 4681 918 4760 verumtamen
942 4689 982 4738 oc
1009 4671 1207 4744 recolimus,
1238 4676 1276 4738 ut
1299 4671 1327 4737 si
1355 4671 1431 4756 ipsa
1448 4664 1597 4756 'gemma
1621 4677 1657 4738 et
1681 4674 1758 4757 ipsa
1783 4674 1922 4740 bactola
1948 4675 2022 4740 filia
2046 4631 2136 4744 sua*

267 4831 304 4894 et
331 4825 471 4892 illorum
496 4825 616 4892 eredes
640 4827 677 4893 in
702 4825 947 4911 suprascripta
969 4825 1141 4909 divisione
1165 4845 1301 4892 mecum
1331 4831 1470 4893 etcum
1496 4844 1591 4893 meos
1615 4826 1738 4896 eredes
1760 4829 1911 4894 firmiter
1937 4845 2009 4893 non
2033 4847 2111 4914 per·

269 4979 442 5048 manserit
464 4984 500 5047 et
523 4979 653 5065 aliquit
675 4978 805 5075 exinde
820 4978 1124 5064 contradixerint,
1142 4999 1204 5064 per
1228 4979 1307 5065 ipsa
1329 4981 1463 5066 guadia
1479 4998 1686 5066 componere
1702 4981 1878 5065 obligavit
1894 5000 1931 5049 se
1950 4983 2027 5068 ipse
2043 4989 2114 5051 ste·

267 5135 374 5202 fanus
397 5139 433 5200 et
455 5151 534 5199 suos
557 5132 678 5199 eredes
706 5131 794 5198 mihi
821 5131 987 5199 iamdicto
1013 5129 1118 5218 ligeri
1151 5139 1187 5199 et
1218 5133 1262 5200 ad
1287 5133 1376 5201 meis
1406 5134 1572 5230 ereclibus
1600 5141 1742 5202 centum
1768 5135 1849 5204 auri
1875 5134 2005 5202 solidos
2028 5154 2108 5203 con·

260 5287 524 5373 stantinianos,
556 5291 592 5353 et
615 5286 709 5352 omni
735 5289 891 5371 ternpore
908 5285 983 5371 ipse
1008 5285 1167 5353 stefanus
1183 5290 1219 5351 et
1236 5301 1317 5351 suos
1340 5287 1463 5353 eredes
1481 5287 1517 5352 in
1535 5290 1781 5374 suprascripta
1798 5289 1972 5357 divisione
1997 5291 2111 5360 faciat

264 5454 471 5523 permanere
495 5436 574 5522 ipsa
590 5454 708 5504 sorore
724 5441 760 5503 et
777 5442 903 5522 nepote
926 5417 1045 5504 suaet
1063 5435 1205 5503 illorum
1228 5437 1350 5504 eredes
1374 5457 1509 5506 mecum
1525 5445 1561 5508 et
1578 5459 1660 5507 cum
1686 5459 1779 5508 meos
1803 5441 1939 5528 eredeS,
1957 5451 1992 5511 et
2009 5447 2106 5512 huuc

260 5592 406 5657 brebem
431 5591 555 5676 scripsi
580 5607 645 5676 ego
669 5589 826 5658 ademari
852 5591 1024 5658 notarius

305 5717 333 5831 †
360 5745 434 5831 Ego
457 5744 518 5830 qui
543 5761 652 5828 supra
676 5747 817 5811 amalus
843 5744 964 5814 iudex.
