<?xml version="1.0" encoding="UTF-8"?>
<!DOCTYPE html PUBLIC "-//W3C//DTD XHTML 1.0 Transitional//EN"
    "http://www.w3.org/TR/xhtml1/DTD/xhtml1-transitional.dtd">
<html xmlns="http://www.w3.org/1999/xhtml" xml:lang="en" lang="en">
 <head>
  <title>
</title>
<meta http-equiv="Content-Type" content="text/html;charset=utf-8" />
  <meta name='ocr-system' content='tesseract 3.04.00' />
  <meta name='ocr-capabilities' content='ocr_page ocr_carea ocr_par ocr_line ocrx_word'/>
</head>
<body>
  <div class='ocr_page' id='page_1' title='image "./codexdiplomatic04aragoog_0258.png"; bbox 0 0 5408 7108; ppageno 0'>
   <div class='ocr_carea' id='block_1_1' title="bbox 655 463 1775 559">
    <p class='ocr_par' dir='ltr' id='par_1_1' title="bbox 655 463 1775 559">
     <span class='ocr_line' id='line_1_1' title="bbox 655 463 1775 559; baseline 0.01 -11"><span class='ocrx_word' id='word_1_1' title='bbox 655 463 725 550; x_wconf 75' lang='lat'><strong>⁶218</strong></span> <span class='ocrx_word' id='word_1_2' title='bbox 1287 481 1461 555; x_wconf 85' lang='lat' dir='ltr'>CODEX</span> <span class='ocrx_word' id='word_1_3' title='bbox 1501 482 1775 559; x_wconf 84' lang='lat' dir='ltr'><strong>CAVENSlS</strong></span> 
     </span>
    </p>
   </div>
   <div class='ocr_carea' id='block_1_2' title="bbox 600 669 2456 3091">
    <p class='ocr_par' dir='ltr' id='par_1_2' title="bbox 600 669 2456 3091">
     <span class='ocr_line' id='line_1_2' title="bbox 603 669 2451 800; baseline 0.001 -26"><span class='ocrx_word' id='word_1_4' title='bbox 603 727 824 797; x_wconf 83' lang='lat' dir='ltr'><strong>reponamus</strong></span> <span class='ocrx_word' id='word_1_5' title='bbox 847 711 886 774; x_wconf 90' lang='lat' dir='ltr'><strong>in</strong></span> <span class='ocrx_word' id='word_1_6' title='bbox 911 711 989 796; x_wconf 85' lang='lat' dir='ltr'><strong>ipsa</strong></span> <span class='ocrx_word' id='word_1_7' title='bbox 1004 715 1115 796; x_wconf 89' lang='lat' dir='ltr'><strong>terra,</strong></span> <span class='ocrx_word' id='word_1_8' title='bbox 1139 713 1176 778; x_wconf 92' lang='lat' dir='ltr'><strong>et</strong></span> <span class='ocrx_word' id='word_1_9' title='bbox 1192 707 1416 778; x_wconf 88' lang='lat' dir='ltr'><strong>medietatem</strong></span> <span class='ocrx_word' id='word_1_10' title='bbox 1440 708 1635 780; x_wconf 89' lang='lat' dir='ltr'><strong>studiemus</strong></span> <span class='ocrx_word' id='word_1_11' title='bbox 1657 715 1726 800; x_wconf 88' lang='lat' dir='ltr'><strong>ipsi</strong></span> <span class='ocrx_word' id='word_1_12' title='bbox 1751 711 1877 800; x_wconf 85' lang='lat' dir='ltr'><strong>lavori,</strong></span> <span class='ocrx_word' id='word_1_13' title='bbox 1901 717 1937 782; x_wconf 88' lang='lat' dir='ltr'><strong>et</strong></span> <span class='ocrx_word' id='word_1_14' title='bbox 1959 710 2005 782; x_wconf 92' lang='lat' dir='ltr'><strong>ad</strong></span> <span class='ocrx_word' id='word_1_15' title='bbox 2028 729 2114 782; x_wconf 87' lang='lat' dir='ltr'><strong>area</strong></span> <span class='ocrx_word' id='word_1_16' title='bbox 2135 727 2199 798; x_wconf 89' lang='lat' dir='ltr'><strong>per</strong></span> <span class='ocrx_word' id='word_1_17' title='bbox 2222 669 2451 778; x_wconf 84' lang='lat' dir='ltr'><strong>medietatam</strong></span> 
     </span>
     <span class='ocr_line' id='line_1_3' title="bbox 605 860 2448 950; baseline -0.001 -20"><span class='ocrx_word' id='word_1_18' title='bbox 605 865 701 932; x_wconf 88' lang='lat' dir='ltr'><strong>inter</strong></span> <span class='ocrx_word' id='word_1_19' title='bbox 724 881 789 930; x_wconf 89' lang='lat' dir='ltr'><strong>nos</strong></span> <span class='ocrx_word' id='word_1_20' title='bbox 811 862 1025 932; x_wconf 84' lang='lat' dir='ltr'><strong>diuidamus:</strong></span> <span class='ocrx_word' id='word_1_21' title='bbox 1051 881 1115 930; x_wconf 92' lang='lat' dir='ltr'><strong>nos</strong></span> <span class='ocrx_word' id='word_1_22' title='bbox 1138 863 1194 930; x_wconf 86' lang='lat' dir='ltr'><strong>vel</strong></span> <span class='ocrx_word' id='word_1_23' title='bbox 1209 866 1341 932; x_wconf 88' lang='lat' dir='ltr'><strong>nostris</strong></span> <span class='ocrx_word' id='word_1_24' title='bbox 1356 863 1521 932; x_wconf 89' lang='lat' dir='ltr'><strong>eredibus</strong></span> <span class='ocrx_word' id='word_1_25' title='bbox 1536 863 1701 933; x_wconf 90' lang='lat' dir='ltr'><strong>tollamus</strong></span> <span class='ocrx_word' id='word_1_26' title='bbox 1724 866 1961 950; x_wconf 87' lang='lat' dir='ltr'><strong>medietatem,</strong></span> <span class='ocrx_word' id='word_1_27' title='bbox 1976 867 2013 932; x_wconf 90' lang='lat' dir='ltr'><strong>et</strong></span> <span class='ocrx_word' id='word_1_28' title='bbox 2031 863 2098 950; x_wconf 90' lang='lat' dir='ltr'><strong>ipsi</strong></span> <span class='ocrx_word' id='word_1_29' title='bbox 2118 866 2283 950; x_wconf 80' lang='lat' dir='ltr'><strong>germani</strong></span> <span class='ocrx_word' id='word_1_30' title='bbox 2300 860 2355 931; x_wconf 88' lang='lat' dir='ltr'><strong>vel</strong></span> <span class='ocrx_word' id='word_1_31' title='bbox 2372 861 2448 929; x_wconf 91' lang='lat' dir='ltr'><strong>illo·</strong></span> 
     </span>
     <span class='ocr_line' id='line_1_4' title="bbox 605 1013 2447 1104; baseline -0.001 -21"><span class='ocrx_word' id='word_1_32' title='bbox 605 1035 687 1086; x_wconf 90' lang='lat' dir='ltr'><strong>rum</strong></span> <span class='ocrx_word' id='word_1_33' title='bbox 712 1015 859 1084; x_wconf 88' lang='lat' dir='ltr'><strong>heredes</strong></span> <span class='ocrx_word' id='word_1_34' title='bbox 883 1017 958 1084; x_wconf 87' lang='lat' dir='ltr'><strong>alia</strong></span> <span class='ocrx_word' id='word_1_35' title='bbox 982 1016 1187 1104; x_wconf 82' lang='lat' dir='ltr'><strong>medietate,</strong></span> <span class='ocrx_word' id='word_1_36' title='bbox 1212 1020 1248 1084; x_wconf 89' lang='lat' dir='ltr'><strong>et</strong></span> <span class='ocrx_word' id='word_1_37' title='bbox 1271 1017 1349 1104; x_wconf 88' lang='lat' dir='ltr'><strong>ipsa</strong></span> <span class='ocrx_word' id='word_1_38' title='bbox 1371 1016 1492 1104; x_wconf 86' lang='lat' dir='ltr'><strong>priora</strong></span> <span class='ocrx_word' id='word_1_39' title='bbox 1515 1016 1618 1102; x_wconf 88' lang='lat' dir='ltr'><strong>pecia</strong></span> <span class='ocrx_word' id='word_1_40' title='bbox 1641 1017 1684 1084; x_wconf 90' lang='lat' dir='ltr'><strong>de</strong></span> <span class='ocrx_word' id='word_1_41' title='bbox 1706 1021 1804 1086; x_wconf 87' lang='lat' dir='ltr'><strong>terra</strong></span> <span class='ocrx_word' id='word_1_42' title='bbox 1826 1014 1973 1084; x_wconf 88' lang='lat' dir='ltr'><strong>cludant</strong></span> <span class='ocrx_word' id='word_1_43' title='bbox 1992 1013 2067 1082; x_wconf 88' lang='lat' dir='ltr'><strong>illis</strong></span> <span class='ocrx_word' id='word_1_44' title='bbox 2090 1018 2126 1082; x_wconf 89' lang='lat' dir='ltr'><strong>et</strong></span> <span class='ocrx_word' id='word_1_45' title='bbox 2151 1013 2290 1081; x_wconf 85' lang='lat' dir='ltr'><strong>clusam</strong></span> <span class='ocrx_word' id='word_1_46' title='bbox 2313 1014 2447 1082; x_wconf 89' lang='lat' dir='ltr'><strong>abeant</strong></span> 
     </span>
     <span class='ocr_line' id='line_1_5' title="bbox 602 1163 2448 1256; baseline -0.003 -19"><span class='ocrx_word' id='word_1_47' title='bbox 602 1169 649 1237; x_wconf 87' lang='lat' dir='ltr'><strong>da</strong></span> <span class='ocrx_word' id='word_1_48' title='bbox 675 1167 838 1254; x_wconf 89' lang='lat' dir='ltr'><strong>partibus</strong></span> <span class='ocrx_word' id='word_1_49' title='bbox 860 1169 906 1237; x_wconf 85' lang='lat' dir='ltr'><strong>da</strong></span> <span class='ocrx_word' id='word_1_50' title='bbox 929 1169 1005 1254; x_wconf 89' lang='lat' dir='ltr'><strong>ipsa</strong></span> <span class='ocrx_word' id='word_1_51' title='bbox 1035 1170 1095 1237; x_wconf 85' lang='lat' dir='ltr'><strong>via</strong></span> <span class='ocrx_word' id='word_1_52' title='bbox 1124 1171 1306 1238; x_wconf 87' lang='lat' dir='ltr'><strong>stauiana.</strong></span> <span class='ocrx_word' id='word_1_53' title='bbox 1332 1171 1378 1238; x_wconf 83' lang='lat' dir='ltr'><strong>El</strong></span> <span class='ocrx_word' id='word_1_54' title='bbox 1401 1169 1659 1256; x_wconf 85' lang='lat' dir='ltr'><strong>qualecumque</strong></span> <span class='ocrx_word' id='word_1_55' title='bbox 1691 1174 1848 1256; x_wconf 91' lang='lat' dir='ltr'><strong>tempore</strong></span> <span class='ocrx_word' id='word_1_56' title='bbox 1873 1168 1946 1236; x_wconf 90' lang='lat' dir='ltr'><strong>illis</strong></span> <span class='ocrx_word' id='word_1_57' title='bbox 1976 1167 2029 1236; x_wconf 92' lang='lat' dir='ltr'><strong>vel</strong></span> <span class='ocrx_word' id='word_1_58' title='bbox 2054 1167 2130 1236; x_wconf 89' lang='lat' dir='ltr'><strong>suis</strong></span> <span class='ocrx_word' id='word_1_59' title='bbox 2154 1163 2347 1235; x_wconf 73' lang='lat' dir='ltr'><strong>heredibus</strong></span> <span class='ocrx_word' id='word_1_60' title='bbox 2372 1168 2448 1252; x_wconf 82' lang='lat' dir='ltr'><strong>ipsa</strong></span> 
     </span>
     <span class='ocr_line' id='line_1_6' title="bbox 602 1319 2449 1407; baseline -0.002 -19"><span class='ocrx_word' id='word_1_61' title='bbox 602 1325 728 1390; x_wconf 88' lang='lat' dir='ltr'><strong>nostra</strong></span> <span class='ocrx_word' id='word_1_62' title='bbox 750 1321 966 1391; x_wconf 91' lang='lat' dir='ltr'><strong>tradictione</strong></span> <span class='ocrx_word' id='word_1_63' title='bbox 990 1325 1114 1390; x_wconf 88' lang='lat' dir='ltr'><strong>tenere</strong></span> <span class='ocrx_word' id='word_1_64' title='bbox 1136 1325 1172 1390; x_wconf 89' lang='lat' dir='ltr'><strong>et</strong></span> <span class='ocrx_word' id='word_1_65' title='bbox 1187 1321 1349 1391; x_wconf 90' lang='lat' dir='ltr'><strong>lavorare</strong></span> <span class='ocrx_word' id='word_1_66' title='bbox 1372 1320 1556 1391; x_wconf 89' lang='lat' dir='ltr'><strong>noluerint</strong></span> <span class='ocrx_word' id='word_1_67' title='bbox 1579 1326 1644 1391; x_wconf 92' lang='lat' dir='ltr'><strong>aut</strong></span> <span class='ocrx_word' id='word_1_68' title='bbox 1666 1338 1738 1389; x_wconf 91' lang='lat' dir='ltr'><strong>non</strong></span> <span class='ocrx_word' id='word_1_69' title='bbox 1754 1323 1948 1407; x_wconf 87' lang='lat' dir='ltr'><strong>potuerint,</strong></span> <span class='ocrx_word' id='word_1_70' title='bbox 1973 1325 2009 1388; x_wconf 91' lang='lat' dir='ltr'><strong>et</strong></span> <span class='ocrx_word' id='word_1_71' title='bbox 2025 1319 2097 1386; x_wconf 91' lang='lat' dir='ltr'><strong>illis</strong></span> <span class='ocrx_word' id='word_1_72' title='bbox 2112 1319 2236 1386; x_wconf 89' lang='lat' dir='ltr'><strong>diebus</strong></span> <span class='ocrx_word' id='word_1_73' title='bbox 2258 1335 2368 1387; x_wconf 85' lang='lat' dir='ltr'><strong>causa</strong></span> <span class='ocrx_word' id='word_1_74' title='bbox 2383 1335 2449 1386; x_wconf 86' lang='lat' dir='ltr'><strong>sua</strong></span> 
     </span>
     <span class='ocr_line' id='line_1_7' title="bbox 602 1471 2448 1558; baseline -0.001 -19"><span class='ocrx_word' id='word_1_75' title='bbox 602 1471 750 1542; x_wconf 89' lang='lat' dir='ltr'><strong>mobilia</strong></span> <span class='ocrx_word' id='word_1_76' title='bbox 774 1471 905 1540; x_wconf 89' lang='lat' dir='ltr'><strong>ibidem</strong></span> <span class='ocrx_word' id='word_1_77' title='bbox 928 1473 1110 1558; x_wconf 85' lang='lat' dir='ltr'><strong>abuerint,</strong></span> <span class='ocrx_word' id='word_1_78' title='bbox 1135 1473 1269 1544; x_wconf 88' lang='lat' dir='ltr'><strong>liceant</strong></span> <span class='ocrx_word' id='word_1_79' title='bbox 1292 1472 1363 1541; x_wconf 89' lang='lat' dir='ltr'><strong>illis</strong></span> <span class='ocrx_word' id='word_1_80' title='bbox 1390 1473 1444 1540; x_wconf 87' lang='lat' dir='ltr'><strong>vel</strong></span> <span class='ocrx_word' id='word_1_81' title='bbox 1468 1476 1543 1542; x_wconf 86' lang='lat' dir='ltr'><strong>suis</strong></span> <span class='ocrx_word' id='word_1_82' title='bbox 1566 1473 1755 1542; x_wconf 87' lang='lat' dir='ltr'><strong>heredibus</strong></span> <span class='ocrx_word' id='word_1_83' title='bbox 1782 1473 1864 1542; x_wconf 90' lang='lat' dir='ltr'><strong>inde</strong></span> <span class='ocrx_word' id='word_1_84' title='bbox 1886 1476 1989 1542; x_wconf 81' lang='lat' dir='ltr'><strong>exire</strong></span> <span class='ocrx_word' id='word_1_85' title='bbox 2016 1478 2052 1540; x_wconf 88' lang='lat' dir='ltr'><strong>et</strong></span> <span class='ocrx_word' id='word_1_86' title='bbox 2075 1479 2218 1558; x_wconf 89' lang='lat' dir='ltr'><strong>portare</strong></span> <span class='ocrx_word' id='word_1_87' title='bbox 2246 1471 2307 1540; x_wconf 93' lang='lat' dir='ltr'><strong>ubi</strong></span> <span class='ocrx_word' id='word_1_88' title='bbox 2333 1471 2448 1539; x_wconf 88' lang='lat' dir='ltr'><strong>volue-</strong></span> 
     </span>
     <span class='ocr_line' id='line_1_8' title="bbox 602 1572 2448 1712; baseline -0.001 -22"><span class='ocrx_word' id='word_1_89' title='bbox 602 1591 691 1712; x_wconf 80' lang='lat' dir='ltr'><strong>rint,</strong></span> <span class='ocrx_word' id='word_1_90' title='bbox 714 1631 751 1693; x_wconf 90' lang='lat' dir='ltr'><strong>et</strong></span> <span class='ocrx_word' id='word_1_91' title='bbox 775 1628 850 1694; x_wconf 93' lang='lat' dir='ltr'><strong>tota</strong></span> <span class='ocrx_word' id='word_1_92' title='bbox 876 1626 952 1711; x_wconf 89' lang='lat' dir='ltr'><strong>ipsa</strong></span> <span class='ocrx_word' id='word_1_93' title='bbox 976 1627 1081 1692; x_wconf 89' lang='lat' dir='ltr'><strong>rebus</strong></span> <span class='ocrx_word' id='word_1_94' title='bbox 1105 1572 1296 1712; x_wconf 79' lang='lat' dir='ltr'><strong>pastenata</strong></span> <span class='ocrx_word' id='word_1_95' title='bbox 1318 1629 1354 1694; x_wconf 87' lang='lat' dir='ltr'><strong>et</strong></span> <span class='ocrx_word' id='word_1_96' title='bbox 1376 1624 1511 1695; x_wconf 84' lang='lat' dir='ltr'><strong>cultata</strong></span> <span class='ocrx_word' id='word_1_97' title='bbox 1535 1615 1791 1696; x_wconf 73' lang='lat' dir='ltr'><strong>remittant&#39;ad</strong></span> <span class='ocrx_word' id='word_1_98' title='bbox 1815 1632 1937 1696; x_wconf 89' lang='lat' dir='ltr'><strong>nostra</strong></span> <span class='ocrx_word' id='word_1_99' title='bbox 1962 1625 2019 1693; x_wconf 86' lang='lat' dir='ltr'><strong>vel</strong></span> <span class='ocrx_word' id='word_1_100' title='bbox 2041 1625 2085 1691; x_wconf 88' lang='lat' dir='ltr'><strong>de</strong></span> <span class='ocrx_word' id='word_1_101' title='bbox 2102 1626 2233 1692; x_wconf 88' lang='lat' dir='ltr'><strong>nostris</strong></span> <span class='ocrx_word' id='word_1_102' title='bbox 2257 1623 2448 1692; x_wconf 82' lang='lat' dir='ltr'><strong>heredibus</strong></span> 
     </span>
     <span class='ocr_line' id='line_1_9' title="bbox 601 1776 2449 1869; baseline -0.004 -21"><span class='ocrx_word' id='word_1_103' title='bbox 601 1783 801 1869; x_wconf 86' lang='lat' dir='ltr'><strong>potestatis.</strong></span> <span class='ocrx_word' id='word_1_104' title='bbox 827 1780 921 1848; x_wconf 88' lang='lat' dir='ltr'><strong>unde</strong></span> <span class='ocrx_word' id='word_1_105' title='bbox 945 1783 983 1847; x_wconf 91' lang='lat' dir='ltr'><strong>in</strong></span> <span class='ocrx_word' id='word_1_106' title='bbox 998 1796 1040 1848; x_wconf 88' lang='lat' dir='ltr'><strong>eo</strong></span> <span class='ocrx_word' id='word_1_107' title='bbox 1063 1779 1186 1847; x_wconf 86' lang='lat' dir='ltr'><strong>ordine</strong></span> <span class='ocrx_word' id='word_1_108' title='bbox 1211 1780 1383 1866; x_wconf 87' lang='lat' dir='ltr'><strong>perbona</strong></span> <span class='ocrx_word' id='word_1_109' title='bbox 1406 1781 1669 1848; x_wconf 87' lang='lat' dir='ltr'><strong>combenientia</strong></span> <span class='ocrx_word' id='word_1_110' title='bbox 1691 1777 1827 1866; x_wconf 80' lang='lat' dir='ltr'><strong>guadio</strong></span> <span class='ocrx_word' id='word_1_111' title='bbox 1843 1777 1951 1844; x_wconf 92' lang='lat' dir='ltr'><strong>michi</strong></span> <span class='ocrx_word' id='word_1_112' title='bbox 1977 1776 2052 1862; x_wconf 90' lang='lat' dir='ltr'><strong>ipse</strong></span> <span class='ocrx_word' id='word_1_113' title='bbox 2077 1781 2198 1861; x_wconf 85' lang='lat' dir='ltr'><strong>petrus</strong></span> <span class='ocrx_word' id='word_1_114' title='bbox 2221 1779 2257 1842; x_wconf 92' lang='lat' dir='ltr'><strong>et</strong></span> <span class='ocrx_word' id='word_1_115' title='bbox 2274 1776 2449 1842; x_wconf 88' lang='lat' dir='ltr'><strong>iohannes</strong></span> 
     </span>
     <span class='ocr_line' id='line_1_10' title="bbox 600 1925 2450 2018; baseline -0.004 -18"><span class='ocrx_word' id='word_1_116' title='bbox 600 1933 774 2001; x_wconf 89' lang='lat' dir='ltr'><strong>dederunt</strong></span> <span class='ocrx_word' id='word_1_117' title='bbox 788 1982 798 2018; x_wconf 91' lang='lat'><em>‚</em></span> <span class='ocrx_word' id='word_1_118' title='bbox 827 1938 863 2000; x_wconf 90' lang='lat' dir='ltr'><strong>et</strong></span> <span class='ocrx_word' id='word_1_119' title='bbox 886 1932 1116 2000; x_wconf 85' lang='lat' dir='ltr'><strong>mediatorem</strong></span> <span class='ocrx_word' id='word_1_120' title='bbox 1146 1931 1254 1998; x_wconf 90' lang='lat' dir='ltr'><strong>michi</strong></span> <span class='ocrx_word' id='word_1_121' title='bbox 1283 1935 1479 2016; x_wconf 90' lang='lat' dir='ltr'><strong>posuerunt</strong></span> <span class='ocrx_word' id='word_1_122' title='bbox 1509 1933 1683 1999; x_wconf 90' lang='lat' dir='ltr'><strong>iohannes</strong></span> <span class='ocrx_word' id='word_1_123' title='bbox 1709 1931 1804 1999; x_wconf 86' lang='lat' dir='ltr'><strong>lilius</strong></span> <span class='ocrx_word' id='word_1_124' title='bbox 1826 1930 2006 2017; x_wconf 90' lang='lat' dir='ltr'><strong>quondam</strong></span> <span class='ocrx_word' id='word_1_125' title='bbox 2031 1929 2176 1996; x_wconf 91' lang='lat' dir='ltr'><strong>iohanni</strong></span> <span class='ocrx_word' id='word_1_126' title='bbox 2201 1926 2383 2014; x_wconf 85' lang='lat' dir='ltr'><strong>gualperti</strong></span> <span class='ocrx_word' id='word_1_127' title='bbox 2407 1925 2450 1993; x_wconf 87' lang='lat' dir='ltr'><strong>de</strong></span> 
     </span>
     <span class='ocr_line' id='line_1_11' title="bbox 600 2083 2450 2174; baseline -0.002 -22"><span class='ocrx_word' id='word_1_128' title='bbox 600 2083 724 2152; x_wconf 90' lang='lat' dir='ltr'><strong>eodem</strong></span> <span class='ocrx_word' id='word_1_129' title='bbox 747 2086 863 2152; x_wconf 93' lang='lat' dir='ltr'><strong>locum</strong></span> <span class='ocrx_word' id='word_1_130' title='bbox 885 2083 1105 2169; x_wconf 74' lang='lat' dir='ltr'><strong>ssoccanum,</strong></span> <span class='ocrx_word' id='word_1_131' title='bbox 1130 2091 1165 2152; x_wconf 90' lang='lat' dir='ltr'><strong>et</strong></span> <span class='ocrx_word' id='word_1_132' title='bbox 1189 2103 1251 2169; x_wconf 91' lang='lat' dir='ltr'><strong>per</strong></span> <span class='ocrx_word' id='word_1_133' title='bbox 1275 2087 1352 2170; x_wconf 90' lang='lat' dir='ltr'><strong>ipsa</strong></span> <span class='ocrx_word' id='word_1_134' title='bbox 1375 2085 1510 2171; x_wconf 85' lang='lat' dir='ltr'><strong>guadia</strong></span> <span class='ocrx_word' id='word_1_135' title='bbox 1534 2085 1783 2174; x_wconf 82' lang='lat' dir='ltr'><strong>obligaverunt</strong></span> <span class='ocrx_word' id='word_1_136' title='bbox 1806 2103 1843 2152; x_wconf 86' lang='lat' dir='ltr'><strong>se</strong></span> <span class='ocrx_word' id='word_1_137' title='bbox 1867 2090 1903 2154; x_wconf 86' lang='lat' dir='ltr'><strong>et</strong></span> <span class='ocrx_word' id='word_1_138' title='bbox 1926 2084 1999 2152; x_wconf 89' lang='lat' dir='ltr'><strong>suis</strong></span> <span class='ocrx_word' id='word_1_139' title='bbox 2023 2083 2201 2170; x_wconf 85' lang='lat' dir='ltr'><strong>aradibus,</strong></span> <span class='ocrx_word' id='word_1_140' title='bbox 2215 2086 2256 2150; x_wconf 85' lang='lat' dir='ltr'><strong>ul</strong></span> <span class='ocrx_word' id='word_1_141' title='bbox 2280 2083 2311 2150; x_wconf 93' lang='lat' dir='ltr'><strong>si</strong></span> <span class='ocrx_word' id='word_1_142' title='bbox 2328 2083 2450 2150; x_wconf 83' lang='lat' dir='ltr'><strong>taliter</strong></span> 
     </span>
     <span class='ocr_line' id='line_1_12' title="bbox 603 2236 2452 2326; baseline 0 -24"><span class='ocrx_word' id='word_1_143' title='bbox 603 2236 727 2305; x_wconf 92' lang='lat' dir='ltr'><strong>omnia</strong></span> <span class='ocrx_word' id='word_1_144' title='bbox 751 2239 996 2324; x_wconf 89' lang='lat' dir='ltr'><strong>suprascripta</strong></span> <span class='ocrx_word' id='word_1_145' title='bbox 1018 2237 1128 2304; x_wconf 91' lang='lat' dir='ltr'><strong>michi</strong></span> <span class='ocrx_word' id='word_1_146' title='bbox 1154 2237 1294 2322; x_wconf 91' lang='lat' dir='ltr'><strong>meique</strong></span> <span class='ocrx_word' id='word_1_147' title='bbox 1316 2236 1481 2305; x_wconf 90' lang='lat' dir='ltr'><strong>eredibus</strong></span> <span class='ocrx_word' id='word_1_148' title='bbox 1504 2238 1686 2308; x_wconf 91' lang='lat' dir='ltr'><strong>noluerint</strong></span> <span class='ocrx_word' id='word_1_149' title='bbox 1708 2238 1916 2326; x_wconf 88' lang='lat' dir='ltr'><strong>adimplere,</strong></span> <span class='ocrx_word' id='word_1_150' title='bbox 1941 2239 1994 2305; x_wconf 85' lang='lat' dir='ltr'><strong>vel</strong></span> <span class='ocrx_word' id='word_1_151' title='bbox 2024 2239 2153 2324; x_wconf 86' lang='lat' dir='ltr'><strong>aliquit</strong></span> <span class='ocrx_word' id='word_1_152' title='bbox 2179 2237 2261 2304; x_wconf 89' lang='lat' dir='ltr'><strong>inde</strong></span> <span class='ocrx_word' id='word_1_153' title='bbox 2284 2253 2344 2304; x_wconf 92' lang='lat' dir='ltr'><strong>eos</strong></span> <span class='ocrx_word' id='word_1_154' title='bbox 2367 2253 2452 2302; x_wconf 92' lang='lat' dir='ltr'><strong>con·</strong></span> 
     </span>
     <span class='ocr_line' id='line_1_13' title="bbox 603 2392 2453 2481; baseline -0.001 -21"><span class='ocrx_word' id='word_1_155' title='bbox 603 2392 842 2480; x_wconf 84' lang='lat' dir='ltr'><strong>tradixerint,</strong></span> <span class='ocrx_word' id='word_1_156' title='bbox 859 2412 922 2479; x_wconf 92' lang='lat' dir='ltr'><strong>per</strong></span> <span class='ocrx_word' id='word_1_157' title='bbox 947 2395 1023 2480; x_wconf 88' lang='lat' dir='ltr'><strong>ipsa</strong></span> <span class='ocrx_word' id='word_1_158' title='bbox 1045 2393 1178 2480; x_wconf 85' lang='lat' dir='ltr'><strong>guadia</strong></span> <span class='ocrx_word' id='word_1_159' title='bbox 1194 2393 1447 2481; x_wconf 82' lang='lat' dir='ltr'><strong>obligaverunt</strong></span> <span class='ocrx_word' id='word_1_160' title='bbox 1470 2411 1507 2461; x_wconf 90' lang='lat' dir='ltr'><strong>se</strong></span> <span class='ocrx_word' id='word_1_161' title='bbox 1530 2400 1565 2461; x_wconf 90' lang='lat' dir='ltr'><strong>et</strong></span> <span class='ocrx_word' id='word_1_162' title='bbox 1588 2398 1662 2462; x_wconf 86' lang='lat' dir='ltr'><strong>suis</strong></span> <span class='ocrx_word' id='word_1_163' title='bbox 1686 2394 1850 2464; x_wconf 87' lang='lat' dir='ltr'><strong>eredibus</strong></span> <span class='ocrx_word' id='word_1_164' title='bbox 1873 2395 1918 2464; x_wconf 91' lang='lat' dir='ltr'><strong>ad</strong></span> <span class='ocrx_word' id='word_1_165' title='bbox 1941 2392 2220 2480; x_wconf 89' lang='lat' dir='ltr'><strong>componendum</strong></span> <span class='ocrx_word' id='word_1_166' title='bbox 2237 2394 2346 2461; x_wconf 92' lang='lat' dir='ltr'><strong>michi</strong></span> <span class='ocrx_word' id='word_1_167' title='bbox 2365 2392 2453 2459; x_wconf 92' lang='lat' dir='ltr'><strong>mei-</strong></span> 
     </span>
     <span class='ocr_line' id='line_1_14' title="bbox 605 2543 2450 2632; baseline -0.003 -18"><span class='ocrx_word' id='word_1_168' title='bbox 605 2565 676 2632; x_wconf 87' lang='lat' dir='ltr'><strong>que</strong></span> <span class='ocrx_word' id='word_1_169' title='bbox 701 2545 892 2613; x_wconf 83' lang='lat' dir='ltr'><strong>heredibus</strong></span> <span class='ocrx_word' id='word_1_170' title='bbox 915 2544 1045 2632; x_wconf 82' lang='lat' dir='ltr'><strong>uiginti</strong></span> <span class='ocrx_word' id='word_1_171' title='bbox 1063 2548 1143 2614; x_wconf 90' lang='lat' dir='ltr'><strong>auri</strong></span> <span class='ocrx_word' id='word_1_172' title='bbox 1160 2545 1262 2612; x_wconf 93' lang='lat' dir='ltr'><strong>solidi</strong></span> <span class='ocrx_word' id='word_1_173' title='bbox 1286 2547 1581 2614; x_wconf 89' lang='lat' dir='ltr'><strong>constantiniani.</strong></span> <span class='ocrx_word' id='word_1_174' title='bbox 1606 2549 1847 2615; x_wconf 82' lang='lat' dir='ltr'><strong>verumtamen</strong></span> <span class='ocrx_word' id='word_1_175' title='bbox 1870 2565 1910 2613; x_wconf 90' lang='lat' dir='ltr'><strong>oc</strong></span> <span class='ocrx_word' id='word_1_176' title='bbox 1927 2546 2168 2630; x_wconf 82' lang='lat' dir='ltr'><strong>recordamus,</strong></span> <span class='ocrx_word' id='word_1_177' title='bbox 2187 2548 2227 2612; x_wconf 93' lang='lat' dir='ltr'><strong>ut</strong></span> <span class='ocrx_word' id='word_1_178' title='bbox 2243 2545 2311 2631; x_wconf 89' lang='lat' dir='ltr'><strong>ipsi</strong></span> <span class='ocrx_word' id='word_1_179' title='bbox 2337 2543 2450 2612; x_wconf 75' lang='lat' dir='ltr'><strong>lai-ori</strong></span> 
     </span>
     <span class='ocr_line' id='line_1_15' title="bbox 602 2695 2456 2786; baseline -0.003 -20"><span class='ocrx_word' id='word_1_180' title='bbox 602 2699 694 2785; x_wconf 91' lang='lat' dir='ltr'><strong>quod</strong></span> <span class='ocrx_word' id='word_1_181' title='bbox 717 2718 827 2784; x_wconf 89' lang='lat' dir='ltr'><strong>supra</strong></span> <span class='ocrx_word' id='word_1_182' title='bbox 850 2699 1018 2784; x_wconf 86' lang='lat' dir='ltr'><strong>diximus,</strong></span> <span class='ocrx_word' id='word_1_183' title='bbox 1043 2697 1116 2765; x_wconf 93' lang='lat' dir='ltr'><strong>illis</strong></span> <span class='ocrx_word' id='word_1_184' title='bbox 1142 2698 1208 2785; x_wconf 91' lang='lat' dir='ltr'><strong>ipsi</strong></span> <span class='ocrx_word' id='word_1_185' title='bbox 1233 2696 1348 2766; x_wconf 89' lang='lat' dir='ltr'><strong>lavori</strong></span> <span class='ocrx_word' id='word_1_186' title='bbox 1370 2717 1523 2784; x_wconf 85' lang='lat' dir='ltr'><strong>zappare</strong></span> <span class='ocrx_word' id='word_1_187' title='bbox 1546 2707 1581 2768; x_wconf 89' lang='lat' dir='ltr'><strong>et</strong></span> <span class='ocrx_word' id='word_1_188' title='bbox 1605 2698 1762 2768; x_wconf 89' lang='lat' dir='ltr'><strong>studiare</strong></span> <span class='ocrx_word' id='word_1_189' title='bbox 1776 2749 1786 2786; x_wconf 94' lang='lat'><strong>,</strong></span> <span class='ocrx_word' id='word_1_190' title='bbox 1810 2701 1904 2767; x_wconf 89' lang='lat' dir='ltr'><strong>sicut</strong></span> <span class='ocrx_word' id='word_1_191' title='bbox 1928 2697 2101 2766; x_wconf 91' lang='lat' dir='ltr'><strong>meruerit</strong></span> <span class='ocrx_word' id='word_1_192' title='bbox 2135 2700 2277 2764; x_wconf 91' lang='lat' dir='ltr'><strong>tantum</strong></span> <span class='ocrx_word' id='word_1_193' title='bbox 2302 2695 2349 2763; x_wconf 87' lang='lat' dir='ltr'><strong>ad</strong></span> <span class='ocrx_word' id='word_1_194' title='bbox 2382 2712 2456 2761; x_wconf 92' lang='lat' dir='ltr'><strong>om·</strong></span> 
     </span>
     <span class='ocr_line' id='line_1_16' title="bbox 601 2848 2453 2938; baseline -0.004 -19"><span class='ocrx_word' id='word_1_195' title='bbox 601 2855 664 2920; x_wconf 90' lang='lat' dir='ltr'><strong>nia</strong></span> <span class='ocrx_word' id='word_1_196' title='bbox 688 2852 823 2922; x_wconf 87' lang='lat' dir='ltr'><strong>lactum</strong></span> <span class='ocrx_word' id='word_1_197' title='bbox 849 2852 916 2938; x_wconf 91' lang='lat' dir='ltr'><strong>ipsi</strong></span> <span class='ocrx_word' id='word_1_198' title='bbox 941 2853 1054 2920; x_wconf 90' lang='lat' dir='ltr'><strong>lavori</strong></span> <span class='ocrx_word' id='word_1_199' title='bbox 1080 2853 1305 2920; x_wconf 89' lang='lat' dir='ltr'><strong>medietatem</strong></span> <span class='ocrx_word' id='word_1_200' title='bbox 1329 2851 1411 2920; x_wconf 92' lang='lat' dir='ltr'><strong>inde</strong></span> <span class='ocrx_word' id='word_1_201' title='bbox 1435 2851 1537 2918; x_wconf 89' lang='lat' dir='ltr'><strong>nobis</strong></span> <span class='ocrx_word' id='word_1_202' title='bbox 1560 2849 1670 2920; x_wconf 88' lang='lat' dir='ltr'><strong>deant</strong></span> <span class='ocrx_word' id='word_1_203' title='bbox 1686 2849 1924 2921; x_wconf 85' lang='lat' dir='ltr'><strong>medietatem.</strong></span> <span class='ocrx_word' id='word_1_204' title='bbox 1942 2855 1978 2917; x_wconf 93' lang='lat' dir='ltr'><strong>et</strong></span> <span class='ocrx_word' id='word_1_205' title='bbox 1994 2867 2064 2915; x_wconf 88' lang='lat' dir='ltr'><strong>unc</strong></span> <span class='ocrx_word' id='word_1_206' title='bbox 2080 2851 2224 2916; x_wconf 89' lang='lat' dir='ltr'><strong>brebem</strong></span> <span class='ocrx_word' id='word_1_207' title='bbox 2241 2848 2367 2935; x_wconf 85' lang='lat' dir='ltr'><strong>scripsi</strong></span> <span class='ocrx_word' id='word_1_208' title='bbox 2387 2864 2453 2935; x_wconf 80' lang='lat' dir='ltr'><strong>ego</strong></span> 
     </span>
     <span class='ocr_line' id='line_1_17' title="bbox 603 3005 1250 3091; baseline -0.005 -17"><span class='ocrx_word' id='word_1_209' title='bbox 603 3007 775 3074; x_wconf 91' lang='lat' dir='ltr'><strong>iohannes</strong></span> <span class='ocrx_word' id='word_1_210' title='bbox 799 3005 962 3072; x_wconf 88' lang='lat' dir='ltr'><strong>notarius</strong></span> <span class='ocrx_word' id='word_1_211' title='bbox 985 3006 1047 3091; x_wconf 92' lang='lat' dir='ltr'><strong>qui</strong></span> <span class='ocrx_word' id='word_1_212' title='bbox 1074 3005 1250 3073; x_wconf 81' lang='lat' dir='ltr'><strong>interfuit.</strong></span> 
     </span>
    </p>
   </div>
   <div class='ocr_carea' id='block_1_3' title="bbox 519 3127 1020 3244">
    <p class='ocr_par' dir='ltr' id='par_1_3' title="bbox 519 3127 1020 3244">
     <span class='ocr_line' id='line_1_18' title="bbox 519 3127 1020 3244; baseline 0.002 -21"><span class='ocrx_word' id='word_1_213' title='bbox 519 3149 523 3158; x_wconf 82' lang='lat'>&#39;</span> <span class='ocrx_word' id='word_1_214' title='bbox 652 3127 682 3240; x_wconf 89' lang='lat'>†</span> <span class='ocrx_word' id='word_1_215' title='bbox 709 3175 775 3244; x_wconf 85' lang='lat' dir='ltr'><strong>ego</strong></span> <span class='ocrx_word' id='word_1_216' title='bbox 798 3155 1020 3243; x_wconf 85' lang='lat' dir='ltr'><strong>guandelleri</strong></span> 
     </span>
    </p>
   </div>
   <div class='ocr_carea' id='block_1_4' title="bbox 649 3282 1010 3396">
    <p class='ocr_par' dir='ltr' id='par_1_4' title="bbox 649 3282 1010 3396">
     <span class='ocr_line' id='line_1_19' title="bbox 649 3282 1010 3396; baseline -0.008 -20"><span class='ocrx_word' id='word_1_217' title='bbox 649 3282 679 3396; x_wconf 83' lang='lat'>†</span> <span class='ocrx_word' id='word_1_218' title='bbox 705 3326 773 3396; x_wconf 84' lang='lat' dir='ltr'><strong>ego</strong></span> <span class='ocrx_word' id='word_1_219' title='bbox 798 3309 1010 3378; x_wconf 88' lang='lat' dir='ltr'><strong>romoaldus.</strong></span> 
     </span>
    </p>
   </div>
   <div class='ocr_carea' id='block_1_5' title="bbox 1325 3566 1747 3580">
    <p class='ocr_par' dir='ltr' id='par_1_5' title="bbox 1325 3566 1747 3580">
     <span class='ocr_line' id='line_1_20' title="bbox 1325 3566 1747 3580; baseline 0.002 -3"><span class='ocrx_word' id='word_1_220' title='bbox 1325 3566 1747 3580; x_wconf 55' lang='lat' dir='ltr'><strong>m*</strong></span> 
     </span>
    </p>
   </div>
   <div class='ocr_carea' id='block_1_6' title="bbox 1438 3830 1616 3912">
    <p class='ocr_par' dir='ltr' id='par_1_6' title="bbox 1438 3830 1616 3912">
     <span class='ocr_line' id='line_1_21' title="bbox 1438 3830 1616 3912; baseline -0.067 0"><span class='ocrx_word' id='word_1_221' title='bbox 1438 3830 1616 3912; x_wconf 89' lang='lat' dir='ltr'><strong>MXII.</strong></span> 
     </span>
    </p>
   </div>
   <div class='ocr_carea' id='block_1_7' title="bbox 1384 4122 1673 4202">
    <p class='ocr_par' dir='ltr' id='par_1_7' title="bbox 1384 4122 1673 4202">
     <span class='ocr_line' id='line_1_22' title="bbox 1384 4122 1673 4202; baseline -0.024 -2"><span class='ocrx_word' id='word_1_222' title='bbox 1384 4125 1440 4200; x_wconf 88' lang='lat' dir='ltr'><strong>A.</strong></span> <span class='ocrx_word' id='word_1_223' title='bbox 1466 4127 1520 4200; x_wconf 90' lang='lat' dir='ltr'><strong>D.</strong></span> <span class='ocrx_word' id='word_1_224' title='bbox 1547 4122 1673 4202; x_wconf 84' lang='lat'><strong>1042.</strong></span> 
     </span>
    </p>
   </div>
   <div class='ocr_carea' id='block_1_8' title="bbox 544 4381 2457 5996">
    <p class='ocr_par' dir='ltr' id='par_1_8' title="bbox 646 4381 930 4451">
     <span class='ocr_line' id='line_1_23' title="bbox 646 4381 930 4451; baseline -0.025 0"><span class='ocrx_word' id='word_1_225' title='bbox 646 4381 930 4451; x_wconf 69' lang='lat' dir='ltr'><strong>Seminarium.-</strong></span> 
     </span>
    </p>

    <p class='ocr_par' dir='ltr' id='par_1_9' title="bbox 602 4507 2457 4926">
     <span class='ocr_line' id='line_1_24' title="bbox 654 4507 2456 4622; baseline -0.001 -19"><span class='ocrx_word' id='word_1_226' title='bbox 654 4507 683 4622; x_wconf 92' lang='lat'>†</span> <span class='ocrx_word' id='word_1_227' title='bbox 708 4533 1023 4622; x_wconf 78' lang='lat' dir='ltr'><strong>vigesimoquinto</strong></span> <span class='ocrx_word' id='word_1_228' title='bbox 1046 4549 1142 4601; x_wconf 88' lang='lat' dir='ltr'><strong>anno</strong></span> <span class='ocrx_word' id='word_1_229' title='bbox 1165 4533 1392 4618; x_wconf 87' lang='lat' dir='ltr'><strong>Principatus</strong></span> <span class='ocrx_word' id='word_1_230' title='bbox 1416 4533 1552 4602; x_wconf 88' lang='lat' dir='ltr'><strong>Salerni</strong></span> <span class='ocrx_word' id='word_1_231' title='bbox 1577 4533 1789 4620; x_wconf 88' lang='lat' dir='ltr'><strong>Guaimarii,</strong></span> <span class='ocrx_word' id='word_1_232' title='bbox 1819 4539 1855 4601; x_wconf 93' lang='lat' dir='ltr'><strong>et</strong></span> <span class='ocrx_word' id='word_1_233' title='bbox 1883 4534 2007 4620; x_wconf 90' lang='lat' dir='ltr'><strong>quinto</strong></span> <span class='ocrx_word' id='word_1_234' title='bbox 2033 4535 2263 4620; x_wconf 90' lang='lat' dir='ltr'><strong>Principatus</strong></span> <span class='ocrx_word' id='word_1_235' title='bbox 2287 4535 2366 4602; x_wconf 89' lang='lat' dir='ltr'><strong>eius</strong></span> <span class='ocrx_word' id='word_1_236' title='bbox 2389 4533 2456 4601; x_wconf 80' lang='lat' dir='ltr'><strong>Ga·</strong></span> 
     </span>
     <span class='ocr_line' id='line_1_25' title="bbox 606 4685 2457 4777; baseline -0.003 -19"><span class='ocrx_word' id='word_1_237' title='bbox 606 4709 720 4777; x_wconf 84' lang='lat' dir='ltr'><strong>puae,</strong></span> <span class='ocrx_word' id='word_1_238' title='bbox 744 4696 780 4758; x_wconf 90' lang='lat' dir='ltr'><strong>et</strong></span> <span class='ocrx_word' id='word_1_239' title='bbox 802 4693 929 4774; x_wconf 86' lang='lat' dir='ltr'><strong>quarto</strong></span> <span class='ocrx_word' id='word_1_240' title='bbox 953 4686 1106 4754; x_wconf 86' lang='lat' dir='ltr'><strong>Sirrenti</strong></span> <span class='ocrx_word' id='word_1_241' title='bbox 1130 4691 1166 4754; x_wconf 93' lang='lat' dir='ltr'><strong>et</strong></span> <span class='ocrx_word' id='word_1_242' title='bbox 1189 4685 1427 4770; x_wconf 70' lang='lat' dir='ltr'><strong>amalphiae,</strong></span> <span class='ocrx_word' id='word_1_243' title='bbox 1453 4691 1489 4752; x_wconf 91' lang='lat' dir='ltr'><strong>et</strong></span> <span class='ocrx_word' id='word_1_244' title='bbox 1513 4687 1627 4770; x_wconf 91' lang='lat' dir='ltr'><strong>primo</strong></span> <span class='ocrx_word' id='word_1_245' title='bbox 1651 4703 1746 4754; x_wconf 89' lang='lat' dir='ltr'><strong>anno</strong></span> <span class='ocrx_word' id='word_1_246' title='bbox 1777 4685 1956 4753; x_wconf 87' lang='lat' dir='ltr'><strong>diciorum</strong></span> <span class='ocrx_word' id='word_1_247' title='bbox 1979 4685 2253 4771; x_wconf 88' lang='lat' dir='ltr'><strong>Principatunm</strong></span> <span class='ocrx_word' id='word_1_248' title='bbox 2285 4689 2322 4752; x_wconf 84' lang='lat' dir='ltr'><strong>et</strong></span> <span class='ocrx_word' id='word_1_249' title='bbox 2345 4686 2457 4754; x_wconf 90' lang='lat' dir='ltr'><strong>Duca-</strong></span> 
     </span>
     <span class='ocr_line' id='line_1_26' title="bbox 602 4839 1728 4926; baseline -0.005 -14"><span class='ocrx_word' id='word_1_250' title='bbox 602 4849 702 4912; x_wconf 85' lang='lat' dir='ltr'><strong>tuum</strong></span> <span class='ocrx_word' id='word_1_251' title='bbox 727 4841 851 4911; x_wconf 86' lang='lat' dir='ltr'><strong>Gisuld</strong></span> <span class='ocrx_word' id='word_1_252' title='bbox 876 4841 940 4908; x_wconf 88' lang='lat' dir='ltr'><strong>dlii</strong></span> <span class='ocrx_word' id='word_1_253' title='bbox 965 4841 1056 4926; x_wconf 80' lang='lat' dir='ltr'><strong>cius,</strong></span> <span class='ocrx_word' id='word_1_254' title='bbox 1080 4858 1202 4908; x_wconf 90' lang='lat' dir='ltr'><strong>mense</strong></span> <span class='ocrx_word' id='word_1_255' title='bbox 1224 4839 1427 4926; x_wconf 85' lang='lat' dir='ltr'><strong>Novembri,</strong></span> <span class='ocrx_word' id='word_1_256' title='bbox 1451 4841 1499 4907; x_wconf 85' lang='lat' dir='ltr'><strong>Xl</strong></span> <span class='ocrx_word' id='word_1_257' title='bbox 1522 4839 1728 4907; x_wconf 88' lang='lat' dir='ltr'><strong>indictione.</strong></span> 
     </span>
    </p>

    <p class='ocr_par' dir='ltr' id='par_1_10' title="bbox 544 4948 2456 5384">
     <span class='ocr_line' id='line_1_27' title="bbox 544 4948 2456 5092; baseline -0.001 -32"><span class='ocrx_word' id='word_1_258' title='bbox 544 5083 547 5088; x_wconf 22' lang='grc' dir='ltr'>Ι</span> <span class='ocrx_word' id='word_1_259' title='bbox 648 4994 806 5063; x_wconf 87' lang='lat' dir='ltr'><strong>Traditio</strong></span> <span class='ocrx_word' id='word_1_260' title='bbox 829 5000 948 5092; x_wconf 87' lang='lat' dir='ltr'><strong>terrae</strong></span> <span class='ocrx_word' id='word_1_261' title='bbox 972 5013 1051 5061; x_wconf 91' lang='lat' dir='ltr'><strong>cum</strong></span> <span class='ocrx_word' id='word_1_262' title='bbox 1075 4993 1181 5060; x_wconf 90' lang='lat' dir='ltr'><strong>vinea</strong></span> <span class='ocrx_word' id='word_1_263' title='bbox 1213 4993 1249 5058; x_wconf 91' lang='lat' dir='ltr'><strong>in</strong></span> <span class='ocrx_word' id='word_1_264' title='bbox 1283 4992 1357 5059; x_wconf 91' lang='lat' dir='ltr'><strong>loco</strong></span> <span class='ocrx_word' id='word_1_265' title='bbox 1387 4995 1616 5078; x_wconf 85' lang='lat' dir='ltr'><strong>Apus-monte</strong></span> <span class='ocrx_word' id='word_1_266' title='bbox 1644 4948 1857 5078; x_wconf 82' lang='lat' dir='ltr'><strong>pertinentis</strong></span> <span class='ocrx_word' id='word_1_267' title='bbox 1881 4989 1926 5060; x_wconf 92' lang='lat' dir='ltr'><strong>ad</strong></span> <span class='ocrx_word' id='word_1_268' title='bbox 1949 4989 2135 5059; x_wconf 87' lang='lat' dir='ltr'><strong>ecclesiam</strong></span> <span class='ocrx_word' id='word_1_269' title='bbox 2159 4993 2276 5060; x_wconf 90' lang='lat' dir='ltr'><strong>sancti</strong></span> <span class='ocrx_word' id='word_1_270' title='bbox 2300 4989 2456 5086; x_wconf 27' lang='lat' dir='ltr'><strong>Maxim-i</strong></span> 
     </span>
     <span class='ocr_line' id='line_1_28' title="bbox 601 5141 2454 5234; baseline -0.005 -12"><span class='ocrx_word' id='word_1_271' title='bbox 601 5141 766 5234; x_wconf 76' lang='lat' dir='ltr'><strong>(Salerni)</strong></span> <span class='ocrx_word' id='word_1_272' title='bbox 792 5147 887 5215; x_wconf 84' lang='lat' dir='ltr'><strong>lacta</strong></span> <span class='ocrx_word' id='word_1_273' title='bbox 910 5163 972 5231; x_wconf 90' lang='lat' dir='ltr'><strong>per</strong></span> <span class='ocrx_word' id='word_1_274' title='bbox 989 5145 1184 5212; x_wconf 89' lang='lat' dir='ltr'><strong>iussionem</strong></span> <span class='ocrx_word' id='word_1_275' title='bbox 1209 5145 1376 5212; x_wconf 78' lang='lat' dir='ltr'><strong>,ldelferii</strong></span> <span class='ocrx_word' id='word_1_276' title='bbox 1394 5145 1695 5231; x_wconf 89' lang='lat' dir='ltr'><strong>archipresbyteri</strong></span> <span class='ocrx_word' id='word_1_277' title='bbox 1720 5151 1757 5211; x_wconf 90' lang='lat' dir='ltr'><strong>et</strong></span> <span class='ocrx_word' id='word_1_278' title='bbox 1774 5144 1922 5212; x_wconf 79' lang='lat' dir='ltr'><strong>Abbatis</strong></span> <span class='ocrx_word' id='word_1_279' title='bbox 1946 5144 2104 5213; x_wconf 89' lang='lat' dir='ltr'><strong>eiusdem</strong></span> <span class='ocrx_word' id='word_1_280' title='bbox 2121 5146 2292 5214; x_wconf 89' lang='lat' dir='ltr'><strong>ecclesiae</strong></span> <span class='ocrx_word' id='word_1_281' title='bbox 2312 5145 2454 5213; x_wconf 89' lang='lat' dir='ltr'><strong>cuidam</strong></span> 
     </span>
     <span class='ocr_line' id='line_1_29' title="bbox 601 5267 1889 5384; baseline -0.005 -17"><span class='ocrx_word' id='word_1_282' title='bbox 601 5301 714 5367; x_wconf 88' lang='lat' dir='ltr'><strong>Memo</strong></span> <span class='ocrx_word' id='word_1_283' title='bbox 738 5318 760 5365; x_wconf 92' lang='lat' dir='ltr'><strong>a</strong></span> <span class='ocrx_word' id='word_1_284' title='bbox 783 5298 935 5384; x_wconf 90' lang='lat' dir='ltr'><strong>quodam</strong></span> <span class='ocrx_word' id='word_1_285' title='bbox 961 5299 1076 5364; x_wconf 89' lang='lat' dir='ltr'><strong>Leone</strong></span> <span class='ocrx_word' id='word_1_286' title='bbox 1099 5315 1162 5382; x_wconf 88' lang='lat' dir='ltr'><strong>pro</strong></span> <span class='ocrx_word' id='word_1_287' title='bbox 1184 5267 1375 5364; x_wconf 82' lang='lat' dir='ltr'><strong>medietate</strong></span> <span class='ocrx_word' id='word_1_288' title='bbox 1401 5297 1473 5363; x_wconf 89' lang='lat' dir='ltr'><strong>vini</strong></span> <span class='ocrx_word' id='word_1_289' title='bbox 1498 5303 1535 5363; x_wconf 92' lang='lat' dir='ltr'><strong>et</strong></span> <span class='ocrx_word' id='word_1_290' title='bbox 1558 5313 1680 5363; x_wconf 91' lang='lat' dir='ltr'><strong>annuo</strong></span> <span class='ocrx_word' id='word_1_291' title='bbox 1705 5295 1889 5364; x_wconf 80' lang='lat' dir='ltr'><strong>terratico.</strong></span> 
     </span>
    </p>

    <p class='ocr_par' dir='ltr' id='par_1_11' title="bbox 649 5447 1588 5534">
     <span class='ocr_line' id='line_1_30' title="bbox 649 5447 1588 5534; baseline -0.001 -21"><span class='ocrx_word' id='word_1_292' title='bbox 649 5447 892 5534; x_wconf 83' lang='lat' dir='ltr'><strong>Troppoaldus</strong></span> <span class='ocrx_word' id='word_1_293' title='bbox 917 5447 1081 5515; x_wconf 85' lang='lat' dir='ltr'><strong>notarius</strong></span> <span class='ocrx_word' id='word_1_294' title='bbox 1105 5447 1201 5515; x_wconf 86' lang='lat' dir='ltr'><strong>hanc</strong></span> <span class='ocrx_word' id='word_1_295' title='bbox 1224 5447 1386 5513; x_wconf 87' lang='lat' dir='ltr'><strong>chartam</strong></span> <span class='ocrx_word' id='word_1_296' title='bbox 1410 5449 1588 5514; x_wconf 81' lang='lat' dir='ltr'><strong>exaravit.</strong></span> 
     </span>
    </p>

    <p class='ocr_par' dir='ltr' id='par_1_12' title="bbox 653 5601 1138 5687">
     <span class='ocr_line' id='line_1_31' title="bbox 653 5601 1138 5687; baseline -0.016 -19"><span class='ocrx_word' id='word_1_297' title='bbox 653 5601 934 5687; x_wconf 75' lang='lat' dir='ltr'><strong>Subscriptioucs</strong></span> <span class='ocrx_word' id='word_1_298' title='bbox 959 5601 1138 5667; x_wconf 83' lang='lat' dir='ltr'><strong>testium»</strong></span> 
     </span>
    </p>

    <p class='ocr_par' dir='ltr' id='par_1_13' title="bbox 655 5723 995 5840">
     <span class='ocr_line' id='line_1_32' title="bbox 655 5723 995 5840; baseline 0.009 -23"><span class='ocrx_word' id='word_1_299' title='bbox 655 5723 685 5840; x_wconf 92' lang='lat'>†</span> <span class='ocrx_word' id='word_1_300' title='bbox 712 5754 787 5839; x_wconf 85' lang='lat' dir='ltr'><strong>Ego</strong></span> <span class='ocrx_word' id='word_1_301' title='bbox 810 5753 995 5821; x_wconf 88' lang='lat' dir='ltr'><strong>Mirandus</strong></span> 
     </span>
    </p>

    <p class='ocr_par' dir='ltr' id='par_1_14' title="bbox 655 5881 917 5996">
     <span class='ocr_line' id='line_1_33' title="bbox 655 5881 917 5996; baseline 0.011 -23"><span class='ocrx_word' id='word_1_302' title='bbox 655 5881 686 5994; x_wconf 87' lang='lat'>†</span> <span class='ocrx_word' id='word_1_303' title='bbox 712 5911 786 5996; x_wconf 85' lang='lat' dir='ltr'><strong>Ego</strong></span> <span class='ocrx_word' id='word_1_304' title='bbox 809 5909 917 5976; x_wconf 75' lang='lat' dir='ltr'><strong>Malu,</strong></span> 
     </span>
    </p>
   </div>
   <div class='ocr_carea' id='block_1_9' title="bbox 0 0 2709 7108">
    <p class='ocr_par' dir='ltr' id='par_1_15' title="bbox 0 0 2709 7108">
     <span class='ocr_line' id='line_1_34' title="bbox 0 0 2709 7108; baseline 0 0"><span class='ocrx_word' id='word_1_305' title='bbox 0 0 2709 7108; x_wconf 95' lang='lat' dir='ltr'><strong> </strong></span> 
     </span>
    </p>
   </div>
  </div>
 </body>
</html>
