5408 7108
992 497 1407 576 oreuoulrrous
1930 481 1933 488 '
2014 500 2087 574 rer

282 723 368 794 dine
391 721 478 791 dare
501 721 658 810 ipsorum
682 724 841 792 mansoni
865 729 902 795 et
924 725 1018 795 leoni
1041 726 1252 814 comitibus,
1277 732 1313 797 et
1337 727 1415 796 ideo
1437 745 1503 796 nos
1524 711 1683 797 iamdicti
1707 727 1781 796 sico
1804 732 1841 798 et
1862 731 2012 817 pe'rus,
2036 729 2131 797 sicut

222 862 224 866 ’
284 877 387 945 nobis
414 891 614 964 congruum
637 879 705 964 est,
728 879 820 947 bona
843 881 965 947 nostra
988 877 1171 949 boluntate
1192 899 1255 967 per
1277 882 1371 950 hanc
1394 881 1569 950 cartulam
1593 883 1716 951 Geram
1739 881 1921 970 presentia
1944 879 2059 951 amati
2076 881 2133 949 iu·

283 1029 356 1098 dici
393 1028 681 1098 commutationis
710 1029 859 1098 hordine
888 1031 1100 1101 tradidimus
1128 1033 1227 1099 vobis
1250 1032 1400 1102 exdictis
1422 1035 1605 1121 germanis
1627 1035 1815 1102 comitibus
1837 1037 1913 1102 tota
1936 1036 1974 1100 91
1999 1031 2131 1103 inclita

288 1182 368 1269 ipsa
393 1182 500 1249 rebus
522 1199 587 1270 per
609 1181 832 1268 supradictas
855 1183 943 1251 fines
966 1189 1001 1253 et
1015 1201 1211 1270 mensuras,
1226 1143 1307 1254 cum
1331 1189 1407 1256 vice
1422 1187 1465 1256 de
1482 1190 1542 1256 via
1564 1192 1681 1256 suaet
1697 1188 1819 1256 omnia
1842 1139 1938 1256 intro
1961 1205 1999 1256 se
2022 1188 2134 1258 aben·

284 1335 383 1404 tibus
407 1333 640 1423 omnibusque
663 1337 738 1406 suis
761 1336 1015 1426 pertinentiis,
1040 1338 1085 1408 ad
1107 1339 1282 1410 securiter
1316 1349 1352 1410 et
1375 1295 1526 1412 tirmiter
1550 1343 1674 1411 amodo
1697 1346 1733 1410 et
1755 1359 1894 1428 semper
1917 1359 1981 1408 nos
2005 1346 2042 1411 et
2064 1359 2134 1411 no·

288 1491 377 1558 stris
400 1489 566 1558 eredibus
589 1489 798 1576 supradicta
821 1497 945 1560 nostra
969 1491 1164 1560 traditione
1187 1493 1287 1560 vobis
1309 1493 1486 1562 abendam
1510 1499 1546 1563 et
1568 1496 1688 1564 omnia
1711 1495 1794 1564 inde
1818 1495 2019 1564 laciendum
2042 1494 2136 1582 quod

287 1643 491 1730 bolueritis,
516 1645 652 1729 absque
674 1643 769 1710 omni
795 1649 917 1713 nostra
940 1649 975 1713 et
1004 1645 1050 1713 de·
1077 1645 1210 1713 nostris
1239 1645 1402 1714 eredibus
1425 1645 1670 1732 requisitione.
1696 1648 1742 1714 Et
1765 1664 1828 1733 pro
1852 1645 2136 1716 confirmandam

286 1801 380 1867 hanc
404 1801 527 1865 nostra
552 1798 831 1866 commutatione
854 1797 1051 1886 recepimus
1085 1817 1107 1866 a
1136 1815 1200 1865 vos
1223 1796 1390 1884 predictis
1412 1800 1596 1885 germanis
1619 1798 1808 1866 comitibus
1833 1817 1896 1885 per
1919 1800 2029 1868 aliam
2054 1820 2136 1870 car·

287 1950 420 2036 tutam,
445 1969 552 2036 quam
576 1954 665 2037 aput
687 1967 751 2016 nos
775 1948 969 2018 retinemus
991 1949 1175 2037 scriptam,
1199 1953 1242 2021 de
1265 1950 1340 2020 alia
1363 1952 1470 2019 rebus
1493 1955 1618 2022 nostra
1643 1951 1763 2040 ibique
1780 1955 1979 2040 propinquo
1997 1955 2036 2020 in
2061 1956 2137 2042 ipso

289 2101 375 2193 loco,
393 2110 530 2192 quaest
554 2109 652 2172 terra
677 2123 757 2172 cum
781 2107 927 2176 arbusto
952 2112 988 2176 et
1010 2109 1134 2177 vacibo
1158 2126 1228 2176 uno
1251 2109 1409 2177 teniente
1434 2126 1496 2194 per
1519 2127 1559 2178 as
1582 2110 1672 2177 fines
1695 2113 1731 2177 'et
1754 2128 1951 2182 mensuras:
1978 2112 2008 2175 A
2033 2111 2135 2176 meri-

289 2258 347 2326 die
370 2260 441 2326 iine
465 2258 624 2345 predicta
649 2260 754 2325 rebus
779 2263 904 2328 nostra
925 2261 1018 2345 quod
1044 2262 1148 2328 nobis
1164 2260 1440 2348 reserbabimus,
1458 2266 1541 2329 sunt
1565 2260 1647 2328 inde
1670 2261 1765 2348 passi
1790 2261 1921 2350 viginti
1938 2261 2130 2349 quadtuor:
2219 2275 2222 2282 ⁴

293 2415 347 2482 Ab
369 2412 506 2480 oriente
529 2414 599 2481 line
623 2418 812 2498 vestraque
837 2412 1004 2500 germani
1029 2413 1245 2500 comitibus,
1270 2416 1306 2480 et
1330 2411 1412 2479 inde
1435 2417 1520 2480 sunt
1544 2413 1636 2498 passi
1667 2411 1908 2500 quadraginta
1930 2417 1967 2481 et
2001 2412 2070 2480 duo
2106 2405 2143 2481 e't

293 2563 449 2634 medium
472 2580 628 2648 passum:
654 2564 683 2630 A
708 2563 957 2650 septemtrione
981 2562 1147 2630 similiter
1164 2562 1235 2631 tlne
1259 2568 1446 2650 vestraque
1468 2567 1631 2650 germani
1664 2567 1867 2652 comitibus,
1891 2570 1927 2634 et
1950 2564 2033 2634 inde
2056 2572 2141 2634 sunt

294 2721 389 2810 passi
414 2723 570 2809 triginta
593 2724 782 2809 quadtuor:
811 2725 866 2792 Ab
887 2721 1074 2792 occidente
1100 2722 1171 2789 fine
1194 2722 1267 2808 via,
1292 2722 1375 2790 inde
1390 2725 1474 2791 sunt
1490 2719 1584 2807 passi
1601 2720 1857 2808 quadraginta,
1881 2721 2079 2788 mensurati
2094 2720 2141 2789 ad

296 2875 389 2946 iusto
413 2894 529 2962 passo.
566 2877 662 2946 Haec
685 2881 806 2946 autem
830 2875 992 2962 predicta
1025 2876 1131 2944 rebus
1155 2892 1218 2961 per
1243 2873 1469 2961 supradictas
1493 2874 1703 2960 posteriores
1726 2874 1815 2941 lines
1839 2879 1875 2941 et
1910 2891 2143 2941 mensuresa

298 3047 358 3098 vos
384 3031 565 3100 iamdictis
586 3033 770 3116 germanis
792 3031 984 3100 comitibus
1007 3029 1206 3116 recepimus
1228 3047 1309 3096 oum
1343 3027 1422 3097 vioe
1444 3029 1487 3097 de
1510 3029 1570 3097 via
1592 3046 1657 3096 sua
1680 3031 1820 3095 etcum
1843 3027 1964 3095 omnia
1989 3028 2085 3095 intro
2107 3045 2145 3094 se

300 3183 490 3254 abentibus
512 3187 548 3252 et
570 3183 736 3250 omnibus
759 3184 833 3250 suis
858 3182 1097 3272 pertinentiis,
1122 3184 1168 3253 ad
1192 3183 1393 3254 faciendum
1417 3184 1499 3253 inde
1522 3185 1642 3252 omnia
1665 3201 1734 3269 que
1757 3184 1859 3250 nobis
1883 3187 1920 3250 et
1942 3181 1988 3250 ad
2012 3183 2147 3250 nostris

294 3339 463 3438 eredibus
485 3338 700 3429 placuerint.
726 3339 824 3408 Unde
840 3357 903 3427 per
920 3339 1204 3408 convenientiam
1227 3337 1362 3426 guadia
1385 3337 1486 3406 vobis
1501 3335 1759 3424 prenominatis
1775 3336 1940 3423 germani
1964 3334 2145 3422 dedimus,

298 3501 335 3567 et
358 3477 565 3564 fideiussore
589 3493 688 3562 vobis
711 3497 893 3582 posuimus
909 3491 1056 3563 adsideri
1072 3509 1187 3560 comcs
1203 3491 1298 3558 tilius
1315 3489 1493 3576 quondam
1510 3487 1659 3575 risendi3
1677 3491 1713 3556 et
1727 3506 1790 3576 per
1808 3487 1885 3575 ipsa
1900 3487 2035 3574 guadia
2059 3489 2149 3557 obli·

308 3651 474 3738 gabimus
496 3666 561 3716 nos
585 3653 622 3717 et
647 3648 783 3715 nostris
805 3646 970 3714 eredibus
993 3643 1117 3714 amodo
1140 3649 1176 3712 et
1198 3659 1336 3729 semper
1358 3639 1614 3710 defensandum
1638 3639 1734 3706 vobis
1757 3641 1794 3707 et
1817 3639 1863 3708 ad
1886 3640 2014 3709 vestris
2036 3641 2150 3709 eredi-

302 3807 368 3872 bus
392 3807 469 3872 tota
493 3808 529 3870 et
551 3802 678 3871 inclita
701 3800 907 3891 supradicta
931 3801 1037 3868 rebus
1059 3816 1122 3885 per
1145 3795 1369 3884 supradictas
1393 3795 1482 3863 fines
1497 3796 1534 3862 et
1549 3812 1748 3882 mensuras,
1773 3796 1864 3883 quod
1895 3795 2058 3881 superius
2083 3813 2144 3862 vo-

306 3959 362 4026 bis
386 3956 673 4026 commutationis
696 3956 820 4024 ordine
843 3955 1056 4024 tradidimus
1079 3969 1160 4020 cum
1185 3953 1260 4018 vice
1283 3948 1327 4018 de
1348 3945 1409 4016 ria
1432 3965 1498 4016 sua
1520 3947 1566 4016 da
1588 3963 1709 4014 omnes
1731 3945 1905 4014 homines.
1930 3947 1975 4014 Et
2006 3948 2149 4034 quando

299 4129 362 4180 vos
389 4111 551 4182 iamdicti
577 4109 737 4196 germani
763 4109 953 4176 comitibus
975 4111 1013 4174 et
1035 4107 1162 4173 vestris
1185 4101 1350 4172 eredibus
1373 4101 1415 4169 de
1437 4101 1643 4189 supradicta
1665 4105 1789 4170 nostra
1811 4100 2003 4171 traditione
2027 4101 2149 4171 delen-

300 4283 397 4336 sores
422 4281 540 4334 essere
563 4263 757 4350 uolueritis,
782 4262 964 4330 licentiam
987 4264 1023 4329 et
1046 4262 1256 4346 potestatem
1278 4259 1416 4327 abeatis
1438 4257 1477 4324 in
1511 4258 1674 4324 omnibus
1698 4258 1781 4326 inde
1804 4275 1954 4326 causare
1979 4261 2014 4325 et
2039 4257 2148 4325 linem

233 4479 240 4494 .
298 4421 429 4507 facere,
455 4417 611 4506 qualiter
635 4415 833 4504 volueritiS,
856 4433 939 4482 cum
961 4431 1083 4481 omnes
1107 4411 1326 4481 moniminas
1340 4415 1376 4482 et
1394 4394 1563 4502 rationes,
1587 4433 1678 4502 quas
1702 4415 1785 4484 inde
1808 4416 1995 4485 ostendere
2028 4417 2151 4488 bolue·

303 4573 400 4642 ritis.
426 4575 471 4642 Et
493 4573 523 4640 si
547 4573 671 4642 taliter
694 4569 826 4655 omnia,
852 4568 1007 4656 qualiter
1031 4567 1195 4655 superius
1218 4566 1363 4654 legitur,
1381 4586 1444 4636 nos
1467 4573 1503 4637 et
1521 4571 1650 4638 nostris
1673 4571 1837 4640 eredibus
1861 4573 1959 4639 vobis
1975 4541 2169 4657 predictis·
2242 4669 2243 4674 Ἰ

299 4727 486 4816 germanis
509 4725 699 4794 comitibus
715 4729 752 4794 et
768 4724 813 4793 ad
838 4721 964 4790 vestris
986 4721 1151 4790 eredibus
1173 4738 1244 4787 non
1268 4719 1591 4810 adimpleberimus,
1607 4727 1644 4792 et
1660 4720 1753 4801 illut,
1771 4723 1863 4810 quod
1880 4723 2044 4810 superius
2064 4723 2149 4812 legi-

300 4887 374 4969 tur,
392 4879 449 4950 vel
466 4879 597 4948 exinde
615 4879 795 4946 remobere
814 4879 878 4944 aut
894 4880 1060 4943 contrare
1077 4849 1324 4962 quesierimus,
1341 4874 1397 4944 vel
1413 4877 1444 4943 si
1461 4875 1730 4964 qualiscumque
1746 4879 1974 4946 causationes
1991 4879 2093 4945 vobis
2116 4882 2153 4946 et

302 5033 348 5102 ad
372 5033 500 5103 vestris
522 5031 690 5101 eredibus
707 5030 840 5099 exinde
865 5029 1103 5116 emiserimuS,
1120 5023 1182 5116 per
1200 5029 1277 5116 ipsa
1294 5029 1429 5116 guadia
1444 5001 1652 5115 componere
1675 5029 1913 5116 obligavimus
1937 5047 2001 5098 nos
2027 5031 2153 5098 iamdi-

304 5188 355 5256 cti
379 5190 453 5255 sico
469 5193 505 5254 et
522 5190 646 5273 petrus
662 5189 697 5254 et
715 5185 847 5252 nostris
870 5182 1046 5267 eredibus,
1071 5183 1168 5248 vobis
1186 5182 1442 5267 prenominatis
1458 5183 1620 5250 mansoni
1644 5185 1680 5248 et
1696 5181 1790 5249 leoni
1814 5184 2016 5269 comitibus,
2042 5199 2153 5268 quam

304 5339 403 5410 etad
422 5339 548 5408 vestris
571 5337 750 5424 eredibus,
775 5341 917 5404 centum
935 5334 1015 5404 auri
1033 5333 1160 5403 solidos
1183 5335 1502 5420 constantinianus,
1519 5339 1554 5402 et
1576 5334 1697 5403 omnia
1719 5336 1974 5422 suprascripta,
1999 5333 2156 5421 qualiter

305 5492 473 5582 superius
493 5491 646 5579 legitur,
671 5507 735 5557 nos
752 5492 789 5558 et
811 5489 946 5557 nostris
962 5487 1127 5556 eredibus
1151 5487 1250 5555 vobis
1271 5492 1308 5554 et
1331 5487 1377 5556 ad
1396 5488 1519 5555 vestris
1543 5489 1708 5557 eredibus
1724 5488 1993 5576 adimpleamus.
2021 5491 2065 5556 itt
2089 5506 2154 5576 pro

309 5646 457 5734 cognita
479 5661 590 5714 causa
613 5645 900 5711 mensurabimus
924 5641 1005 5711 illut
1028 5643 1119 5731 quod
1144 5642 1244 5710 nobis
1268 5640 1540 5729 reserbabimus,
1570 5643 1629 5708 ubi
1653 5641 1819 5729 superius
1855 5643 2035 5728 posuimus
2063 5643 2154 5710 fines

307 5799 465 5885 nostras,
489 5801 525 5866 et
548 5801 603 5865 est
625 5796 671 5866 da
694 5797 796 5882 parte
819 5793 968 5864 meridie
991 5792 1186 5880 incipiente
1203 5795 1250 5863 ab
1266 5793 1343 5879 ipsa
1366 5795 1425 5862 via
1448 5813 1517 5883 que
1540 5800 1593 5864 est
1607 5797 1654 5865 ab
1678 5796 1755 5882 ipsa
1778 5814 1863 5881 pars
1885 5794 2094 5884 occidentis,
2118 5799 2155 5865 et
