5408 7108
990 504 1401 581 DlPLOMATlCUS

988 869 996 890 ’
1032 880 1344 963 MXXXIII.

1040 1180 1095 1254 A.
1123 1179 1176 1253 D.
1208 1177 1338 1251 1044.

306 1434 342 1572 †
367 1486 407 1552 ln
432 1485 576 1552 nomine
600 1482 741 1552 domini
766 1482 934 1550 vicesimo
957 1483 1058 1550 sexto
1081 1498 1177 1550 anno
1206 1480 1433 1568 principatus
1464 1479 1599 1550 salerni
1631 1480 1751 1548 domni
1781 1483 1894 1548 nostri
1924 1483 2120 1567 guaimarii

270 1638 414 1728 gloriosi
441 1637 627 1726 principis,
647 1639 683 1704 et
698 1639 799 1705 sexto
815 1653 910 1703 anno
927 1633 1156 1721 principatus
1181 1635 1256 1703 eius
1273 1654 1384 1721 capue
1400 1639 1436 1704 et
1451 1637 1477 1718 ¹)
1495 1635 1644 1704 ducatus
1661 1633 1814 1720 amalfis,
1831 1639 1867 1702 et
1883 1633 2006 1720 quinto
2023 1656 2119 1705 anno

273 1793 424 1862 ducatus
439 1791 519 1860 eius
534 1791 694 1877 sitienti,
712 1794 748 1859 et
764 1791 919 1859 secundo
935 1807 1031 1858 anno
1046 1787 1369 1876 suprascriptorum
1386 1791 1650 1875 principatuum
1669 1793 1704 1856 et
1721 1788 1915 1856 ducatuum
1930 1789 2050 1858 domni
2068 1792 2123 1878 gi·

276 1945 358 2014 sulfi
382 1945 507 2014 eximii
532 1943 685 2030 principi
712 1947 747 2010 et
770 1943 852 2010 duci
876 1941 941 2009 illii
967 1940 1058 2027 eius,
1082 1946 1119 2009 et
1141 1941 1295 2050 secando
1312 1960 1406 2010 anno
1421 1942 1572 2010 ducatus
1596 1941 1737 2009 illorum
1761 1942 1880 2028 apulie
1896 1947 1931 2010 et
1947 1943 2120 2030 calabrie,
2176 1946 2182 1957 ⁰

267 2117 389 2168 mense
413 2101 577 2186 martius,
602 2099 869 2185 quintadecima
893 2098 951 2165 die
975 2096 1137 2165 intrante
1169 2096 1377 2164 duodecima
1403 2097 1610 2163 indictione.
1642 2095 1788 2164 Declaro
1822 2115 1889 2184 ego
1926 2096 1977 2167 loo
2013 2099 2125 2167 atria·
2175 2181 2179 2192 ,

266 2253 389 2320 nensis
411 2249 508 2318 filius
531 2251 707 2335 quondam
732 2249 821 2337 ursi,
847 2250 1015 2338 quoniam
1035 2253 1126 2353 vante
1149 2267 1188 2316 os
1211 2249 1287 2316 dies
1313 2269 1375 2336 per
1401 2251 1505 2318 firma
1528 2249 1669 2320 cartula
1685 2257 1769 2320 ante
1788 2255 1970 2339 presentia
1996 2257 2118 2324 Amati

270 2404 380 2474 iudici
403 2405 643 2473 bendiderunt
666 2381 775 2470 m'ichi
801 2421 885 2470 urso
909 2402 1085 2490 presbiter
1108 2407 1143 2471 et.
1167 2403 1349 2472 maraldus
1373 2405 1537 2488 germani
1563 2404 1629 2470 filii
1654 2406 1832 2490 quondam
1857 2409 2007 2474 iohanni
2032 2409 2120 2494 pici-

271 2558 370 2626 niulo
396 2559 520 2626 inclita
546 2563 642 2625 terra
667 2562 703 2624 et
725 2575 806 2624 casa
832 2556 973 2623 illorum
998 2557 1041 2625 de
1066 2560 1163 2624 intus
1187 2576 1256 2626 ano
1279 2557 1539 2627 salernitanam
1565 2561 1750 2628 civitatem
1774 2561 1811 2627 in
1830 2563 1907 2628 bico
1924 2567 1959 2630 et
1977 2585 1998 2633 a
2015 2582 2122 2650 super

269 2712 421 2782 ecclesia
444 2719 566 2780 sancte
591 2714 791 2789 treuiimen,
810 2728 877 2798 que
894 2717 947 2778 cst
970 2730 1032 2797 per
1057 2714 1124 2780 hec
1147 2713 1231 2781 fluis
1254 2720 1289 2783 et
1313 2717 1508 2783 mensoria.
1529 2719 1678 2801 Aperte
1694 2717 1841 2782 orientis
1860 2719 1929 2783 fine
1946 2720 2018 2805 bia,
2038 2717 2121 2785 inde

267 2869 373 2956 pedes
395 2869 559 2938 sedecim.
586 2871 616 2936 A
641 2869 904 2956 septemtrionis
928 2868 1034 2954 pedes
1058 2868 1241 2936 duodecim
1260 2873 1296 2937 et
1313 2871 1482 2938 medium.
1501 2875 1530 2937 A
1547 2874 1649 2956 parte
1665 2871 1860 2938 occidentis
1878 2872 1982 2957 pedes
1999 2873 2122 2940 decem

270 3029 306 3092 et
330 3029 475 3110 septem.
501 3026 531 3090 A
555 3021 704 3090 meridie
728 3021 833 3108 pedes
857 3021 1143 3106 quattuordecim
1169 3027 1415 3090 mensuratum
1441 3024 1536 3092 iusta
1560 3025 1666 3110 pedes
1689 3044 1817 3094 manus
1841 3024 2008 3092 hominis.
2036 3029 2126 3094 Iam-

268 3179 367 3246 dicta
393 3183 491 3247 terra
515 3183 552 3246 et
576 3196 661 3244 casa
685 3195 749 3262 per
774 3175 965 3244 iamdictas
989 3176 1076 3242 fines
1093 3180 1129 3243 et
1146 3193 1332 3244 mensuras
1350 3175 1512 3244 inclitam
1531 3178 1628 3245 illam
1647 3180 1713 3264 ipsi
1732 3179 1894 3265 germani
1914 3180 2020 3246 michi
2041 3183 2126 3248 ben-

261 3331 434 3400 diderunt
459 3337 539 3399 cuin
565 3333 685 3398 omnia
710 3335 804 3398 intro
829 3350 867 3399 se
892 3331 1083 3400 abentibus
1106 3337 1141 3397 et
1165 3331 1241 3397 suis
1263 3333 1493 3417 pertinentiis
1508 3337 1544 3399 et
1561 3351 1641 3399 cum
1659 3335 1737 3399 bice
1753 3333 1796 3400 de
1813 3333 1870 3402 via
1890 3351 1968 3421 sua,
1986 3337 2021 3402 et
2039 3353 2128 3421 qua-

268 3484 353 3554 liter
378 3485 456 3554 illos
480 3485 581 3554 modo
605 3486 769 3554 conciata
792 3489 827 3553 et
851 3484 1019 3553 edificata
1041 3487 1110 3571 est,
1127 3482 1172 3553 ad
1190 3483 1390 3552 faciendum
1408 3485 1490 3553 inde
1507 3502 1573 3572 ego
1589 3489 1624 3552 et
1641 3502 1734 3551 meos
1750 3485 1873 3553 credes
1889 3490 2012 3557 omnia
2029 3489 2124 3575 quod

269 3641 515 3728 voluerimuS,
539 3639 635 3709 sicut
660 3641 740 3727 ipsa
763 3641 905 3710 cartula
928 3640 1087 3709 continet
1100 3689 1110 3725 ,
1135 3657 1204 3725 que
1228 3639 1363 3726 scripta
1386 3642 1439 3706 est
1460 3658 1524 3725 per
1547 3643 1669 3725 petrus
1692 3643 1867 3728 notarius,
1890 3645 1926 3709 et
1947 3641 1987 3708 in
2010 3661 2053 3712 ea
2077 3647 2129 3715 te·

266 3801 403 3866 statum
428 3796 542 3883 ipsum
568 3800 712 3863 amatus
736 3793 858 3862 iudex.
884 3795 930 3862 Et
952 3811 1148 3880 congruum
1173 3797 1226 3860 est
1240 3793 1342 3860 nobis
1359 3793 1483 3863 amodo
1500 3794 1626 3864 inolita
1642 3795 1721 3882 ipsa
1738 3800 1836 3866 terra
1858 3801 1894 3864 et
1916 3815 2013 3884 casa,
2037 3817 2126 3884 qua-

262 3948 346 4016 liter
370 3949 534 4016 conciata
556 3955 592 4015 et
615 3946 782 4016 edificata
804 3951 870 4025 est,
896 3945 979 4014 illas
1002 3945 1144 4014 tradere
1168 3945 1326 4032 ipsorum
1352 3947 1428 4014 ursi
1452 3947 1641 4034 presbiteri
1661 3953 1697 4015 et
1717 3947 1880 4017 moraldi.
1899 3947 1976 4016 Tali
1992 3950 2125 4033 tinore,

260 4109 303 4173 ut
325 4105 450 4202 amodo
473 4109 642 4189 eiusque
666 4119 776 4169 unum
799 4118 936 4169 annum
958 4103 995 4168 et
1018 4101 1199 4168 mensibus
1222 4119 1310 4188 sex,
1336 4107 1376 4171 ut
1397 4101 1520 4171 amodo
1544 4119 1581 4168 se
1605 4103 1822 4186 compleant,
1848 4100 1894 4169 ad
1918 4098 1993 4165 illis
2018 4105 2053 4168 et
2076 4100 2122 4167 ad
2196 4183 2200 4190 ⁵

265 4258 408 4328 illorum
431 4259 596 4326 eredibus
618 4259 691 4327 sint
713 4255 899 4345 potestatis
923 4273 982 4324 eos
1006 4259 1129 4325 tenere
1153 4262 1189 4325 et
1212 4259 1412 4345 dominare,
1429 4263 1465 4327 et
1482 4261 1521 4324 in
1537 4257 1615 4344 ipsa
1638 4275 1722 4326 casa
1747 4255 1904 4324 residere
1920 4261 1955 4324 et
1979 4255 2123 4324 abitare
2173 4257 2175 4262 '
2259 4349 2263 4362 ι

260 4435 345 4482 cum
369 4413 547 4486 ominibus
571 4431 723 4502 eorum,
746 4419 783 4482 et
804 4413 921 4480 omnis
945 4411 1088 4480 illorum
1112 4409 1281 4481 utilitatis
1305 4415 1401 4480 iusta
1425 4412 1601 4480 rationem
1626 4409 1757 4477 ibidem
1781 4409 1898 4478 iacere
1922 4412 1958 4477 et
1982 4407 2122 4478 nullam

263 4571 441 4640 rationem
464 4569 547 4637 inde
572 4568 676 4638 nobis
698 4567 798 4656 dare,
822 4569 910 4654 quia
926 4569 978 4634 sie
994 4565 1089 4634 inter
1113 4584 1177 4633 nos
1200 4565 1300 4634 stetit
1329 4571 1366 4633 et
1388 4564 1615 4651 complacuit.
1634 4563 1688 4632 Ad
1711 4561 1875 4652 completi
1899 4568 2021 4632 autem
2044 4563 2121 4651 ipso

273 4743 384 4793 unum
408 4739 544 4793 annum
569 4728 605 4791 et
629 4723 811 4789 mensibus
836 4740 922 4808 sex,
947 4725 988 4788 ut
1012 4720 1136 4788 amodo
1159 4740 1196 4789 se
1219 4719 1443 4807 compleant,
1469 4721 1577 4789 liceat
1601 4721 1668 4807 ipsi
1694 4737 1775 4787 urso
1792 4721 1966 4807 presbiter
1989 4724 2025 4788 et
2049 4716 2124 4786 ma·

264 4881 391 4950 raldus
415 4879 458 4947 de
482 4880 561 4967 ipsa
583 4882 685 4947 terra
708 4885 745 4946 et
768 4894 854 4946 casa
877 4876 980 4962 exire
1003 4894 1082 4942 cum
1105 4877 1222 4944 omnis
1246 4875 1391 4944 illorum
1416 4874 1559 4963 mobile,
1583 4878 1619 4944 et
1643 4873 1696 4940 ire
1720 4871 1781 4939 ubi
1799 4869 1967 4956 boluerit‚
1992 4872 2126 4956 absque

257 5035 359 5104 omni
383 5053 464 5104 mea
486 5038 523 5102 et
546 5034 589 5102 de
612 5033 702 5102 meis
725 5032 890 5102 eredibus
913 5031 1221 5118 contrarietatem,
1245 5036 1281 5098 et
1305 5029 1433 5099 inolita
1457 5029 1534 5117 ipsa
1551 5033 1651 5098 terra
1667 5032 1704 5096 et
1727 5045 1811 5097 casa
1835 5045 1897 5114 per
1920 5025 2123 5113 suprascri-

261 5194 342 5277 ptas
365 5190 454 5257 tinas
477 5192 514 5257 et
535 5205 722 5257 mensuras
743 5185 858 5273 salba,
884 5191 920 5254 et
941 5185 1127 5273 conciata,
1151 5183 1256 5272 quale
1280 5184 1361 5254 illas
1384 5202 1506 5254 eorum
1532 5185 1633 5252 modo
1657 5182 1817 5269 tradidi,
1842 5181 2024 5249 remittere
2049 5175 2123 5245 illis

257 5349 298 5412 et
321 5343 396 5410 suis
418 5339 584 5408 eredibus
606 5337 651 5408 ad
675 5343 847 5426 potestate
872 5355 955 5406 mea
978 5341 1014 5405 et
1033 5337 1076 5406 de
1101 5339 1189 5405 meis
1212 5337 1390 5426 eredibus,
1407 5338 1609 5407 laciendum
1635 5335 1717 5405 inde
1740 5337 1862 5405 omnia
1885 5331 1978 5420 quod
2002 5333 2122 5400 volue-
