5402 7088
967 557 1415 666 urruonurrcus
1536 661 1540 668 ι
1794 573 1797 580 ·
2026 554 2169 652 ao⁴

268 805 507 860 memoramus
531 793 566 858 et
590 789 667 875 ipsa
691 787 873 856 mensoria
891 789 945 854 est
962 783 1004 853 de
1022 781 1173 853 latitudo
1196 785 1231 850 et
1256 781 1437 870 longitudo
1453 800 1524 851 ana
1541 781 1646 868 pedes
1663 779 1822 868 sidecim,
1841 777 1932 866 quod
1957 776 2121 848 subiunsi

270 959 336 1030 ego
360 939 515 1010 esdictus
537 939 722 1026 iaquintus
745 935 919 1007 notarius.

315 1065 346 1181 †
371 1093 446 1182 Ego
470 1092 531 1180 qui
556 1110 664 1180 supra
686 1091 855 1181 grimoalt
878 1107 992 1159 comes
1016 1095 1052 1159 et
1075 1052 1196 1159 iudex.

315 1249 362 1312 ln
385 1247 457 1330 fine
478 1244 629 1354 chartae
650 1245 734 1314 hoec
756 1243 864 1312 verba
887 1245 1083 1328 sequuntur
1107 1265 1125 1307 s

319 1401 362 1470 de
386 1398 536 1470 latitudo
558 1367 663 1486 pedes
686 1397 805 1467 decem
830 1401 866 1467 ot
888 1402 966 1466 octo
991 1399 1092 1467 etde
1117 1398 1300 1486 longitudo
1324 1397 1427 1484 pedes
1450 1396 1582 1484 biginti
1608 1397 1699 1464 octo.

1013 1687 1269 1694 -----—-.--—.—...-.

976 2076 1408 2159 DCCCXXXVI.

991 2303 994 2311 ’
1048 2343 1105 2416 Α.
1135 2342 1188 2415 n.
1219 2329 1345 2418 1035.

281 2655 283 2658 ·
318 2575 354 2714 †
378 2630 418 2695 ln
442 2627 586 2696 nomine
621 2611 755 2696 domini
791 2627 1075 2714 septimodecimo
1110 2646 1205 2696 anno
1227 2627 1458 2714 ,principatus
1480 2627 1602 2694 domni
1630 2627 1743 2694 nostri
1767 2627 1945 2714 guaimari
1979 2629 2124 2715 gloriosi

277 2779 478 2865 principis,
502 2779 568 2846 filii
594 2779 714 2846 domui
738 2779 944 2867 guaimari,
968 2796 1089 2846 mense
1114 2780 1328 2866 ianuarius,
1353 2781 1461 2848 tertia
1485 2778 1691 2848 indictione.
1721 2778 2006 2862 Memoratorium
2029 2781 2127 2850 iactu

171 2947 175 2955 ·
273 2947 373 2996 ame
398 2927 502 2997 alferi
530 2930 659 2997 clerico
683 2933 718 2997 et
734 2932 844 2998 abbas
860 2927 1007 2998 ecclesia
1030 2909 1147 2998 sancti
1172 2931 1334 3018 maximi,
1360 2949 1431 2999 una
1455 2949 1592 2998 mecum
1610 2934 1701 2999 esset
1725 2936 1865 3001 amatus
1890 2931 1998 3000 iudex
2021 2931 2127 3001 adbo-

277 3086 376 3150 cator
401 3081 512 3166 ipsius
534 3080 692 3166 ecclesie,
717 3100 757 3148 eo
781 3081 871 3169 quod
888 3085 971 3149 ante
987 3082 1169 3166 presentia
1185 3083 1374 3168 grimoaldi
1393 3084 1511 3151 comiti
1526 3089 1561 3152 et
1578 3083 1687 3152 iudici
1707 3093 1767 3170 ¹per
1786 3086 1878 3151 bona
1902 3083 2127 3152 combenien·

278 3232 331 3298 tia
355 3231 568 3300 tradidimus
592 3233 720 3302 stefani
747 3233 823 3301 lilio
845 3235 1009 3301 mansoni
1032 3233 1075 3302 dc
1101 3237 1199 3301 terra
1224 3236 1352 3320 bacca,
1377 3234 1468 3320 quod
1485 3253 1566 3320 pars
1583 3223 1694 3320 ipsiu's
1709 3234 1857 3302 ecclesie
1874 3236 1957 3303 abet
1973 3235 2012 3302 in
2031 3235 2126 3321 plaio

279 3386 321 3452 de
345 3395 463 3452 monte
487 3386 585 3452 intus
610 3404 677 3454 ano
700 3386 959 3455 salernitanam
984 3387 1166 3456 cibitatem
1197 3408 1219 3456 a
1242 3405 1347 3474 super
1371 3387 1449 3474 ipsa
1472 3387 1622 3454 ecclesia
1651 3389 1767 3454 sancti
1797 3387 1975 3474 maximi,
2006 3394 2042 3456 et
2074 3393 2128 3457 est

281 3541 358 3628 ipsa
381 3522 479 3608 terra
502 3541 544 3608 de
567 3559 613 3608 ex
636 3542 731 3608 omui
755 3545 856 3628 parte
881 3541 951 3608 line
975 3541 1091 3644 ipsius
1109 3541 1269 3627 ecclesie,
1287 3544 1392 3608 etesi
1416 3549 1478 3626 per
1494 3541 1687 3608 mensoria:
1705 3561 1727 3609 a
1743 3541 1890 3608 meridie
1913 3545 1997 3608 sunt
2019 3540 2125 3628 pedes

284 3695 526 3782 quadraginta
549 3697 613 3761 sex
633 3717 640 3761 :
664 3664 715 3762 ab¹
733 3694 870 3762 oriente
894 3700 978 3762 sunt
1000 3693 1105 3781 pedes
1129 3684 1261 3780 triginti
1285 3692 1378 3760 duo:
1404 3711 1427 3760 a
1451 3692 1714 3778 septemtrionis
1738 3695 1821 3758 sunt
1846 3691 1951 3777 pedes
1974 3693 2129 3779 triginta
2180 3712 2184 3720 ·
2213 3747 2220 3762 .

280 3864 367 3917 sexa
386 3849 433 3916 ab
455 3847 637 3916 occidente
660 3851 744 3915 sunt
767 3846 872 3934 pedes
895 3847 1028 3933 triginti
1051 3809 1143 3932 duo,
1167 3850 1279 3914 totum
1302 3850 1544 3916 mensuratum
1567 3847 1614 3915 ad
1639 3850 1731 3915 iusto
1753 3815 1882 3932 pedem¹
1897 3865 2043 3916 manum
2068 3849 2130 3914 ho-

270 3996 433 4065 ·minum.
458 4001 533 4067 tota
557 3997 762 4084 supradicta
785 3997 981 4084 mensuria,
1005 3993 1097 4064 'sicut
1120 3995 1343 4087 dictumest,
1367 4017 1430 4066 nos
1445 3997 1567 4086 ¹ipsius
1589 3999 1720 4068 stefani
1742 3998 1969 4086 tradidimus,
1993 4001 2033 4070 in
2063 3999 2129 4070 tali

277 4150 417 4236 ordine,
442 4154 482 4217 ut
505 4149 629 4218 amodo
652 4154 689 4219 et
711 4167 824 4236 usque
847 4148 979 4236 biginti
1001 4151 1128 4218 nobem
1150 4151 1237 4218 anni
1261 4149 1460 4236 completim
1483 4150 1527 4218 ad
1552 4169 1618 4219 sua
1641 4155 1677 4218 et
1700 4149 1743 4218 de
1766 4150 1841 4218 suis
1866 4149 2030 4219 eredibus
2053 4139 2128 4221 sint

279 4300 467 4388 potestatis
491 4303 571 4388 ipsa
594 4308 693 4378 terra
717 4319 780 4388 per
803 4301 1009 4388 supradicta
1024 4301 1213 4402 mensoria
1235 4301 1428 4369 tenendum
1444 4305 1479 4370 et
1495 4301 1766 4387 dominandum,
1784 4308 1820 4369 et
1843 4301 1939 4370 iobee
1964 4307 2000 4369 et
2014 4303 2131 4370 vomnis

278 4447 422 4519 illorum
446 4451 616 4521 utilitatis
639 4453 734 4521 iusta
757 4453 898 4521 ratione
921 4452 1053 4522 ibidem
1076 4454 1206 4541 iacere,
1229 4456 1265 4520 et
1287 4471 1369 4522 casa
1393 4453 1567 4540 lingnitia
1590 4453 1720 4520 ibidem
1737 4454 1867 4539 facere,
1896 4451 2051 4539 qualiter
2070 4456 2128 4521 bo·

279 4604 385 4689 lueri,
409 4611 445 4672 et
468 4603 599 4672 ibidem
622 4605 776 4674 residere
800 4609 835 4673 et
858 4607 1009 4692 abitare,
1033 4608 1068 4673 et
1092 4604 1155 4673 alii
1179 4605 1357 4672 ominibus
1381 4604 1511 4672 ibidem
1535 4604 1580 4672 ad
1603 4603 1831 4672 residendum
1854 4605 2013 4691 mictere,
2038 4625 2145 4694 qua-.

281 4758 363 4825 liter
388 4731 566 4844 boluerit,
598 4763 634 4827 et
657 4776 721 4845 pro
744 4775 887 4826 censum
911 4757 954 4824 de
978 4757 1186 4844 supradicta¹
1217 4735 1432 4826 tradictione
1455 4758 1583 4828 darent
1608 4757 1682 4825 illis
1704 4775 1766 4844 per
1789 4758 1903 4825 omnis
1925 4777 2059 4827 annum
2084 4762 2129 4830 ad

280 4931 367 4998 pars
390 4911 503 4998 ipsius
525 4909 671 4979 ecclesie
695 4891 850 4980 medium
875 4911 944 4980 tari
969 4911 1011 4978 de
1035 4909 1138 4997 quale
1162 4913 1304 4978 moneta
1328 4869 1391 4995 per
1412 4927 1480 4976 ano
1497 4909 1592 4976 cibes
1609 4907 1812 4996 andaberit;
1837 4910 1883 4977 ad
1907 4910 1974 4995 ipsi
1999 4911 2131 4999 biginti

281 5064 407 5130 nobem
432 5063 518 5130 anni
544 5064 743 5149 completim
768 5062 882 5131 licead
906 5061 981 5129 illis.
1001 5061 1083 5130 inde
1106 5061 1205 5129 exire
1229 5081 1308 5129 curn
1332 5061 1446 5128 omnis
1478 5078 1544 5129 sua
1574 5077 1685 5129 causa
1716 5061 1862 5129 mobilia
1891 5067 1926 5130 et
1948 5045 2030 5130 c'um
2055 5068 2128 5132 tota
2175 5141 2178 5152 ¹

282 5215 360 5304 ipsa
386 5213 613 5302 lignamina,
644 5219 680 5283 et
702 5215 781 5300 ipsa
803 5219 901 5283 terra
924 5216 1038 5282 bacua
1067 5233 1130 5301 per
1153 5213 1233 5300 ipsa
1256 5213 1437 5281 mensoria
1459 5215 1622 5281 rebertar
1651 5210 1697 5281 ad
1720 5231 1804 5298 pars
1833 5213 1948 5299 ipsius
1968 5215 2128 5283 ecclesie.

283 5366 324 5433 de
347 5385 421 5453 qua
444 5385 507 5453 per
530 5368 625 5434 bona
648 5365 908 5466 combenientia
922 5383 995 5453 ·pro
1018 5383 1101 5451 pars
1124 5365 1237 5450 ipsius
1260 5363 1407 5430 ecclesie
1430 5361 1565 5449 guadia
1588 5361 1689 5429 nobis
1713 5363 1788 5448 ipse
1810 5363 1970 5429 stefanus
2004 5364 2125 5440 dedit,

279 5517 570 5609 etamediatorem
594 5519 837 5605 nobis-posuit
860 5533 896 5583 se
919 5517 1035 5604 ipsum
1058 5514 1250 5584 iamdictus
1274 5515 1433 5582 stefanus
1446 5533 1456 5599 ;
1484 5517 1521 5579 et
1545 5530 1607 5598 per
1630 5513 1708 5599 ipsa
1735 5513 1867 5600 guadia
1900 5514 2071 5602 obligavit
2093 5533 2131 5585 se

280 5677 314 5740 et
341 5689 423 5740 suos
437 5668 579 5746 eredes,
606 5674 645 5738 ut
670 5669 699 5737 si
722 5669 845 5738 taliter
868 5667 989 5734 omnia
1004 5665 1245 5752 suprascripta
1269 5684 1332 5752 per
1348 5665 1552 5751 supradicto
1576 5665 1701 5732 ordine
1725 5665 1769 5733 ad
1787 5683 1871 5752 pars
1890 5666 2000 5753 ipsius
2022 5667 2132 5737 eccle-

288 5825 342 5894 sie
367 5821 712 5911 non'adimpleberit
735 5820 836 5891 etde
859 5819 1099 5907 suprascripta
1122 5818 1251 5906 aliquit
1274 5782 1586 5905 contradisserit,¹
1604 5837 1666 5905 per
1691 5819 1768 5905 ipsa
1795 5820 1928 5907 guadia
1952 5839 2014 5907 per
2037 5825 2133 5891 bona

509 5978 577 6034 rou.
602 5993 640 6033 rr.
1961 5977 1978 6032 d
