5408 7108
986 535 1403 613 DIPLOMATIGUS
2007 528 2077 604 193

275 769 361 841 inde
382 769 614 858 omiserimus,
636 787 845 856 componere
868 767 986 854 obligo
1008 785 1065 835 me
1086 766 1147 852 qui
1183 782 1293 852 supra
1316 764 1489 832 iohannes
1521 760 1656 831 domiui
1680 761 1802 849 gratia
1824 762 1934 834 abbas
1965 764 2002 831 et
2023 779 2120 831 meos

276 944 498 998 successores
520 929 557 992 et
581 941 664 1011 pars
698 919 930 1010 suprascripti
954 919 1067 986 nostri
1101 915 1324 1002 monasterii,
1348 915 1450 984 vobis
1485 893 1648 984 mansoni
1673 919 1709 984 et
1731 914 1842 984 leonis
1866 917 1903 983 et
1926 913 1972 983 ad
1996 915 2124 984 vestris

276 1080 457 1164 eredibus,
481 1059 695 1165 quingentos
719 1091 846 1142 aureos
869 1070 998 1141 solidos
1032 1070 1353 1139 constantinianus.
1381 1071 1426 1136 Et
1448 1067 1571 1138 taliter
1595 1069 1750 1136 scribere
1773 1068 1979 1156 rogavimus
2002 1069 2039 1134 te
2062 1067 2125 1154 qui
2229 1071 2232 1078 '

285 1251 394 1320 supra
419 1232 593 1299 iohannes
616 1227 767 1296 clericus
789 1229 826 1296 et
848 1227 1041 1295 advocator
1064 1225 1126 1309 qui
1149 1229 1185 1290 et
1208 1222 1347 1291 scribsi.

328 1355 358 1471 †
383 1385 458 1470 Ego
482 1382 543 1468 qui
567 1385 604 1449 et
626 1398 737 1467 supra
760 1380 935 1447 iohannes
958 1375 1180 1444 humillimus
1202 1378 1314 1450 abbas

325 1509 356 1623 †
381 1537 457 1623 Ego
480 1537 541 1620 qui
566 1551 680 1620 supra
703 1535 844 1602 amatus
867 1531 976 1598 iudex

325 1660 356 1777 †
380 1690 456 1775 Ego
480 1686 684 1756 romoaldus
707 1703 763 1756 ma
784 1683 992 1770 subscripsi.

1043 2203 1363 2286 CMXGVII.

1044 2471 1102 2547 A.
1129 2471 1183 2545 D.
1216 2469 1347 2544 1042.

320 2701 351 2818 †
375 2732 415 2795 ln
439 2730 584 2797 nomine
606 2725 740 2796 domini
756 2727 921 2822 vicesimo
944 2729 1072 2812 quarto
1094 2742 1189 2795 anno
1204 2725 1425 2812 principatus
1448 2724 1581 2792 salerni
1594 2722 1713 2792 domni
1727 2723 1839 2792 nostri
1865 2724 2063 2810 guaimari,
2082 2727 2118 2790 et

276 2889 405 2976 quarto
417 2900 513 2952 anno
524 2880 750 2968 principatus
767 2880 846 2949 eius
861 2897 988 2966 capue,
1006 2882 1041 2947 et
1053 2879 1202 2946 ducatus
1218 2879 1295 2945 eius
1313 2875 1447 2963 amalfi,
1463 2879 1498 2944 et
1522 2875 1631 2944 tertio
1647 2892 1743 2943 anno
1767 2875 1920 2943 ducatus
1941 2875 2019 2944 eius
2041 2893 2124 2942 sur-

273 3042 430 3122 rentum,
454 3040 490 3103 et
513 3033 626 3121 primo
649 3048 743 3100 anno
767 3031 989 3117 principatus
1012 3029 1131 3096 domni
1164 3027 1277 3094 nostri
1302 3026 1421 3113 gisulfi
1452 3027 1530 3095 eius
1564 3026 1629 3094 filii
1656 3027 1892 3114 gloriosorum
1909 3028 2114 3114 principum

272 3191 395 3262 eximii
421 3189 575 3276 principi
599 3191 635 3256 et
657 3185 770 3274 ducis,
793 3203 913 3272 mense
929 3184 1062 3269 iunius,
1085 3182 1223 3250 decima
1253 3181 1460 3250 indictione.
1487 3184 1580 3251 Anto
1614 3200 1671 3250 me
1694 3182 1853 3253 ademari
1878 3182 1985 3252 iudex
2009 3185 2121 3251 bene·

276 3347 364 3408 runt
386 3338 517 3407 mulier
539 3337 684 3404 nomine
707 3337 780 3405 leta
810 3335 935 3404 relicta
957 3335 1134 3422 quondam
1157 3335 1306 3404 iohanni
1329 3331 1372 3402 dc
1388 3333 1503 3403 locum
1518 3335 1674 3420 turricli,
1692 3337 1753 3423 qui
1771 3336 1886 3404 dictus
1909 3337 1979 3404 fuit
2003 3337 2119 3405 serre·

273 3511 366 3578 rum,
390 3496 426 3559 et
450 3488 548 3559 corbi
570 3507 651 3557 cum
675 3488 845 3556 infantuli
869 3487 1031 3575 germani
1047 3489 1115 3572 sui,
1132 3487 1279 3555 nomina
1301 3505 1424 3556 eorum
1440 3506 1480 3556 ec
1503 3492 1601 3574 sunt,
1619 3489 1741 3576 guido,
1761 3491 1797 3556 et
1813 3488 2070 3576 madelbertus,
2089 3493 2127 3556 et
2163 3565 2168 3577 ,

273 3642 496 3734 grimoaldus
519 3642 684 3730 germani
708 3643 745 3708 et
768 3639 834 3707 filii
858 3640 1052 3727 supradicti
1070 3641 1230 3727 iohanni,
1255 3643 1316 3726 qui
1340 3644 1423 3708 sunt
1439 3643 1553 3708 mater
1577 3644 1613 3708 et
1629 3641 1727 3727 filiis,
1752 3641 1814 3728 qui
1839 3642 2013 3710 dixerunt
2039 3661 2123 3710 ma-

272 3799 384 3865 iorem
409 3793 655 3863 necessitatem
681 3795 787 3861 abere
809 3796 871 3861 het
893 3812 915 3862 a
938 3793 1028 3862 fame
1052 3798 1243 3878 mererent,
1261 3797 1296 3862 et
1317 3792 1488 3862 dixerunt
1504 3796 1611 3863 abero
1635 3812 1710 3864 uua
1737 3797 1839 3881 pecia
1854 3795 2010 3864 deterre
2032 3815 2115 3864 cum
2227 3815 2229 3820 ·

270 3940 456 4028 aliquante
481 3943 620 4030 quertie
643 3943 739 4012 inira
755 3944 843 4010 fines
867 3943 1083 4021 demseris,
1105 3944 1315 4012 ubidicitur
1338 3944 1492 4032 sianum,
1516 3951 1552 4015 et
1575 3947 1718 4034 proprio
1742 3947 1860 4016 locum
1885 3949 1945 4015 ubi
1972 3948 2112 4016 berdia·

273 4095 371 4164 rium
393 4098 430 4162 et
452 4095 616 4165 torellum
640 4099 801 4182 vocatur,
825 4071 919 4182 quod
941 4097 1015 4164 iam
1038 4102 1122 4166 ante
1145 4116 1184 4165 os
1218 4102 1374 4182 tempore
1399 4097 1472 4184 ipso
1495 4098 1677 4184 predictus
1702 4101 1877 4168 iohannes
1900 4100 2044 4189 genitor
2069 4101 2110 4170 il-

270 4249 386 4319 lorum
410 4253 545 4317 emtum
567 4250 651 4318 abet
666 4268 689 4317 a
705 4249 883 4335 quondam
899 4249 1043 4318 roffrido
1058 4248 1131 4318 lilio
1146 4250 1324 4336 quondam
1339 4249 1510 4321 adelchisi
1526 4269 1589 4338 per
1604 4218 1709 4321 firma
1723 4241 1879 4341 cartula,
1896 4271 1964 4340 que
1979 4255 2115 4340 scripta

273 4409 327 4474 est
350 4423 414 4492 per
438 4409 560 4492 petrus
583 4403 736 4472 clericus
758 4407 794 4472 et
816 4400 978 4471 notarius
1001 4403 1043 4470 de
1058 4419 1153 4471 anno
1167 4420 1260 4471 nouo
1274 4401 1409 4471 decimo
1424 4404 1646 4490 principatus
1660 4401 1780 4471 domni
1798 4404 1911 4472 nostri
1928 4404 2115 4490 guaimari

270 4557 414 4644 gloriosi
428 4555 617 4646 principie,
630 4551 752 4624 mense
765 4555 978 4640 februarius,
993 4559 1095 4624 sexta
1111 4554 1319 4644 indictione,
1341 4559 1508 4626 roborata
1532 4573 1595 4643 per
1611 4557 1703 4624 miro
1725 4557 1843 4626 iudice
1861 4559 1921 4626 het
1938 4557 2112 4628 iohannes

234 4685 237 4689 ⁸
274 4711 425 4779 clericus
437 4714 473 4778 et
485 4706 825 4797 petrusclericus,et
846 4727 913 4794 que
924 4713 978 4775 est
991 4709 1067 4794 ipsa
1079 4712 1178 4794 pocia
1192 4727 1255 4795 per
1278 4727 1318 4776 ec
1341 4710 1424 4776 fluis
1436 4713 1472 4778 et
1487 4728 1672 4782 mensuras
1701 4709 1802 4778 iuxto
1816 4727 1958 4795 passum
1982 4710 2117 4778 ominis

270 4869 512 4968 mensuratas:
537 4865 584 4932 ab
606 4863 742 4950 oriente
764 4863 836 4929 flne
859 4862 930 4947 bia,
953 4861 1049 4948 passi
1072 4862 1203 4948 biginti
1227 4865 1382 4931 sentem:
1414 4883 1436 4932 a
1459 4863 1608 4932 meridie
1631 4863 1703 4932 flue
1726 4881 1795 4950 que
1831 4864 1900 4931 luit
1923 4864 1966 4931 de
1989 4863 2113 4948 eredes

274 5018 443 5104 amelchi,
469 5017 551 5084 iude
574 5017 669 5104 passi
704 5019 847 5083 centum
876 5017 1032 5083 sebtem:
1057 5017 1103 5083 ab
1125 5015 1306 5085 occidente
1340 5017 1410 5085 flue
1434 5018 1585 5104 palude,
1609 5017 1706 5105 passi
1744 5016 1900 5105 triginta
1923 5035 2060 5086 unum:
2086 5037 2111 5086 a

273 5169 529 5258 sebtemtrione
552 5171 623 5237 fine
640 5169 767 5238 stefani
786 5173 982 5262 consortem
999 5166 1153 5255 illorum,
1170 5169 1253 5238 inde
1268 5188 1305 5236 se
1320 5173 1596 5258 coniungentem
1621 5190 1733 5257 usque
1750 5173 1789 5238 in
1813 5172 1890 5258 ipsa
1907 5171 1968 5239 bia
1991 5171 2112 5258 priora

273 5323 360 5416 flne,
385 5323 469 5392 indo
485 5325 568 5392 abet
591 5322 684 5410 passi
707 5322 771 5393 alii
795 5327 944 5420 centum
961 5325 1107 5408 sebtem3
1131 5323 1174 5392 de
1197 5343 1238 5394 ec
1260 5344 1342 5420 vero
1366 5342 1431 5392 rex
1453 5325 1724 5412 periamdictas
1748 5326 1836 5394 fines
1854 5327 1893 5400 et
1906 5341 2114 5410 mensuras,

272 5479 309 5544 et
332 5478 507 5563 quantum
532 5477 569 5543 in
594 5475 671 5562 ipsa
697 5475 833 5568 palude¹
849 5477 1000 5544 introire
1022 5475 1178 5562 potuerit
1199 5479 1237 5545 at
1261 5475 1506 5563 lavorandum,
1524 5476 1651 5578 inclita
1674 5477 1864 5546 medietate
1900 5479 1979 5549 hest
2002 5477 2115 5564 perti·

270 5633 397 5699 nentes
421 5629 576 5717 ipsorum
600 5627 752 5716 predicti
776 5603 892 5696 mater
915 5632 951 5697 et
973 5628 1083 5716 filiis,
1107 5631 1169 5715 qui
1192 5629 1363 5697 dixerunt
1389 5630 1637 5700 necessitatem
1672 5629 1842 5700 maiorem
1866 5630 1974 5697 abere
1998 5631 2105 5698 heta

263 5779 357 5849 fame
381 5783 547 5859 moneret,
572 5784 609 5847 et
631 5781 823 5866 cupiebant
846 5779 924 5849 illos
949 5782 1114 5868 bendere,
1131 5785 1192 5851 het
1207 5785 1361 5871 pretium
1386 5781 1469 5851 inde
1493 5784 1651 5871 recipere
1674 5785 1769 5890 unde
1785 5784 1908 5854 bibere
1930 5785 2110 5875 poterent.

262 5932 412 6020 proinde
435 5937 614 6003 benerunt
636 5939 676 6004 at
698 5955 767 6023 me,
784 5942 825 6006 ut
848 5934 1057 6005 solutionem
1080 5942 1228 6005 lusorum
1242 5937 1344 6007 daret
1360 5937 1438 6026 ipse
1461 5938 1567 6008 rebus
1582 5939 1806 6009 tendendum
1822 5941 1880 6007 cui
1905 5938 2051 6024 voleret,
2076 5943 2113 6008 et

408 6117 480 6176 ton.
499 6130 534 6176 vr.
1855 6123 1889 6180 25
1989 6093 1992 6098 ¹
