5408 7108
975 512 1387 587 DIPLOMATICUS
1990 512 2059 586 aba

270 737 384 808 ruerit
406 737 450 808 de
472 757 577 828 super
599 741 637 809 el
658 739 701 809 de
724 739 861 828 subter,
879 742 929 828 et,
947 739 1006 807 ubi
1023 739 1208 826 meruerit,
1226 740 1370 809 arbores
1386 742 1422 809 et
1436 737 1527 808 bites
1544 741 1582 807 et
1594 736 1760 808 abellane
1774 737 1856 806 illut
1871 737 2002 808 ibidem
2019 738 2120 826 plan·

270 893 384 960 temus
408 894 444 960 et
466 889 755 978 propaginemus,
780 891 875 960 sicut
898 891 1081 977 meruerit,
1105 893 1142 960 et
1164 891 1325 960 homines
1347 893 1400 958 ibi
1423 893 1468 964 ad
1491 891 1702 962 abitandum
1728 893 1764 960 el
1780 891 2012 962 laborandum
2037 891 2121 960 mit·

269 1047 405 1134 tamus,
429 1047 465 1114 et
487 1043 547 1112 ubi
574 1045 652 1130 ipsa
674 1045 780 1111 rebus
802 1043 954 1112 divisam
972 1043 1114 1112 abuerit
1136 1063 1215 1110 curn
1239 1045 1326 1131 ipsis
1349 1045 1573 1113 consortibus
1596 1045 1684 1132 suis,
1705 1044 1878 1114 iaciamus
1901 1042 1940 1111 in
1955 1045 2036 1131 ipsa
2051 1061 2119 1112 sua

267 1197 423 1266 sortione
445 1214 556 1264 unum
579 1195 773 1283 applictum
791 1194 834 1264 de
849 1211 935 1263 casa
960 1196 1053 1263 bona
1069 1198 1105 1262 et
1127 1193 1347 1281 palmentum
1362 1193 1547 1282 trabitum,
1573 1205 1610 1264 et
1626 1213 1763 1282 semper
1787 1195 1964 1263 bominem
1983 1192 2119 1262 ibidem

266 1352 451 1418 mittamus
466 1348 511 1418 ad
527 1347 747 1436 abitandum,
771 1353 808 1418 et
832 1347 912 1415 illut
936 1347 1136 1416 laboremus
1158 1348 1286 1415 bonum
1304 1365 1366 1434 per
1382 1348 1497 1416 omnis
1510 1365 1659 1434 annum,
1676 1347 1769 1415 sicut
1787 1349 1975 1436 meruerit,
1991 1350 2029 1416 et
2049 1345 2121 1415 sal-

267 1501 352 1568 bum
376 1497 457 1568 illut
480 1498 653 1568 faciamus
669 1504 717 1588 et,
734 1500 794 1569 ubi
813 1501 997 1587 meruerit,
1020 1498 1158 1568 clusum
1183 1499 1264 1568 illut
1287 1501 1467 1589 subeamne,
1494 1506 1534 1569 ut
1555 1521 1691 1589 semper
1706 1504 1750 1572 de
1775 1523 1882 1590 super
1905 1471 1942 1572 el
1965 1475 2009 1572 de
2030 1504 2121 1572 sub·

265 1655 323 1724 ter
347 1655 440 1721 bene
462 1657 587 1739 pareat
611 1652 811 1722 laboratum
836 1654 873 1721 et
895 1616 1085 1740 collatum,
1108 1657 1144 1720 et
1166 1671 1228 1740 per
1251 1653 1365 1721 omnis
1388 1671 1525 1724 annum
1548 1673 1610 1743 per
1635 1673 1718 1723 aree
1743 1659 1779 1722 et
1803 1655 1982 1725 vindemie
2006 1655 2116 1725 lacia-

266 1824 345 1876 mus
367 1806 458 1874 soire
481 1805 599 1892 ipsum
623 1803 842 1892 grimoaldus
867 1785 921 1872 vel
944 1803 1021 1872 eius
1044 1805 1178 1891 eredeS,
1204 1811 1243 1873 ut
1265 1805 1402 1892 dirigat
1420 1805 1551 1874 ibidem
1568 1807 1717 1874 missum
1741 1825 1857 1895 suum,
1883 1813 1918 1876 et
1944 1824 2007 1875 nos
2031 1806 2115 1875 illut

268 1963 351 2031 ablu
373 1964 530 2046 tempore
554 1957 803 2045 recolligamus
827 1961 866 2026 et
889 1957 1163 2046 vindemiemus,
1187 1963 1223 2026 et
1245 1957 1360 2026 omnis
1384 1960 1506 2028 vinum
1530 1965 1594 2046 qui
1619 1959 1706 2029 inde
1730 1960 1889 2047 exierit,
1915 1961 2118 2032 dividamus

264 2113 350 2182 illut
373 2112 419 2183 ad
442 2091 661 2200 palmenlum
688 2109 725 2177 in
748 2109 893 2178 tertiam
925 2113 1076 2196 partem:
1102 2110 1174 2178 illis
1198 2109 1325 2179 tollant
1349 2109 1430 2180 illut
1452 2110 1520 2178 due
1556 2113 1697 2198 partis,
1723 2116 1759 2180 et
1784 2130 1848 2179 nos
1873 2131 1946 2180 una
1969 2113 2116 2182 tertiam

121 2347 124 2352 ,
265 2272 404 2358 partem
424 2315 433 2353 ,
457 2265 547 2334 etsi
571 2263 725 2333 boluerit
749 2261 821 2330 illis
844 2281 973 2350 ponere
996 2262 1127 2331 ibidem
1152 2264 1228 2349 ipsa
1251 2282 1316 2332 sua
1340 2265 1496 2330 sortione
1520 2263 1563 2330 de
1587 2264 1663 2349 ipso
1688 2263 1831 2351 locum,
1851 2265 1960 2333 deant
1985 2265 2116 2334 ibidem
2249 2301 2252 2306 ·

263 2417 367 2486 nobis
388 2434 583 2504 organeum
606 2419 739 2484 bonum
762 2414 809 2484 da
832 2415 951 2482 binum
967 2433 1030 2502 per
1047 2433 1109 2483 nos
1132 2417 1333 2484 conciatum
1358 2421 1393 2483 et
1415 2414 1626 2502 studiatum‚
1653 2417 1746 2485 sicut
1771 2419 1969 2505 meruerit,
1995 2423 2030 2487 et
2055 2437 2113 2486 re·

264 2525 422 2658 positum
445 2565 485 2634 in
508 2585 593 2636 casa
615 2571 737 2636 nostra
759 2566 821 2634 ubi
845 2565 1111 2651 abitaberimuS,
1129 2571 1165 2634 et
1183 2565 1321 2636 salbum
1346 2566 1426 2635 illut
1449 2585 1571 2635 eorum
1599 2566 1786 2655 faciamus,
1803 2568 1889 2635 dum
1916 2570 1999 2638 illut
2027 2571 2110 2638 inde
2205 2569 2211 2576 '

264 2721 417 2792 tulerint
438 2724 574 2807 absque
598 2717 874 2807 degeneratione
897 2723 932 2787 et
955 2719 1078 2806 ingne,
1102 2723 1138 2788 et
1161 2719 1235 2805 ipse
1258 2719 1421 2789 abellane
1447 2739 1509 2808 per
1535 2726 1694 2808 tempore
1718 2739 1782 2789 suo
1812 2722 2019 2796 annualiter
2042 2725 2112 2792 col·

264 2875 417 2964 ligamus
440 2880 475 2943 et
498 2877 680 2944 sechemus
700 2925 710 2961 ,
734 2879 770 2943 et
791 2873 992 2942 dividamus
1015 2873 1075 2941 ille
1098 2893 1179 2942 cum
1204 2875 1349 2944 missum
1375 2876 1527 2944 illorum·
1542 2879 1580 2945 in
1602 2879 1748 2946 tertiam
1772 2881 1924 2963 partem:
1951 2877 2023 2944 illis
2047 2876 2111 2944 tol-

262 3030 341 3100 lant
363 3031 432 3098 due
457 3033 564 3098 sortis
586 3035 622 3097 et
645 3047 709 3098 nos
733 3047 818 3097 una.
844 3031 919 3114 ipso
942 3028 1087 3097 missum
1110 3028 1173 3116 qui
1199 3029 1248 3096 ibi
1273 3030 1413 3097 benerit
1437 3048 1500 3117 pro
1537 3030 1781 3118 recipiendum
1821 3033 1896 3118 ipse
1930 3032 2005 3098 suis
2041 3048 2116 3098 sor·

261 3185 401 3270 tionis,
425 3201 489 3251 nos
512 3183 613 3250 illum
637 3184 839 3249 nutriamus
860 3180 1055 3266 usquedum
1092 3201 1154 3270 pro
1186 3185 1266 3252 illut
1303 3137 1546 3272 recipiendum
1581 3183 1712 3251 ibidem
1750 3186 1891 3252 steterit
1924 3183 2018 3254 iusta
2053 3202 2111 3253 ra·

263 3341 410 3426 tionem,
434 3340 527 3407 sicut
551 3337 695 3405 illorum
719 3335 828 3404 luerit
850 3353 1015 3404 mensure
1039 3341 1074 3406 et
1097 3343 1254 3407 nostram
1280 3337 1579 3426 possibilitatem,
1603 3342 1641 3406 et
1671 3337 1796 3406 demus
1827 3339 1859 3405 ei
1885 3336 2117 3423 palmentati·

261 3510 343 3560 cum
367 3493 404 3558 et
427 3488 650 3576 terraticum,
675 3489 769 3556 sicut
792 3486 890 3554 locus
913 3488 988 3574 ipso
1010 3492 1064 3556 est
1086 3486 1329 3573 consuetudo;
1352 3492 1387 3556 et
1410 3487 1535 3557 amodo
1558 3493 1595 3557 et
1618 3489 1715 3556 omni
1740 3492 1916 3575 tempore,
1942 3489 2024 3556 dum
2051 3505 2117 3557 nos

260 3608 299 3711 et
318 3639 452 3708 nostris
475 3639 637 3708 eredibus
660 3636 904 3728 suprascripta
926 3611 1031 3708 rebus
1054 3645 1175 3708 tenere
1199 3645 1234 3709 et
1257 3638 1428 3708 laborare
1445 3638 1691 3726 boluerimus,
1718 3639 1881 3708 inclitum
1907 3640 1990 3708 illut
2019 3641 2114 3727 quod

260 3801 314 3866 est
328 3815 394 3864 sua
410 3793 576 3881 sortione,
601 3792 704 3861 nobis
725 3792 925 3878 nostrisque
949 3790 1114 3860 eredibus
1136 3789 1322 3858 defensare
1345 3809 1423 3856 cum
1449 3789 1525 3857 vice
1549 3790 1592 3856 de
1618 3791 1671 3858 vie
1699 3789 1830 3859 suada
1854 3808 1975 3858 omnes
1992 3791 2107 3858 bomi-

148 4037 152 4042 .
261 3969 326 4021 nes
347 3950 514 4036 omnique
537 3949 700 4035 partibus
723 3950 759 4014 et
781 3943 918 4014 nullam
943 3943 1027 4012 inde
1051 3943 1152 4011 nobis
1174 3949 1339 4013 contrare
1363 3949 1503 4030 querat3
1517 3947 1553 4012 et
1575 3943 1682 4031 quale
1710 3948 1868 4030 tempore
1888 3943 1968 4014 illut
1984 3950 2108 4016 tenore

257 4112 293 4177 et
310 4106 476 4176 laborare
499 4104 731 4200 noluerimus,
756 4101 863 4171 liceat
884 4118 948 4169 nos
971 4099 1053 4168 inde
1076 4100 1178 4168 exire
1193 4118 1273 4167 cum
1290 4099 1405 4166 omnis
1422 4103 1546 4166 nostra
1561 4116 1670 4170 causa
1687 4099 1833 4167 mobilia
1850 4118 1919 4186 que
1935 4099 1985 4167 ibi
1999 4101 2111 4170 abno-

257 4259 381 4344 rimns,
398 4259 476 4325 sine
494 4253 635 4322 illorum
658 4254 933 4339 contrarietate,
949 4255 985 4319 et
1003 4249 1072 4318 ista
1088 4221 1332 4337 suprascribta
1348 4269 1469 4320 eorum
1485 4247 1655 4319 tradictio
1678 4250 1791 4328 clusa,
1809 4253 1903 4320 sicut
1921 4257 2106 4340 meruerit,

256 4414 293 4480 et
307 4411 471 4479 laborata
493 4411 600 4493 bona,
617 4407 710 4475 sicul
732 4405 793 4474 illo
816 4409 973 4491 tempore
996 4404 1180 4490 meruerit,
1204 4401 1250 4472 ad
1274 4420 1395 4472 eorum
1418 4405 1632 4490 perbeniant
1655 4409 1880 4492 potestatem,
1905 4404 2112 4474 faciendum

257 4561 379 4631 omnia
397 4559 488 4649 quod
512 4559 704 4627 boluerint.
731 4555 774 4626 de
797 4575 869 4644 qua
884 4575 948 4643 per
970 4558 1269 4626 combenientiam
1284 4554 1419 4646 guadia
1435 4555 1543 4626 michi
1561 4558 1637 4644 ipse
1652 4559 1875 4646 grimoaldus
1892 4574 2008 4626 comes
2023 4555 2105 4625 dedi

255 4725 292 4789 et
314 4719 544 4789 mediatorem
567 4712 678 4783 miehi
702 4714 818 4800 posuit
839 4712 963 4798 petrus
985 4729 1101 4778 comes
1124 4709 1220 4778 filius
1242 4709 1419 4798 quondam
1441 4708 1592 4798 godeni3
1618 4715 1654 4780 et
1676 4729 1738 4797 per
1764 4709 1842 4796 ipsa
1865 4705 2002 4796 guadia
2016 4705 2106 4774 obli·

258 4873 358 4961 gavit
381 4889 418 4940 se
441 4873 477 4939 et
500 4885 581 4936 suos
602 4865 752 4951 eredes,
776 4869 817 4933 ut
840 4863 869 4930 si
892 4862 934 4931 de
956 4862 1077 4931 omnia
1100 4865 1343 4949 suprascripta
1366 4859 1504 4948 aliquid
1527 4863 1712 4929 remobere
1739 4863 1803 4930 aut
1833 4865 2001 4931 contrare
2025 4877 2109 4946 que·

257 5027 387 5096 sierint
408 5028 458 5111 et,
482 5023 575 5090 sicut
598 5017 732 5086 dictum
756 5019 829 5104 est,
852 5016 955 5085 nobis
977 5033 1050 5084 uon
1073 5013 1346 5102 adimpleberit,
1370 5033 1579 5102 componere
1602 5016 1705 5084 nobis
1727 5016 1784 5086 vel
1807 5017 1847 5084 ud
1873 5017 2005 5084 nostris
2029 5032 2107 5084 ere·

256 5177 360 5247 dibus
383 5177 539 5265 triginta
554 5172 634 5244 auri
653 5171 781 5242 solidos
804 5167 1100 5255 costantinianos,
1119 5173 1168 5256 et,
1192 5169 1285 5237 sicut
1308 5173 1473 5258 superius
1496 5169 1652 5259 legitur,
1676 5170 1779 5238 nobis
1801 5167 2027 5255 complirent3
2054 5170 2109 5238 sic

261 5337 398 5418 tamen,
422 5334 459 5399 et
481 5333 512 5397 si
535 5345 606 5395 non
631 5327 813 5414 potuerint
835 5323 907 5392 illis
928 5323 1031 5391 nobis
1054 5321 1279 5392 defensarent
1302 5324 1377 5411 ipsa
1393 5329 1524 5410 quarta
1547 5325 1734 5412 pacisque
1750 5323 1865 5391 tenuit
1882 5323 1957 5410 ipse
1975 5323 2101 5392 iohan-

182 5497 186 5504 “
257 5501 320 5553 nes
344 5485 454 5554 abbas
476 5481 523 5550 ad
548 5477 798 5566 laborandum,
821 5475 958 5546 nullam
982 5473 1077 5544 siant
1101 5474 1172 5542 illis
1196 5474 1278 5544 inde
1301 5476 1402 5562 nobis
1425 5473 1625 5564 culpabilia
1649 5479 1685 5543 et
1707 5473 1815 5561 quale
1840 5479 2000 5562 tempore
2024 5474 2107 5561 ipsa

257 5638 367 5706 rebus
392 5607 556 5705 laborare
579 5633 798 5700 noluerimus
820 5635 856 5700 et
879 5629 961 5700 inde
984 5630 1192 5716 exierimus,
1208 5635 1295 5699 tunc
1317 5631 1397 5717 ipsa
1419 5647 1505 5699 casa
1520 5634 1557 5697 et
1579 5629 1810 5717 palmentum,
1827 5648 1897 5716 que
1914 5629 1961 5696 ibi
1981 5628 2106 5698 seceri-

398 5817 469 5878 Tor.
488 5832 523 5878 n.
1858 5811 1893 5868 27
