5402 7088
530 621 532 626 .
610 565 656 634 :m
1265 555 1437 629 confit
1471 557 1736 630 cavensis

562 791 598 856 et
621 787 667 856 da
692 791 795 875 parte
820 788 1081 877 septemtrionis
1105 784 1274 854 coniunta
1298 786 1351 851 est
1374 782 1420 851 ad
1444 783 1582 869 platea;
1605 787 1641 850 et
1662 781 1712 851 da¹
1730 785 1832 868 parte
1848 779 2039 848 occidentis
2063 780 2271 848 coniuntum
2288 781 2402 850 estad

490 885 494 892 Ι
565 941 637 1009 fine
661 942 772 1027 ipsius
796 941 962 1027 ecclesie,
987 947 1022 1010 et
1044 940 1090 1010 da
1113 940 1217 1024 parte
1242 933 1389 1004 meridie
1412 933 1620 1002 coniuntnm
1641 937 1694 1002 est
1717 933 1761 1001 ad
1786 950 1886 999 muro
1909 931 1992 999 uius
2014 932 2196 1020 cibitatis,
2220 950 2283 1018 per
2306 951 2406 1002 men·

567 1093 695 1162 suria:
720 1113 743 1160 a
766 1097 868 1182 parte
891 1091 1151 1178 septemtrionis
1174 1090 1245 1156 fine
1270 1087 1348 1172 ipsa
1371 1085 1513 1172 platea,
1542 1084 1624 1152 inde
1650 1089 1734 1153 sunt
1757 1103 1819 1171 per
1844 1039 1993 1152 latitudo
2016 1083 2119 1171 pedes
2143 1084 2353 1153 duodecim:
2379 1107 2402 1155 a

570 1249 673 1333 parte
698 1244 845 1312 orientis
869 1246 939 1313 fine
964 1243 1039 1330 ipso
1062 1217 1196 1329 pariete
1220 1242 1262 1308 (16
1287 1240 1364 1325 ipsa
1387 1256 1471 1306 casa
1494 1237 1639 1323 fabrita,
1657 1236 1738 1304 inde
1755 1223 1838 1303 sunt
1854 1254 1916 1323 per
1933 1235 2115 1324 longitudo
2131 1236 2235 1322 pedes
2250 1237 2405 1323 quadra·
2467 1193 2469 1196 ’

529 1339 535 1350 ·
562 1399 668 1490 ginta
692 1400 776 1464 tres:
802 1415 824 1464 a
848 1401 949 1482 parte
973 1395 1121 1464 meridie
1144 1414 1233 1482 erga
1257 1395 1332 1479 ipso
1355 1408 1457 1458 muro
1481 1391 1562 1457 nius
1584 1388 1741 1457 civitatis
1766 1388 1848 1456 inde
1871 1391 1956 1454 sunt
1990 1388 2097 1475 pedes
2120 1389 2251 1475 viginti
2275 1393 2353 1457 octo
2375 1393 2415 1458 et

560 1548 744 1635 medinm3
769 1568 791 1616 a
815 1554 916 1635 parte
939 1545 1132 1616 occidentis
1157 1546 1226 1612 fine
1250 1543 1367 1611 media
1401 1541 1568 1610 strectola
1598 1541 1833 1626 pertinentem
1866 1538 1978 1628 ipsius
2010 1540 2156 1621 ecclesie
2171 1590 2180 1626 ,
2207 1540 2290 1609 inde
2323 1545 2409 1609 sunt
2448 1597 2453 1606 .

459 1746 464 1754 -
564 1699 671 1786 pedes
695 1702 835 1785 nobem,
861 1703 896 1768 et
920 1699 1122 1767 rebolbente
1146 1699 1184 1762 in
1208 1701 1308 1782 parte
1332 1694 1482 1761 orientis
1506 1696 1601 1761 iusta
1625 1694 1696 1761 fine
1720 1692 1829 1778 ipsius
1853 1691 1999 1759 ecclesie
2023 1692 2105 1759 inde
2120 1693 2321 1780 suntpedes
2344 1693 2403 1761 de·

559 1873 634 1922 cem
658 1858 695 1922 et
716 1859 823 1942 octo,
858 1857 894 1921 et
918 1854 1047 1921 ilerum
1072 1851 1275 1944 rebolbente
1309 1849 1346 1914 in
1378 1852 1478 1933 parte
1500 1845 1761 1932 septemtrionis
1790 1860 1851 1931 per
1874 1842 2037 1910 anditum
2062 1843 2172 1928 ipsius
2196 1842 2345 1910 ecclesie
2368 1849 2405 1912 et

477 2001 480 2006 “
561 2007 803 2094 coniungente
827 2005 867 2072 in
890 2005 969 2091 ipsa
993 2003 1113 2092 platea
1137 2004 1255 2089 priore
1278 2001 1348 2066 fine
1373 1999 1455 2066 inde
1478 2002 1562 2065 sunt
1584 2015 1646 2082 per
1671 1995 1855 2081 longitudo
1878 1993 1982 2080 pedes
2005 1995 2158 2081 triginta
2182 1999 2266 2081 treS,
2291 1999 2403 2064 totum

560 2163 805 2228 mensuratum
829 2158 873 2227 ad
897 2159 989 2226 iusto
1014 2157 1098 2243 pede
1122 2173 1267 2223 manum
1291 2154 1462 2219 ominum.
1489 2149 1569 2218 ideo
1585 2147 1710 2218 inolita
1735 2149 1813 2234 ipsa
1830 2141 1928 2215 terra
1950 2165 2032 2213 cum
2054 2165 2139 2216 casa
2156 2166 2219 2234 per
2235 2148 2403 2218 iamdicta
2507 2128 2512 2136 ⁶

560 2313 643 2381 finis
666 2319 703 2380 et
726 2310 937 2399 mensuriaS,
962 2330 1043 2377 cum
1068 2273 1209 2376 vice'de
1235 2307 1311 2392 ipsa
1334 2305 1452 2392 platea
1486 2313 1521 2374 et
1544 2305 1587 2372 de
1611 2304 1684 2388 ipso
1710 2301 1884 2385 anditum,
1901 2305 1938 2370 et
1960 2319 2039 2368 cum
2064 2301 2161 2368 scala
2184 2300 2318 2370 fabrita
2341 2305 2404 2388 qni

560 2470 616 2534 est
640 2487 662 2536 a
686 2470 786 2552 parte
810 2442 1094 2551 septemtrionis,
1120 2466 1258 2530 etcum
1283 2459 1510 2526 mineaneum
1534 2456 1649 2544 quiin
1669 2457 1744 2542 ipsa
1768 2459 1872 2540 parte
1887 2457 1955 2540 est,
1978 2471 2098 2522 eorum
2117 2453 2265 2522 tradidit
2281 2455 2322 2521 iu
2338 2453 2405 2526 tali

559 2620 698 2704 ordine,
725 2623 764 2684 ut
787 2603 968 2686 amodo'et
992 2634 1054 2701 per
1078 2619 1191 2681 totum
1208 2630 1327 2679 mense
1345 2618 1474 2696 agustu
1492 2613 1591 2696 prius
1611 2610 1810 2677 benientem
1835 2607 1906 2676 illis
1929 2613 2049 2676 autem
2075 2609 2112 2674 in
2129 2611 2202 2675 tota
2216 2609 2294 2694 ipsa
2309 2597 2409 2678 terra

564 2773 682 2839 faeere
706 2788 789 2836 casa
813 2768 981 2853 solarata,
1007 2768 1099 2832 siout
1123 2764 1306 2851 meruerit,
1331 2783 1410 2830 cum
1436 2763 1662 2830 mineaneum
1685 2783 1707 2830 a
1728 2767 1827 2847 parte
1845 2759 2120 2846 septemtrionis
2136 2765 2208 2828 eta
2232 2765 2334 2846 parte
2351 2776 2408 2825 oc·

566 2920 718 2988 sidentis
740 2923 913 3006 qnantum
938 2918 1070 2984 retinet
1095 2917 1169 3002 ipso
1192 2915 1367 3001 anditum,
1390 2920 1427 2982 et
1450 2917 1545 2984 scala
1576 2916 1612 2981 in
1647 2918 1723 3000 ipsa
1747 2920 1849 3001 parte
1874 2913 2067 2982 occidentis
2089 2933 2233 3001 ponere,
2268 2918 2305 3022 et
2329 2881 2408 3000 ipsa

562 3069 662 3138 scala
687 3069 821 3138 fabrita
843 3068 889 3135 da
913 3073 1014 3153 parte
1038 3066 1397 3153 septemtrionis'ubi
1421 3071 1603 3154 meruerit,
1628 3071 1793 3136 conciare
1817 3073 1853 3150 et
1877 3043 2038 3136 conciata
2063 3069 2161 3136 illam
2184 3071 2342 3154 habere,
2367 3074 2403 3136 et

562 3224 607 3292 da
630 3226 733 3308 parte
759 3219 908 3288 orientis
931 3220 1026 3288 iusta
1049 3221 1140 3288 facie
1162 3218 1204 3286 (16
1227 3195 1302 3304 ipso
1327 3220 1463 3305 pariete
1485 3219 1528 3286 de
1551 3220 1630 3306 ipsa'
1649 3239 1733 3288 oasa
1758 3221 1868 3307 ipsius
1891 3220 2037 3288 ecclesie
2065 3223 2204 3290 mittere
2229 3225 2274 3305 ,et
2298 3221 2408 3288 fabri-

465 3433 469 3442 .
562 3391 646 3474 care
670 3375 821 3440 debeant
843 3372 1011 3458 parieteS,
1036 3371 1127 3437 sicut
1151 3371 1333 3456 meruerit,
1358 3369 1630 3438 fundamentum
1656 3390 1765 3458 usque
1782 3371 1826 3439 ad
1842 3373 1933 3440 facie
1950 3373 1993 3438 (16
2009 3378 2108 3440 terra
2133 3391 2195 3459 per
2219 3372 2405 3459 longitudo

432 3564 439 3577 ·
562 3527 608 3597 da
636 3529 710 3614 ipso
735 3542 835 3592 muro
859 3529 895 3594 et
918 3524 1098 3618 usquead
1122 3522 1198 3609 ipsa
1222 3523 1353 3609 platea,
1370 3529 1406 3591 et
1422 3543 1528 3610 super
1553 3525 1626 3611 ipso
1650 3525 1920 3594 fundamentum
1943 3525 2011 3592 illis
2027 3525 2205 3593 fabricare
2228 3527 2265 3592 et
2288 3525 2405 3594 facere

562 3681 717 3748 debeant
739 3677 917 3786 quadtuop¹
940 3676 1010 3764 pile
1034 3676 1076 3743 de
1100 3675 1251 3742 latitudo
1274 3675 1378 3760 pedes
1401 3675 1469 3742 duo
1493 3651 1528 3743 et
1544 3695 1605 3762 per
1624 3653 1808 3762 longitudo'
1828 3676 1933 3763 pedes
1956 3676 2143 3764 quadtuor,
2169 3679 2205 3743 et
2230 3673 2267 3743 in
2292 3674 2405 3744 altum

565 3834 716 3901 beniant
741 3830 814 3918 ipse
842 3837 994 3917 quatuor
1017 3829 1088 3916 pile
1110 3830 1156 3898 da
1180 3831 1256 3915 ipso
1278 3795 1549 3897 fundamentum
1572 3849 1681 3917 usque
1705 3793 1749 3898 ad
1773 3799 1849 3917 ipso
1871 3829 2043 3899 solarium
2066 3833 2204 3916 quantu
2221 3830 2406 3916 meruerit,

562 3991 600 4056 et
615 3965 726 4074 'super
753 3987 825 4074 ipse
849 3987 923 4073 pile
944 4002 1073 4074 ponere
1097 3985 1248 4053 debeant
1272 3985 1390 4054 trabes
1414 3986 1521 4052 bonos
1543 3985 1586 4052 (16
1609 3985 1759 4071 quertie,
1777 3971 1837 4054 ubi
1855 3988 2045 4072 repausent
2068 3986 2134 4052 toti
2168 3985 2246 4071 ipsa
2270 4002 2401 4071 capora
2469 3999 2473 4010 ·

561 4139 605 4206 de
628 4129 721 4208 travi
748 4138 883 4206 solarili
901 4138 950 4205 de
974 4137 1052 4224 ipsa
1075 4155 1172 4223 casa,
1196 4140 1233 4204 et
1256 4136 1302 4204 da
1326 4140 1425 4221 parte
1454 4136 1646 4204 occidentis
1669 4137 1819 4204 beniant
1842 4136 1917 4222 ipsa
1940 4155 2023 4204 oasa
2050 4083 2144 4216 faeta
2161 4137 2206 4205 ad
2222 4138 2406 4206 columnee

561 4292 665 4362 etad
691 4291 817 4377 lingna
841 4294 933 4359 bona
947 4339 956 4377 ,
980 4287 1078 4358 siout
1093 4288 1293 4374 meruerit,
1316 4293 1352 4355 et
1376 4288 1526 4356 abinde
1550 4289 1588 4354 in
1612 4237 1720 4375 supra
1745 4289 1815 4356 illis
1839 4288 1956 4356 facero
1981 4289 2057 4375 ipsa
2081 4308 2165 4358 casa
2188 4291 2234 4358 ad
2258 4289 2404 4377 lingna·

561 4445 662 4512 mina
685 4445 778 4513 bona
801 4445 840 4512 iu
864 4444 1034 4512 solarium
1056 4462 1135 4510 oum
1160 4446 1339 4510 astraoum
1364 4441 1409 4508 ad
1432 4441 1529 4509 calce
1553 4447 1589 4510 et
1611 4445 1709 4527 petre
1726 4445 1761 4508 et
1777 4443 1915 4526 pumice
1939 4442 2037 4510 factu
2059 4444 2204 4527 bonum,
2223 4445 2317 4511 sient
2333 4463 2405 4511 me·

561 4596 676 4666 ruerit
696 4619 705 4684 3
729 4603 765 4665 et
789 4595 935 4664 licentia
957 4602 993 4664 et
1016 4599 1189 4681 potestate
1214 4592 1286 4660 illis
1309 4595 1414 4662 abere
1438 4611 1601 4679 rumpere
1626 4594 1664 4659 in
1690 4595 1764 4680 ipso
1788 4593 2012 4682 inurocuius
2036 4593 2194 4662 civitatis
2224 4598 2317 4664 iusta
2341 4615 2398 4665 ra-

559 4753 655 4820 tione
678 4770 742 4837 pro
763 4749 971 4818 mittendum
997 4748 1127 4816 ibidem
1151 4746 1194 4812 de
1218 4745 1444 4832 lingnamina
1467 4747 1509 4814 de
1536 4747 1613 4832 ipsa
1637 4765 1732 4833 casa,
1763 4752 1798 4814 et
1829 4751 1903 4813 tota
1927 4744 2004 4832 ipsa
2027 4766 2108 4816 oasa
2133 4747 2280 4818 beniant
2304 4747 2398 4832 facta

560 4910 596 4972 et
619 4907 817 4989 cohoperla,
841 4908 890 4988 et,
915 4903 973 4969 ubi
999 4899 1182 4986 meruerit,
1207 4906 1328 4985 supter
1352 4902 1387 4966 et
1410 4916 1515 4984 super
1539 4908 1574 4966 et
1599 4917 1659 4984 per
1684 4897 1836 5010 medium
1861 4897 1959 4966 elusa
1976 4900 2080 4984 bona,
2100 4853 2194 4970 sicut
2218 4903 2402 4988 meruerit,

562 5062 598 5125 et
622 5056 667 5124 ad
689 5060 787 5124 terra
812 5053 883 5122 illis
907 5055 1023 5123 facere
1045 5054 1196 5120 debeant
1214 5029 1370 5137 slavica,
1388 5051 1480 5118 unde
1497 5051 1649 5138 pleniter
1673 5051 1831 5146 discurre
1848 5059 1990 5139 pussant
2009 5054 2124 5121 lavine
2140 5055 2183 5124 (16
2200 5075 2295 5142 aqua
2318 5058 2394 5142 plu-

562 5209 654 5278 viale
677 5227 745 5295 que
769 5208 849 5274 inde
872 5178 1029 5275 discurre
1054 5203 1194 5288 solunt,
1231 5205 1283 5272 ita
1308 5209 1347 5270 ut
1368 5204 1412 5270 da
1436 5208 1538 5290 parte
1562 5173 1753 5270 occidentis
1784 5221 1871 5291 erga
1895 5206 1970 5290 ipso
1994 5205 2174 5276 labenario
2198 5208 2340 5277 mittere
2363 5215 2400 5278 et

562 5365 728 5433 francare
752 5363 823 5430 illis
846 5325 996 5428 debeant
1018 5357 1152 5443 pariete
1177 5375 1238 5442 pro
1263 5359 1340 5443 ipsa
1363 5357 1501 5424 olavica
1536 5357 1581 5423 da
1605 5355 1682 5441 ipsa
1705 5357 1824 5442 platea
1858 5361 1894 5424 et
1930 5376 2039 5443 usque
2065 5359 2139 5445 ipso
2164 5379 2264 5428 muro
2287 5361 2397 5430 talem

563 5519 711 5586 beniant
734 5517 811 5601 ipsa
834 5513 970 5582 slavica
993 5510 1031 5577 in
1052 5505 1204 5577 'altitudo
1228 5513 1263 5575 et
1286 5507 1460 5594 latitudo,
1486 5511 1537 5618 ut,
1562 5465 1705 5594 quando
1730 5512 1913 5598 meruerit,
1931 5518 2075 5598 pussant
2093 5514 2253 5581 homines
2269 5514 2399 5592 ibidem
2513 5553 2521 5572 ·

562 5667 702 5736 intrare
726 5668 768 5736 ad
794 5665 1037 5733 mundandum
1062 5663 1139 5748 ipsa
1161 5657 1311 5736 slavica,
1330 5663 1375 5747 et,
1396 5660 1454 5728 ubi
1475 5661 1511 5726 in
1538 5659 1612 5746 ipso
1636 5666 1868 5732 constitutum
1893 5663 1969 5751 ipsa
1992 5683 2075 5733 casa
2099 5667 2243 5752 expleta
2257 5671 2294 5736 et
2310 5666 2404 5736 saeta

564 5823 638 5889 illis
661 5819 800 5889 abuerit
824 5821 860 5886 in
884 5817 1090 5903 supradicta
1114 5818 1265 5900 ratione,
1291 5810 1362 5882 illis
1389 5813 1485 5882 illam
1510 5815 1668 5886 dividere
1693 5836 1754 5902 per
1777 5819 2013 5905 medietatem,
2038 5827 2073 5888 et
2098 5825 2197 5906 prius
2220 5839 2286 5907 ego
2312 5825 2402 5890 iam-
