5402 7088
969 541 1376 620 DIPLOMATICUS
1426 543 1432 558 '

986 857 994 874 .
1089 791 1257 874 CMII.

1022 1085 1080 1161 A.
1108 1087 1163 1161 D.
1194 1087 1318 1165 1035.

204 1435 213 1452 ,
300 1320 730 1462 †1nn0minedomini
760 1373 884 1441 octabo
914 1372 1050 1442 decimo
1076 1392 1170 1442 anno
1199 1374 1423 1463 principatus
1448 1376 1567 1446 domni
1595 1377 1709 1446 nostri
1733 1379 1912 1467 guaimari
1939 1377 2097 1467 glorioso

257 1521 437 1612 principe,
451 1520 525 1590 lilio
548 1521 726 1608 quondam
742 1521 861 1590 domni
877 1526 1070 1612 guaimari,
1085 1545 1204 1598 mense
1228 1528 1424 1614 december,
1437 1533 1568 1616 quarta
1584 1527 1791 1599 indictione.
1805 1532 2100 1600 Memoratorium

251 1677 349 1748 iactu
376 1697 399 1748 a
423 1677 528 1744 nobis
551 1675 725 1746 iohannes
746 1678 910 1766 clericus,
934 1683 971 1747 et
994 1685 1114 1765 petrns
1137 1649 1299 1782 clericus,
1324 1683 1385 1770 qui
1410 1703 1532 1752 sumus
1555 1683 1712 1753 ministri
1735 1685 1779 1754 de
1802 1686 1954 1755 ecclesia
1984 1686 2099 1754 sancti

254 1828 423 1918 maximi,
444 1829 596 1917 eoquod
614 1835 699 1900 ante
720 1832 901 1918 presentia
924 1831 1043 1901 domni
1069 1833 1172 1904 alleri
1197 1837 1337 1906 abbatis
1361 1837 1474 1924 ipsius
1489 1835 1635 1906 ecclesie
1652 1840 1767 1907 sancti
1788 1839 1953 1925 maximi,
1971 1840 2034 1926 qui
2051 1843 2106 1908 est

260 1999 371 2051 unum
397 1981 439 2050 de
463 1979 612 2050 dominii
638 1983 750 2069 ipsius
775 1981 935 2070 ecclesie,
960 1991 996 2056 et
1018 1986 1140 2074 ibique
1162 1992 1256 2055 esset
1271 1991 1461 2079 supseripti
1486 1995 1685 2078 testes,per
1702 1993 1896 2061 iussionem
1914 1993 2027 2081 ipsius
2044 1995 2106 2063 ab·

262 2137 337 2207 bati
354 2143 389 2207 et
406 2155 469 2226 pro
494 2156 578 2224 pars
603 2142 639 2208 et
663 2139 737 2208 vice
761 2138 872 2226 ipsius
895 2141 1043 2211 ecclesie
1066 2143 1109 2211 ad
1134 2143 1329 2212 tenendum
1353 2148 1388 2212 et
1410 2142 1643 2214 lavorandum
1666 2151 1702 2215 et
1724 2147 1985 2236 pastenandum
2009 2147 2107 2219 abel·

261 2291 433 2362 laniatum
458 2291 674 2360 tradidimus
697 2291 865 2378 gaiderisi
889 2293 965 2362 filio
989 2295 1109 2382 lupeni
1133 2297 1281 2365 otmari
1305 2297 1378 2364 filio
1401 2301 1507 2386 puri,
1540 2297 1602 2386 qui
1625 2302 1711 2366 sunt
1733 2276 1906 2387 cognati,
1931 2299 1973 2368 de
1997 2301 2104 2368 rebus

238 2451 504 2537 'pertinentem
530 2455 643 2541 ipsius
665 2453 811 2524 ecclesie
834 2455 924 2542 quod
949 2455 1031 2524 abet
1053 2456 1091 2521 in
1115 2455 1228 2523 locum
1252 2456 1410 2541 nuceria,
1426 2453 1487 2522 ubi
1501 2453 1701 2525 cancellata
1716 2403 1849 2522 dicitur
1878 2443 2023 2542 asuper
2039 2436 2115 2524 an·'
2211 2431 2215 2440 ⁴

266 2621 344 2692 gre,
359 2606 421 2692 qui
438 2611 492 2675 est
513 2625 577 2694 per
599 2625 640 2676 ee
664 2609 750 2677 linis
773 2615 810 2676 et
825 2610 1019 2677 mensurio:
1036 2630 1059 2678 a
1075 2627 1160 2696 pars
1175 2607 1428 2676 sebtentrionis
1451 2605 1522 2673 llne
1537 2605 1597 2676 bia
1615 2605 1772 2694 publica,
1790 2606 1873 2676 i-nde
1891 2609 1984 2695 passi
2002 2611 2100 2696 quin·

267 2759 444 2846 quaginta
468 2778 591 2828 unum:
615 2771 638 2832 a
661 2781 742 2848 pars
765 2761 961 2830 occidentis
983 2763 1054 2830 fine
1078 2761 1188 2848 ipsius
1209 2761 1370 2850 ecclesie,
1388 2760 1469 2828 inde
1493 2761 1586 2847 passi
1610 2763 1820 2849 octuaginta
1843 2780 1927 2830 sex:
1954 2782 1976 2830 a
2000 2763 2107 2831 meri-

269 2910 326 2980 die
349 2912 421 2981 tins
444 2913 557 3000 ipsius
579 2914 740 3002 ecclesie,
765 2913 849 2984 inde
871 2915 965 3001 passi
990 2911 1255 3002 quinquaginta
1278 2913 1436 3000 quinque
1458 2917 1496 2981 et
1518 2916 1639 2984 cubito
1663 2934 1786 2983 unum:
1803 2917 1850 2984 ab
1873 2914 2011 2984 oriente
2033 2915 2106 2986 fine

270 3065 382 3152 ipsius
406 3064 565 3153 ecclesie,
581 3065 662 3134 inde
683 3067 778 3153 passi
802 3067 999 3154 nonaginta
1022 3071 1110 3155 octo,
1134 3070 1246 3134 totum
1270 3066 1315 3134 ad
1337 3049 1432 3135 iusto
1456 3085 1596 3150 passum
1620 3067 1734 3135 omini
1757 3072 2017 3138 mensuratum.
2034 3069 2108 3138 ista

270 3224 369 3290 terra
392 3237 456 3306 per
480 3163 650 3289 iamdicta
672 3220 855 3288 mensoria
870 3224 944 3288 tota
959 3224 995 3287 et
1011 3219 1151 3307 inclita,
1164 3238 1244 3287 cum
1268 3220 1365 3286 omni
1389 3237 1455 3289 sua
1476 3221 1698 3308 pertinentia
1720 3227 1757 3290 et
1778 3241 1860 3292 cum
1881 3224 1955 3292 vice
1971 3222 2013 3291 de
2031 3225 2111 3312 ipsa

269 3373 344 3460 via,
368 3372 525 3460 ipsorum
542 3371 719 3442 nominati
743 3371 789 3442 ad
805 3373 997 3441 tenendum
1015 3377 1051 3441 et
1065 3374 1326 3460 pastenandum
1348 3373 1603 3443 abellanietum
1627 3373 1840 3444 tradidimus
1862 3375 1928 3445 tali
1952 3377 2109 3466 ordine,

265 3532 306 3595 ut
331 3527 458 3598 amodo
480 3529 517 3596 et
542 3545 654 3614 usque
677 3526 969 3614 qnadtuordecim
992 3527 1079 3596 anni
1104 3526 1267 3613 completi
1291 3526 1336 3594 ad
1359 3543 1425 3594 sua
1448 3529 1485 3594 et
1507 3526 1551 3595 de
1565 3527 1640 3618 suis
1654 3527 1819 3596 eredibus
1836 3529 1910 3598 sint
1932 3533 2108 3616 potestate

265 3699 324 3750 eos
346 3681 542 3750 tenendum
566 3684 602 3748 et
625 3680 940 3767 dominandum,et
963 3679 1060 3747 sobee
1081 3684 1117 3746 et
1139 3678 1254 3745 omnis
1276 3695 1340 3745 sue
1362 3675 1532 3747 utilitatis
1548 3681 1585 3746 et
1600 3679 1748 3766 omines,
1762 3698 1867 3767 quem
1891 3681 2023 3750 ibidem
2048 3685 2115 3752 mi-

267 3835 403 3924 serint,
421 3835 472 3902 ibi
495 3833 634 3902 faciant
656 3833 752 3903 iusta
775 3833 926 3920 ratione,
939 3837 976 3901 et
997 3835 1072 3902 tota
1094 3831 1171 3920 ipsa
1196 3835 1292 3903 terra
1314 3835 1546 3921 pastenarent
1569 3831 1824 3902 avellanietum
1839 3832 2108 3903 rationabiliter

268 3991 315 4062 da
336 4007 411 4060 una
435 3987 561 4076 planta
578 3986 624 4055 'in
647 3986 720 4058 alia
741 3989 873 4058 abeant
895 3988 990 4076 passi
1012 3989 1146 4076 decem,
1160 3990 1197 4058 et
1219 4003 1278 4057 eos
1292 3987 1494 4074 cultarent3
1519 3991 1556 4057 et
1578 3993 1713 4076 quante
1736 3989 1901 4059 abellane
1925 3990 2050 4059 amodo
2074 3994 2111 4060 et

271 4162 383 4232 usque
406 4143 527 4212 decem
551 4143 639 4210 anni
662 4140 823 4230 completi
843 4140 972 4210 ibidem
989 4141 1139 4212 iecerint
1162 4145 1199 4210 et
1222 4129 1445 4230 collexerint,
1462 4145 1574 4211 totum
1591 4161 1654 4211 sue
1670 4140 1744 4210 siut
1764 4145 1966 4232 potestatis,
1983 4147 2021 4213 et
2037 4145 2114 4212 nul·

272 4301 343 4370 lam
368 4303 562 4369 certionem
586 4297 670 4366 inde
693 4295 738 4366 ad
755 4313 840 4383 pars
857 4293 970 4382 ipsius
993 4293 1141 4370 ecclesie
1164 4295 1334 4382 deant,et
1348 4311 1417 4381 que
1432 4293 1478 4362 da
1495 4294 1562 4380 ipsi
1578 4293 1697 4363 decem
1720 4296 1809 4364 anni
1832 4297 1871 4363 in
1889 4300 2001 4366 antea
2017 4295 2116 4364 omni

281 4457 453 4538 tempore,
470 4455 574 4520 natos
596 4451 780 4535 nascente,
798 4445 1006 4516 annualiter
1032 4445 1160 4516 ibidem
1178 4445 1340 4516 abellane
1354 4444 1775 4534 collexerit,potestatem
1799 4450 1931 4518 abeant
1954 4448 2114 4538 illepor·

278 4607 359 4672 tare
381 4619 495 4688 usque
518 4600 563 4670 ad
587 4600 709 4668 domus
724 4618 790 4668 sua
806 4601 842 4666 in
861 4599 983 4668 eodem
1008 4596 1082 4667 loco
1105 4599 1267 4685 nucerie,
1281 4599 1341 4665 ubi
1358 4597 1512 4686 abitant,
1524 4603 1560 4666 et
1574 4560 1718 4670 secoare
1735 4599 1809 4689 ille,
1821 4607 1857 4670 et
1872 4602 2007 4672 faciant
2023 4601 2117 4670 scire

276 4775 361 4846 pars
384 4757 499 4843 ipsius
522 4753 682 4842 ecclesie,
695 4759 736 4822 ut
750 4701 887 4840 dirigat
903 4750 1033 4820 ibidem
1056 4752 1215 4840 missum,
1241 4757 1277 4820 et
1292 4750 1364 4820 illis
1380 4756 1449 4821 tote
1475 4750 1549 4839 ipse
1572 4752 1734 4823 abellane
1757 4754 1922 4824 dividant
1938 4774 2018 4822 cum
2041 4756 2115 4842 ipso

270 4914 432 4981 missum:
459 4909 534 4998 ipso
559 4909 708 4978 missum
731 4905 835 4977 tollat
858 4923 917 4974 eos
941 4907 1050 4976 tertia
1072 4911 1173 4994 parte
1188 4883 1203 4995 ,
1229 4913 1266 4976 et
1295 4906 1369 4975 illis
1392 4905 1445 4975 vel
1469 4906 1544 4976 suis
1568 4907 1732 4977 eredibus
1758 4906 1861 4976 tollat
1885 4907 2022 4996 relique
2045 4911 2113 4980 due

274 5065 393 5153 sortis,
410 5069 447 5134 et
462 5065 538 5153 ipso
562 5063 723 5148 missum,
748 5060 892 5147 quando
916 5057 1046 5128 ibidem
1070 5061 1284 5148 direxerint,
1302 5061 1374 5130 illis
1395 5081 1475 5132 eum
1493 5063 1631 5131 notrire
1647 5063 1840 5132 secundum
1862 5081 1928 5133 sua
1945 5064 2116 5150 possivili-

270 5225 364 5307 tate3
389 5226 425 5290 et
449 5219 574 5290 amodo
597 5223 633 5288 et
656 5235 767 5304 usque
793 5214 860 5302 ipsi
884 5215 1175 5301 qnadtuordecim
1201 5218 1288 5287 anni
1312 5207 1443 5288 abeant
1468 5217 1506 5285 in
1522 5223 1595 5288 tota
1619 5220 1699 5305 ipsa
1713 5222 1813 5287 terra
1836 5237 1899 5307 per
1918 5217 1996 5306 ipsa
2012 5235 2112 5287 men·
2215 5234 2218 5244 ·

274 5377 377 5445 suria
393 5374 646 5444 abellanietum
664 5376 891 5460 pastenatum
913 5372 957 5439 de
971 5373 1062 5440 bone
1078 5370 1240 5474 abellane
1256 5375 1292 5440 et
1307 5375 1492 5458 operatum
1508 5375 1545 5440 et
1560 5376 1712 5461 surtum,
1736 5371 1780 5440 de
1802 5391 1909 5461 super
1925 5375 1961 5440 et
1974 5371 2018 5441 de
2031 5373 2113 5440 sub·

273 5535 345 5618 ter,
370 5530 465 5597 sicut
488 5527 532 5597 de
555 5531 676 5597 tantm
699 5541 812 5594 annos
836 5525 932 5593 locus
955 5525 1030 5611 ipse
1045 5523 1231 5608 meruerit,
1251 5526 1292 5591 ut
1306 5540 1394 5590 rene
1418 5526 1544 5609 pareat
1567 5523 1720 5611 tactum3
1744 5527 1781 5592 et
1797 5522 1989 5632 abinde'in
2004 5528 2113 5596 autea

277 5683 374 5750 omni
399 5687 573 5769 tempore,
599 5685 701 5750 natos
723 5682 906 5766 nascente,
928 5677 974 5747 ad
997 5697 1063 5748 sua
1085 5679 1186 5748 etde
1208 5679 1283 5746 suis
1305 5678 1469 5748 eredibns
1491 5677 1565 5746 sint
1588 5683 1758 5767 potestate
1780 5698 1840 5750 eos
1863 5681 2056 5751 tenendum
2079 5688 2115 5752 et

267 5835 533 5924 dominandum,
557 5839 594 5903 et
616 5834 715 5903 lobea
734 5835 772 5902 et
794 5833 910 5900 omnis
933 5849 996 5900 sue
1018 5831 1189 5901 utilitatis
1212 5831 1307 5902 iusta
1329 5833 1470 5902 ratione
1494 5832 1546 5901 ibi
1569 5833 1717 5920 iaciant,
1742 5841 1778 5903 et
1800 5833 2009 5904 annualiter
2033 5837 2110 5923 ipse
