5408 7108
623 503 694 580 272
1256 505 1436 579 OODEX
1474 505 1745 582 clvnbsls

580 731 732 800 nuceria
754 735 954 820 propinquo
976 731 1124 801 ecclesie
1148 734 1260 802 sancti
1286 733 1450 802 martini.
1475 734 1520 801 Et
1542 733 1634 820 Ideo,
1664 731 1707 799 (13
1729 733 1824 799 31331
1846 733 1948 800 nobis
1977 747 2178 818 congruum
2201 730 2284 816 est,
2308 731 2434 798 nostre

577 899 670 952 3333
688 883 891 992 Ι3313313113
912 901 1099 954 3333333
1121 903 1331 954 333333333
1356 905 1420 974 per
1442 905 1511 954 ano
1534 887 1712 955 cartulam
1737 891 1820 956 ante
1844 885 2025 972 presentia
2048 885 2140 972 petri
2159 882 2271 950 iudici
2290 927 2426 950 .....

579 1037 874 1106 benumdedimus
897 1037 1014 1124 adque
1036 1038 1089 1107 ad·
1114 1056 1252 1127 semper
1282 1039 1458 1108 abendum
1488 1037 1777 1106 confirmavimus
1808 1037 1874 1106 tibi
1907 1035 2120 1105 machenold
2144 1033 2218 1102 lilio
2243 1032 2429 1120 quondam

576 1191 799 1260 maobenclfl
824 1190 950 1259 inclita
972 1191 1161 1262 medietate
1183 1191 1261 1278 ipsa
1290 1197 1390 1260 terra
1418 1210 1499 1259 cum
1529 1211 1612 1262 casa
1640 1191 1685 1260 de
1714 1191 1812 1260 intus
1840 1193 1915 1278 ipso
1937 1189 2085 1259 castello
2100 1239 2110 1276 ,
2136 1189 2293 1276 qualiter
2320 1185 2423 1254 illam

577 1343 682 1411 modo
704 1344 928 1415 3333131331
950 1345 1118 1416 edificata
1141 1351 1220 1434 331,
1242 1350 1280 1414 31
1302 1348 1381 1434 ipsa
1404 1347 1543 1436 reliqua
1567 1346 1755 1418 medietate
1786 1352 1864 1436 ipsa
1892 1352 1992 1416 terra
2020 1363 2103 1412 cum
2126 1360 2211 1412 casa
2235 1344 2290 1410 est
2314 1339 2424 1427 perti·
2518 1401 2527 1414 .

577 1503 704 1568 nentes
727 1502 819 1586 petri
844 1499 982 1572 lazzaru
1008 1501 1083 1569 tilio
1105 1502 1281 1588 quondam
1305 1503 1398 1590 petri
1419 1504 1481 1590 qui
1505 1508 1558 1572 est
1580 1509 1765 1592 parentem
1788 1507 1969 1585 nostrum;
1995 1517 2081 1568 nam
2104 1500 2224 1566 autem
2252 1499 2331 1583 ipsa
2346 1493 2426 1568 3113

577 1652 768 1721 medietate
782 1702 793 1738 ,
818 1651 910 1721 31331
937 1652 1107 1740 diximus,
1131 1653 1197 1720 tivi
1227 1653 1409 1722 nominato
1438 1650 2278 1742 3333333111131333331333313311333333
2305 1647 2432 1716 omnia

582 1809 666 1874 ntro
689 1825 726 1875 se
749 1809 940 1876 abentibus
962 1807 1194 1894 omnibusque
1217 1808 1291 1874 suis
1308 1809 1559 1894 pertinentiis3
1584 1827 1652 1895 que
1676 1805 1859 1876 abetdnis
1876 1806 1954 1892 ipsa
1971 1810 2168 1872 terrarum
2194 1821 2279 1870 3333
2295 1821 2318 1868 3
2336 1817 2424 1886 pars

590 1958 724 2028 3133113
747 1961 818 2029 line
843 2007 853 2026 .
881 2011 888 2028 .
918 2011 925 2028 .
952 1979 1094 2029 murum
1117 1962 1210 2049 quod
1233 1979 1420 2030 commune
1436 1963 1582 2029 abemus
1605 1979 1687 2028 oum
1702 1957 1824 2026 eredes
1848 1955 2018 2026 landoni:
2043 1975 2067 2024 a
2090 1973 2175 2044 pars
2201 1957 2426 2041 septemtrio·

577 2116 637 2182 nis
659 2115 731 2183 flue
754 2115 871 2184 media
893 2107 1035 2202 platea':
1061 2134 1084 2183 a
1107 2134 1190 2202 pars
1220 2114 1412 2184 occidentis
1441 2116 1513 2182 fine
1543 2114 1659 2182 media
1688 2111 1876 2189 stractola;
1900 2131 1925 2180 a
1947 2110 2096 2179 meridie
2125 2111 2195 2177 1133
2233 2109 2431 2179 abalsarni.

575 2267 620 2336 de
643 2239 890 2357 suprascripta
912 2272 1012 2338 terra
1035 2287 1116 2337 cum
1140 2287 1242 2355 casa,
1267 2270 1422 2356 qualiter
1455 2268 1700 2356 circumdant,
1725 2269 1818 2336 sicut
1841 2266 2017 2353 diximus,
2041 2284 2106 2333 nos
2131 2265 2282 2352 predicti
2315 2271 2436 2334 mater·

576 2421 702 2492 attilii
727 2422 854 2492 inclita
876 2423 1065 2494 medietate
1088 2425 1153 2494 tivi
1177 2425 1238 2512 qui
1261 2441 1369 2509 supra
1392 2421 1634 2490 machenoltus
1659 2419 1949 2490 benumdedimus
1978 2437 2061 2487 cum
2085 2415 2160 2488 bioe
2182 2418 2226 2486 (13
2253 2419 2333 2504 ipsa
2356 2437 2429 2487 me·

575 2575 637 2646 dia
660 2577 839 2664 strectola,
863 2583 900 2645 et
921 2597 1002 2646 oum
1025 2577 1143 2647 media
1167 2579 1244 2663 ipsa
1268 2577 1398 2663 platea,
1415 2583 1546 2643 etcum
1571 2575 1795 2643 medietatem
1812 2577 1887 2662 ipso
1905 2591 2007 2640 muro
2022 2575 2085 2660 qui
2103 2575 2156 2641 est
2172 2592 2195 2640 a
2211 2590 2295 2657 pars
2312 2571 2434 2640 orien-

579 2699 642 2817 tis,
664 2735 702 2798 31
724 2731 810 2798 cum'
827 2733 941 2798 totum
964 2731 1040 2817 ipso
1063 2748 1205 2796 murum
1228 2729 1290 2814 qui
1316 2733 1368 2796 est
1392 2729 1438 2796 ab
1463 2727 1540 2814 ipsa
1564 2746 1648 2814 pars
1672 2729 1835 2814 meridie,
1859 2732 2000 2797 etcum
2025 2726 2194 2795 sericidia
2220 2727 2258 2792 in
2284 2743 2349 2792 suo
2373 2725 2433 2793 de-

576 2888 795 2969 currentem,
820 2886 961 2950 etcum
985 2884 1114 2954 1333113
1136 2887 1172 2949 31
1187 2881 1287 2950 exita
1308 2901 1387 2969 sua3
1415 2883 1506 2951 unde
1521 2883 1566 2951 (13
1591 2884 1669 2970 ipsa
1693 2884 1919 2952 medietatem
1944 2883 2104 2970 predicta
2128 2885 2229 2948 terra
2246 2898 2330 2947 cum
2344 2897 2434 2948 casa

575 3053 642 3104 nec
665 3038 767 3104 nobis
789 3035 851 3120 qui
875 3054 984 3122 supra
1007 3036 1183 3122 germani,
1200 3055 1266 3104 333
1288 3042 1419 3124 quarta
1441 3037 1484 3105 de
1509 3040 1681 3106 uxoribus
1703 3041 1837 3120 nostre,
1862 3054 1928 3104 nec
1951 3035 1998 3104 ad
2020 3033 2153 3102 nostris
2176 3034 2349 3102 eredibus
2373 3031 2430 3100 vel

576 3191 616 3258 in
641 3189 770 3277 quavis
793 3190 956 3276 partibus
983 3187 1118 3255 nnllam
1141 3187 1273 3256 exinde
1298 3190 1431 3258 restitit
1453 3208 1519 3258 nec
1543 3190 1696 3257 dicimus
1727 3189 1809 3257 inde
1834 3206 2020 3257 33333333
2044 3188 2254 3272 sortionem,
2279 3190 2361 3272 set,
2384 3186 2433 3254 31-

574 3347 637 3413 331
661 3344 796 3412 (113133
821 3348 887 3430 331,
911 3344 1074 3412 13311133
1100 3343 1182 3412 11131
1203 3346 1270 3412 1131
1293 3343 1476 3414 33313313
1499 3344 2283 3430 3333333111333331311333,31333331133
2309 3352 2346 3410 et
2369 3343 2433 3408 lir-

574 3501 684 3568 miter
708 3498 833 3566 amodo
855 3501 892 3566 et
914 3516 1052 3586 semper
1075 3499 1170 3564 omni
1194 3504 1352 3585 tempore
1369 3503 1407 3567 tu
1424 3502 1547 3585 tuique
1571 3499 1736 3568 aradibus
1760 3499 1843 3567 illut
1859 3517 1918 3568 eos
1941 3499 2132 3584 abendum,
2150 3495 2424 3582 dominandum,

574 3650 839 3737 possidendum,
865 3651 984 3720 omnia
1010 3650 1093 3718 inde
1115 3650 1319 3718 laciendum
1342 3652 1435 3737 quod
1458 3651 1654 3739 volueritis,
1678 3655 1811 3737 absque
1834 3658 1929 3720 omni
1955 3655 2104 3737 nostra,
2128 3651 2191 3738 qui
2217 3668 2328 3737 supra
2353 3667 2430 3718 ma-

575 3807 631 3875 ter
654 3807 693 3874 et
714 3803 798 3890 filii,
822 3821 885 3871 seu
907 3803 951 3872 de
975 3804 1050 3890 ipse
1072 3803 1246 3872 uxoribus
1269 3807 1391 3871 nostre
1413 3805 1474 3890 qui
1498 3822 1608 3888 supra
1630 3807 1796 3891 germani
1820 3803 1874 3872 vel
1892 3805 1934 3872 de
1959 3805 2092 3872 nostris
2114 3803 2295 3890 eredibus,
2322 3807 2427 3876 suta

577 3975 804 4045 quacumque
826 3955 1005 4025 ominibus
1027 3958 1284 4026 contrarietate
1307 3956 1362 4024 vel
1386 3955 1666 4043 requisitionem.
1692 3957 1736 4026 Et
1760 3976 1823 4042 pro
1846 3956 2091 4026 confirmanda
2114 3961 2151 4025 et
2166 3955 2427 4026 stabiliscenda

575 4110 785 4198 supradicta
808 4111 931 4176 nostra
955 4109 1189 4178 vinditionem
1211 4109 1428 4196 apresentis
1451 4127 1514 4176 nos
1537 4109 1597 4196 qui
1622 4127 1732 4196 supra
1756 4109 1820 4176 dlii
1844 4115 1881 4178 et
1904 4115 2019 4178 mater
2044 4109 2082 4178 in
2107 4111 2344 4178 communiter
2368 4127 2424 4179 33-

576 4265 737 4351 cepimus
760 4246 840 4331 313
864 4261 1068 4330 nominatus
1091 4261 1333 4330 machenoltus
1356 4267 1526 4330 emtorem
1549 4267 1708 4328 nostrum
1733 4266 1905 4329 statutum
1928 4265 2096 4349 pretium,
2113 4263 2205 4331 idest
2227 4265 2329 4332 aurei
2348 4265 2421 4334 tari

574 4417 661 4484 voni
685 4415 883 4522 duodecim,
908 4416 1003 4482 sicut
1026 4415 1121 4482 inter
1145 4433 1209 4484 nos
1231 4416 1410 4483 combenit
1433 4405 1474 4482 13
1494 4417 1609 4482 33313
1631 4415 1900 4482 (1311333311333.
1918 4417 2018 4485 Unde
2034 4435 2098 4504 pro
2115 4418 2234 4487 taliter
2252 4437 2314 4505 per
2332 4437 2426 4489 vona

574 4566 830 4635 conbcnientia
853 4583 916 4635 nos
939 4568 1000 4652 qui
1025 4585 1133 4654 supra
1156 4571 1290 4654 petrus,
1316 4569 1502 4654 iaquintus
1516 4616 1525 4653 ,
1549 4565 1793 4654 grimoaldus,
1818 4573 1854 4637 et
1875 4588 1943 4655 ego
1973 4571 2158 4640 nominata
2181 4592 2325 4660 gemma
2350 4593 2421 4644 una

550 4739 658 4791 vcum
683 4723 745 4790 isti
769 4719 835 4788 filii
859 4724 895 4790 et
919 4719 981 4807 qui
1007 4726 1092 4788 sunt
1115 4721 1298 4789 mundoalt
1320 4721 1394 4788 mei
1416 4724 1453 4788 et
1475 4740 1538 4807 pro
1561 4721 1703 4790 illorum
1728 4723 1920 4792 bolumtate
1944 4742 2085 4811 unaque
2108 4744 2191 4792 cum
2227 4725 2301 4792 illis
2333 4745 2422 4814 gua·

574 4874 637 4944 dia
660 4875 725 4943 tivi
749 4875 933 4942 nominato
956 4873 1179 4941 machenollo
1201 4872 1380 4962 dedimus,
1404 4879 1440 4942 et
1463 4873 1657 4944 mediatore
1680 4875 1747 4944 tivi
1772 4878 1953 4962 posuimus
1976 4894 2040 4945 nos
2063 4878 2174 4964 ipsis3
2199 4883 2236 4946 31
2258 4895 2321 4964 per
2347 4876 2426 4965 ipsa

574 5027 714 5116 guallia
738 5031 806 5096 etc.
832 5028 1003 5112 sequitur
1024 5031 1190 5096 33333313
1212 5031 1386 5113 formula,
1411 5031 1549 5096 statuto
1571 5030 1685 5097 molto
1702 5031 1833 5114 diptota·
1854 5031 2152 5099 3333313333(
2166 5035 2424 5102 constantinia·

574 5197 719 5250 norum.
744 5181 857 5258 Quam
883 5185 920 5249 te
942 5182 1064 5250 henim
1087 5182 1319 5270 truppoaldus
1341 5181 1493 5250 clericus
1521 5185 1557 5250 et
1580 5179 1743 5250 notarius
1771 5183 1928 5252 scribere
1956 5183 2187 5272 rogavimus,
2211 5170 2331 5253 a'ctum
2360 5203 2428 5253 nu-

575 5333 684 5402 33313.

618 5457 650 5572 †
675 5486 750 5571 Ego
774 5487 835 5572 qui
859 5503 970 5573 supra
991 5491 1126 5574 petrus.

620 5605 652 5722 †
678 5635 753 5724 Ego
776 5634 989 5707 romoaldus.
