5402 7088
579 527 627 602 as
1159 499 1188 530 ’·
1219 528 1393 604 conxx
1426 532 1688 610 onvxusrs

528 769 624 820 nem.
650 751 715 821 Sed
729 755 914 842 perpetuis
931 755 1146 844 temporibus
1160 723 1289 826 cubeta
1302 757 1506 844 supradicta
1529 759 1709 828 concessio
1725 765 1933 846 permaneat
1958 761 1996 829 in
2021 729 2188 830 iamdicto
2204 765 2380 833 monaste·

529 901 591 982 riq
609 907 756 976 sanotae
780 904 969 976 trinitatis.
995 907 1272 1012 Tantummodo,
1296 907 1325 974 si
1350 908 1545 997 aliquando
1569 929 1789 999 quecumque
1812 891 1977 982 humana
1995 931 2146 1000 persona
2161 915 2384 1004 suprascrip·

527 1061 605 1126 tum
630 1057 885 1126 monasterium
908 1063 1055 1130 sanctae
1077 1055 1252 1130 trinitatis
1282 1060 1326 1128 de
1356 1059 1512 1132 dominio
1543 1067 1579 1132 et
1601 1061 1802 1164 defensione
1825 1065 1947 1131 nostra
1971 1065 2185 1150 nostraeque
2208 1064 2382 1154 reipupli-

498 1305 500 1312 .
528 1223 593 1276 cae
616 1223 837 1292 quocumque
861 1209 961 1278 modo
984 1211 1229 1298 subtraxerit,
1253 1215 1330 1280 tota
1352 1214 1559 1300 supradicta
1582 1191 1759 1302 concessio
1783 1218 1985 1284 revertatur
2008 1216 2053 1286 ad
2067 1207 2288 1304 'potestatem
2319 1237 2383 1287 no·

528 1364 640 1430 stram
663 1365 851 1448 nostreque
874 1341 1115 1452 reipuplicae,
1142 1363 1344 1434 iaciendum
1367 1366 1498 1436 exinde
1522 1366 1642 1434 omnia
1664 1385 1757 1454 quae
1781 1364 2009 1436 voluerimus.
2034 1361 2185 1438 Textu'm
2208 1386 2292 1439 vero
2315 1371 2382 1439 hu·

529 1514 587 1582 ius
609 1517 752 1582 nostrae·
774 1514 1011 1583 concessionis
1034 1515 1072 1582 in
1096 1518 1256 1605 predicta
1281 1519 1421 1588 ratione
1443 1520 1596 1588 scribere
1627 1520 1850 1608 precepimus
1874 1519 1940 1589 tibi
1964 1520 2175 1610 truppoaldo
2198 1519 2321 1592 abbati
2344 1524 2382 1592 et
2512 1553 2517 1560 ·

530 1665 649 1736 scribe
672 1665 786 1734 nostri
810 1666 902 1737 sacri
929 1661 1056 1756 palatii
1079 1669 1122 1738 de
1146 1688 1266 1740 mense
1290 1670 1377 1737 iulio
1393 1669 1588 1739 indictione
1603 1669 1723 1756 tertia,
1742 1671 1925 1759 Anuloque
1944 1677 2065 1740 nostro
2081 1672 2251 1761 insigniri
2276 1672 2384 1743 iussi·

527 1841 620 1928 mus.
640 1823 743 1892 Anno
759 1821 823 1890 deo
838 1823 1054 1909 propitiante
1078 1824 1190 1892 nostri
1207 1822 1430 1909 principatus
1446 1825 1471 1904 ¹)
1493 1823 1640 1908 septimo
1663 1823 1810 1892 decimo.

1280 2279 1648 2416 Dccoxcvr.

1172 2647 1178 2658 ἱ
1304 2546 1361 2620 Α.
1390 2544 1445 2618 n.
1475 2491 1629 2620 roas..

571 2749 608 2890 †
633 2801 673 2868 ln
695 2802 839 2882 nomine
857 2799 989 2869 domini
1008 2799 1063 2870 dei
1080 2798 1265 2870 salvatoris
1288 2800 1402 2904 nostri
1420 2802 1521 2868 ihesu
1537 2800 1676 2871 christi.
1692 2806 1766 2871 Nos
1780 2800 2020 2889 Guaimarius,
2037 2801 2160 2872 divina
2177 2801 2377 2890 opitulante
2506 2835 2511 2842 ·

525 2953 728 3043 clementia,
754 2954 1055 3043 langobardorum
1078 2921 1198 3043 gentis
1221 2957 1386 3041 princeps
1402 2971 1466 3040 pro
1481 2971 1601 3022 amore
1623 2953 1857 3041 omnipotenti
1872 2953 1937 3022 deo
1952 2952 2153 3041 salutisque
2169 2951 2290 3023 anime
2307 2956 2378 3023 hac

526 3109 644 3208 patrie
677 3113 798 3178 nostre
820 3109 1063 3194 salvationes,
1087 3126 1195 3194 quam
1219 3112 1255 3175 et
1277 3126 1340 3194 per
1364 3105 1637 3193 postulationem
1658 3125 1815 3220 purpurp
1838 3107 2049 3196 principissa
2071 3107 2200 3178 dilecte
2222 3108 2369 3196 coniugi

468 3277 472 3286 ·
532 3267 654 3332 nostre
676 3260 903 3332 concedimus
924 3263 961 3330 et
983 3259 1234 3328 confirmamus
1256 3261 1325 3329 tibi
1348 3259 1429 3330 luca
1451 3263 1574 3331 abbati
1599 3262 1804 3346 monasterii
1828 3265 1956 3331 sancta
1973 3263 2142 3348 barbara,
2157 3261 2250 3349 quod
2273 3259 2373 3332 dedi·

528 3419 651 3486 catum
674 3417 729 3485 est
751 3411 790 3483 in
813 3415 1033 3502 pertinentia
1050 3412 1092 3482 de
1109 3415 1199 3482 nobo
1215 3413 1347 3482 linibus
1363 3412 1607 3500 salernitanis,
1625 3431 1705 3481 cum
1722 3413 1885 3482 omnibus
1902 3414 2008 3482 rebus
2024 3413 2245 3510 pertinentes
2259 3413 2377 3502 ipsius

529 3567 754 3650 monasterii,
779 3571 917 3638 etcum
941 3565 1112 3634 molinum
1136 3567 1198 3655 qui
1222 3567 1301 3636 dedi
1326 3614 1336 3634 .
1363 3615 1372 3634 .
1400 3614 1409 3633 .
1440 3617 1449 3634 .
1474 3565 1589 3636 estin
1613 3565 1721 3635 mbio
1744 3565 1788 3635 de
1813 3535 2036 3654 ipsabruca,
2052 3571 2089 3635 et
2104 3585 2187 3634 cum
2209 3567 2287 3656 ipso
2311 3586 2373 3638 ca·

525 3721 721 3793 stanietum
745 3722 807 3808 qui
829 3725 882 3791 est
905 3722 944 3802 iu
968 3721 1055 3808 pede
1077 3719 1120 3790 de
1142 3721 1261 3788 monte
1289 3718 1350 3806 qui
1376 3720 1487 3790 vocad
1509 3722 1670 3808 teborio,
1693 3726 1730 3789 et
1752 3737 1834 3787 cum
1858 3720 1936 3806 ipsa
1958 3719 2081 3789 cesina
2102 3737 2171 3808 que
2196 3725 2252 3791 est
2273 3719 2368 3790 ulter

528 3877 606 3964 ipso
628 3875 735 3942 dubio
757 3873 850 3961 quod
872 3891 1022 3944 roncare
1045 3872 1129 3941 lecit
1152 3889 1269 3941 cosma
1291 3855 1402 3942 abbae
1421 3879 1647 3944 ’antecessore
1669 3877 1797 3942 restro.
1823 3873 1917 3962 Ideo,
1935 3877 1975 3943 ut
1996 3873 2171 3962 diximus,
2197 3873 2365 3943 inclitum
2418 3869 2431 3890 ⁰

529 4035 646 4117 ipsum
669 4027 925 4097 monasterium
947 4045 1029 4095 cum
1052 4027 1217 4095 omnibus
1240 4027 1362 4113 terris,
1387 4045 1449 4095 scu
1472 4025 1593 4114 silbis,
1616 4031 1653 4095 et
1676 4025 1881 4096 iamdictum
1905 3985 2167 4112 castanietum,
2191 4030 2228 4095 et
2251 4024 2371 4114 predi·

530 4183 627 4249 ctum
655 4132 827 4249 molinum
851 4177 949 4247 vobis
976 4177 1226 4265 concessimus
1251 4196 1331 4245 cum
1355 4177 1520 4245 omnibus
1546 4177 1642 4247 infra
1657 4196 1695 4246 se
1711 4178 1898 4247 ababtibus
1921 4176 2151 4264 omnibusque
2175 4179 2250 4247 suis
2267 4177 2377 4264 perti·

529 4333 667 4402 nentiis
684 4335 727 4400 et
749 4349 829 4399 cum
853 4327 931 4399 bice
954 4329 997 4398 de
1020 4327 1089 4396 biis
1112 4327 1199 4406 suis,
1224 4329 1398 4398 securiter
1422 4345 1481 4397 vos
1496 4329 1621 4398 diebus
1644 4329 1715 4398 vite
1732 4334 1848 4400 vestre
1871 4329 1953 4399 illut
1969 4331 2159 4419 abendum,
2182 4331 2369 4402 dominan-

528 4481 628 4572 dum,
652 4481 901 4568 possidendum
924 4485 961 4549 et
984 4481 1104 4552 omnia
1126 4480 1169 4549 de
1194 4484 1270 4568 ipso
1294 4479 1451 4548 frudium
1476 4479 1676 4550 laciendum
1700 4501 1769 4569 que
1793 4481 1987 4551 volueritis.
2013 4483 2057 4551 Et
2071 4484 2121 4552 ha
2137 4483 2266 4552 nostris
2283 4483 2375 4553 iudi·

527 4635 645 4724 cibus,
669 4635 871 4720 comitibus,
896 4633 1100 4719 castaldeis,
1125 4630 1180 4700 rel
1204 4652 1227 4702 a
1249 4632 1528 4718 quibusmmque
1552 4632 1755 4720 agentibus,
1775 4631 1912 4711 nullam
1936 4613 2067 4702 exinde
2083 4633 2275 4720 patiamini
2302 4652 2375 4702 mo-

526 4785 746 4890 lestationes,
771 4790 825 4856 set
848 4786 972 4856 amodo
994 4790 1031 4855 et
1052 4784 1218 4853 omnibus
1242 4784 1367 4854 diebus
1391 4786 1462 4854 vite
1478 4789 1673 4872 restreper
1690 4788 1755 4854 hoc
1771 4789 1932 4854 nostrum
1956 4788 2142 4854 roboreum
2167 4789 2373 4874 preceptum
2423 4785 2428 4796 '

526 4913 687 5025 predicto
708 4940 926 5010 monasterio
950 4958 1030 5008 cum
1053 4939 1174 5007 omnia
1197 4937 1454 5026 suprascripta,
1469 4943 1505 5007 et
1520 4955 1601 5005 cum
1623 4937 1719 5006 omni
1741 4956 1808 5006 sua
1830 4936 2062 5025 pertinentia,
2079 4955 2204 5008 securo
2227 4939 2394 5046 nomine·

525 5093 636 5160 abere
658 5095 695 5161 et
718 5091 897 5180 possidere
919 5089 1071 5162 valeatis
1094 5091 1133 5159 in
1158 5089 1328 5160 iamdicta
1352 5093 1503 5176 ratione;
1533 5089 1625 5178 quod
1648 5107 1732 5158 vero
1754 5093 1959 5176 preceptum
1981 5047 2218 5158 coicessionts
2232 5107 2280 5160 ex
2295 5089 2367 5160 ius·

526 5239 627 5313 sione
650 5244 854 5332 supradicte
877 5203 1065 5332 potestatis
1084 5240 1212 5329 scripsi
1235 5258 1301 5330 ego
1324 5239 1524 5310 romoaldus
1542 5241 1581 5310 in
1597 5257 1700 5309 sacro
1722 5237 1919 5326 palatioin
1942 5256 2039 5309 anno
2062 5239 2369 5327 septimodecimo

523 5397 750 5484 principatus
772 5391 801 5481 ²)
823 5395 1018 5484 supradicti
1041 5373 1160 5464 domni
1184 5394 1363 5482 guaimari
1382 5391 1528 5481 gloriosi
1544 5393 1717 5482 principis
1732 5393 1775 5462 de
1791 5377 1913 5464 mense
1932 5389 2018 5462 iulio
2034 5392 2233 5464 indictione
2247 5393 2371 5467 tertia.
2485 5385 2488 5392 ’

520 5583 930 5598 ψ*

565 5701 588 5783 Ι)
610 5701 695 5764 Loco
717 5698 823 5780 sigilli
846 5700 950 5764 cerci.

563 5845 586 5930 'l
612 5845 716 5911 Idem.
