<?xml version="1.0" encoding="UTF-8"?>
<!DOCTYPE html PUBLIC "-//W3C//DTD XHTML 1.0 Transitional//EN"
    "http://www.w3.org/TR/xhtml1/DTD/xhtml1-transitional.dtd">
<html xmlns="http://www.w3.org/1999/xhtml" xml:lang="en" lang="en">
 <head>
  <title>
</title>
<meta http-equiv="Content-Type" content="text/html;charset=utf-8" />
  <meta name='ocr-system' content='tesseract 3.04.00' />
  <meta name='ocr-capabilities' content='ocr_page ocr_carea ocr_par ocr_line ocrx_word'/>
</head>
<body>
  <div class='ocr_page' id='page_1' title='image "./codexdiplomatic04aragoog_0287.png"; bbox 0 0 5408 7108; ppageno 0'>
   <div class='ocr_carea' id='block_1_1' title="bbox 1024 464 2097 568">
    <p class='ocr_par' dir='ltr' id='par_1_1' title="bbox 1024 464 2097 568">
     <span class='ocr_line' id='line_1_1' title="bbox 1024 464 2097 568; baseline -0.013 -20"><span class='ocrx_word' id='word_1_1' title='bbox 1024 468 1419 548; x_wconf 75' lang='lat' dir='ltr'>nlntortirtcus</span> <span class='ocrx_word' id='word_1_2' title='bbox 1529 517 1532 524; x_wconf 69' lang='lat'>‹</span> <span class='ocrx_word' id='word_1_3' title='bbox 1974 551 1984 568; x_wconf 90' lang='lat'><strong><em>.</em></strong></span> <span class='ocrx_word' id='word_1_4' title='bbox 2027 464 2097 538; x_wconf 70' lang='lat' dir='ltr'>uti</span> 
     </span>
    </p>
   </div>
   <div class='ocr_carea' id='block_1_2' title="bbox 259 691 2223 3227">
    <p class='ocr_par' dir='ltr' id='par_1_2' title="bbox 259 691 2223 3227">
     <span class='ocr_line' id='line_1_2' title="bbox 291 691 2223 788; baseline -0.006 -16"><span class='ocrx_word' id='word_1_5' title='bbox 291 705 328 772; x_wconf 91' lang='lat' dir='ltr'>et</span> <span class='ocrx_word' id='word_1_6' title='bbox 353 719 419 788; x_wconf 83' lang='lat' dir='ltr'>ego</span> <span class='ocrx_word' id='word_1_7' title='bbox 442 699 488 770; x_wconf 90' lang='lat' dir='ltr'>ad</span> <span class='ocrx_word' id='word_1_8' title='bbox 514 701 629 786; x_wconf 89' lang='lat' dir='ltr'>ipsum</span> <span class='ocrx_word' id='word_1_9' title='bbox 654 701 763 770; x_wconf 85' lang='lat' dir='ltr'>iudex</span> <span class='ocrx_word' id='word_1_10' title='bbox 788 700 869 770; x_wconf 89' lang='lat' dir='ltr'>illut</span> <span class='ocrx_word' id='word_1_11' title='bbox 891 700 1169 785; x_wconf 83' lang='lat' dir='ltr'>notificabimus3</span> <span class='ocrx_word' id='word_1_12' title='bbox 1196 697 1271 783; x_wconf 86' lang='lat' dir='ltr'>ipse</span> <span class='ocrx_word' id='word_1_13' title='bbox 1295 697 1404 765; x_wconf 85' lang='lat' dir='ltr'>iudex</span> <span class='ocrx_word' id='word_1_14' title='bbox 1426 693 1621 763; x_wconf 84' lang='lat' dir='ltr'>secundum</span> <span class='ocrx_word' id='word_1_15' title='bbox 1637 693 1846 763; x_wconf 86' lang='lat' dir='ltr'>mandatum</span> <span class='ocrx_word' id='word_1_16' title='bbox 1865 691 1955 778; x_wconf 82' lang='lat' dir='ltr'>legis</span> <span class='ocrx_word' id='word_1_17' title='bbox 1972 709 2035 760; x_wconf 84' lang='lat' dir='ltr'>nos</span> <span class='ocrx_word' id='word_1_18' title='bbox 2053 695 2145 762; x_wconf 89' lang='lat' dir='ltr'>iam·</span> <span class='ocrx_word' id='word_1_19' title='bbox 2201 695 2223 729; x_wconf 81' lang='lat'>’</span> 
     </span>
     <span class='ocr_line' id='line_1_3' title="bbox 293 831 2146 942; baseline -0.005 -19"><span class='ocrx_word' id='word_1_20' title='bbox 293 852 393 924; x_wconf 86' lang='lat' dir='ltr'>diota</span> <span class='ocrx_word' id='word_1_21' title='bbox 418 851 548 922; x_wconf 88' lang='lat' dir='ltr'>mulier</span> <span class='ocrx_word' id='word_1_22' title='bbox 574 851 798 940; x_wconf 85' lang='lat' dir='ltr'>interrogata</span> <span class='ocrx_word' id='word_1_23' title='bbox 820 856 856 921; x_wconf 84' lang='lat' dir='ltr'>et</span> <span class='ocrx_word' id='word_1_24' title='bbox 879 851 1053 939; x_wconf 88' lang='lat' dir='ltr'>inquisita</span> <span class='ocrx_word' id='word_1_25' title='bbox 1076 869 1168 938; x_wconf 89' lang='lat' dir='ltr'>sum,</span> <span class='ocrx_word' id='word_1_26' title='bbox 1192 869 1237 919; x_wconf 88' lang='lat' dir='ltr'>ne</span> <span class='ocrx_word' id='word_1_27' title='bbox 1268 851 1357 918; x_wconf 83' lang='lat' dir='ltr'>forte</span> <span class='ocrx_word' id='word_1_28' title='bbox 1387 847 1510 936; x_wconf 87' lang='lat' dir='ltr'>aliqua</span> <span class='ocrx_word' id='word_1_29' title='bbox 1539 846 1746 917; x_wconf 88' lang='lat' dir='ltr'>violentiam</span> <span class='ocrx_word' id='word_1_30' title='bbox 1769 831 1885 916; x_wconf 86' lang='lat' dir='ltr'>essere</span> <span class='ocrx_word' id='word_1_31' title='bbox 1909 843 2073 942; x_wconf 82' lang='lat' dir='ltr'>patibula</span> <span class='ocrx_word' id='word_1_32' title='bbox 2098 849 2146 917; x_wconf 91' lang='lat' dir='ltr'>ab</span> 
     </span>
     <span class='ocr_line' id='line_1_4' title="bbox 295 997 2148 1090; baseline -0.002 -22"><span class='ocrx_word' id='word_1_33' title='bbox 295 1001 371 1086; x_wconf 88' lang='lat' dir='ltr'>ipso</span> <span class='ocrx_word' id='word_1_34' title='bbox 396 999 452 1065; x_wconf 75' lang='lat' dir='ltr'>vir</span> <span class='ocrx_word' id='word_1_35' title='bbox 476 1018 590 1087; x_wconf 85' lang='lat' dir='ltr'>meus,</span> <span class='ocrx_word' id='word_1_36' title='bbox 614 1007 678 1070; x_wconf 86' lang='lat' dir='ltr'>aut</span> <span class='ocrx_word' id='word_1_37' title='bbox 701 1021 724 1071; x_wconf 89' lang='lat' dir='ltr'>a</span> <span class='ocrx_word' id='word_1_38' title='bbox 747 1021 970 1090; x_wconf 86' lang='lat' dir='ltr'>quacumque</span> <span class='ocrx_word' id='word_1_39' title='bbox 994 1003 1125 1070; x_wconf 91' lang='lat' dir='ltr'>omine.</span> <span class='ocrx_word' id='word_1_40' title='bbox 1151 1003 1291 1075; x_wconf 84' lang='lat' dir='ltr'>ineius</span> <span class='ocrx_word' id='word_1_41' title='bbox 1320 999 1501 1087; x_wconf 75' lang='lat' dir='ltr'>presentia</span> <span class='ocrx_word' id='word_1_42' title='bbox 1530 999 1721 1068; x_wconf 81' lang='lat' dir='ltr'>manifesta</span> <span class='ocrx_word' id='word_1_43' title='bbox 1743 1017 1828 1068; x_wconf 79' lang='lat' dir='ltr'>‚sum</span> <span class='ocrx_word' id='word_1_44' title='bbox 1857 997 1995 1066; x_wconf 91' lang='lat' dir='ltr'>nullam</span> <span class='ocrx_word' id='word_1_45' title='bbox 2024 1002 2148 1084; x_wconf 88' lang='lat' dir='ltr'>patere</span> 
     </span>
     <span class='ocr_line' id='line_1_5' title="bbox 259 1109 2141 1239; baseline 0.002 -25"><span class='ocrx_word' id='word_1_46' title='bbox 259 1153 262 1160; x_wconf 85' lang='lat'>&#39;</span> <span class='ocrx_word' id='word_1_47' title='bbox 297 1147 522 1238; x_wconf 89' lang='lat' dir='ltr'>biolentiam,</span> <span class='ocrx_word' id='word_1_48' title='bbox 546 1156 602 1220; x_wconf 89' lang='lat' dir='ltr'>set</span> <span class='ocrx_word' id='word_1_49' title='bbox 624 1157 823 1238; x_wconf 88' lang='lat' dir='ltr'>spontanea</span> <span class='ocrx_word' id='word_1_50' title='bbox 845 1172 923 1221; x_wconf 87' lang='lat' dir='ltr'>mea</span> <span class='ocrx_word' id='word_1_51' title='bbox 947 1157 1040 1221; x_wconf 89' lang='lat' dir='ltr'>esset</span> <span class='ocrx_word' id='word_1_52' title='bbox 1063 1109 1230 1222; x_wconf 83' lang='lat' dir='ltr'>botuntas</span> <span class='ocrx_word' id='word_1_53' title='bbox 1253 1155 1331 1239; x_wconf 88' lang='lat' dir='ltr'>ipsa</span> <span class='ocrx_word' id='word_1_54' title='bbox 1353 1155 1485 1238; x_wconf 89' lang='lat' dir='ltr'>quarta</span> <span class='ocrx_word' id='word_1_55' title='bbox 1508 1169 1588 1219; x_wconf 90' lang='lat' dir='ltr'>mea</span> <span class='ocrx_word' id='word_1_56' title='bbox 1604 1149 1653 1217; x_wconf 90' lang='lat' dir='ltr'>&#39;de</span> <span class='ocrx_word' id='word_1_57' title='bbox 1677 1150 1756 1237; x_wconf 89' lang='lat' dir='ltr'>ipsa</span> <span class='ocrx_word' id='word_1_58' title='bbox 1784 1151 1891 1218; x_wconf 87' lang='lat' dir='ltr'>rebus</span> <span class='ocrx_word' id='word_1_59' title='bbox 1920 1148 2141 1219; x_wconf 89' lang='lat' dir='ltr'>benumdare</span> 
     </span>
     <span class='ocr_line' id='line_1_6' title="bbox 297 1301 2146 1410; baseline 0.001 -40"><span class='ocrx_word' id='word_1_60' title='bbox 297 1301 389 1388; x_wconf 88' lang='lat' dir='ltr'>bolo,</span> <span class='ocrx_word' id='word_1_61' title='bbox 413 1320 564 1389; x_wconf 91' lang='lat' dir='ltr'>quorum</span> <span class='ocrx_word' id='word_1_62' title='bbox 592 1308 667 1392; x_wconf 89' lang='lat' dir='ltr'>ipse</span> <span class='ocrx_word' id='word_1_63' title='bbox 690 1305 748 1372; x_wconf 88' lang='lat' dir='ltr'>bir</span> <span class='ocrx_word' id='word_1_64' title='bbox 771 1310 808 1373; x_wconf 88' lang='lat' dir='ltr'>et</span> <span class='ocrx_word' id='word_1_65' title='bbox 831 1305 1039 1392; x_wconf 86' lang='lat' dir='ltr'>parentibus</span> <span class='ocrx_word' id='word_1_66' title='bbox 1063 1305 1151 1373; x_wconf 90' lang='lat' dir='ltr'>meis</span> <span class='ocrx_word' id='word_1_67' title='bbox 1174 1305 1264 1373; x_wconf 90' lang='lat' dir='ltr'>mihi</span> <span class='ocrx_word' id='word_1_68' title='bbox 1287 1307 1513 1372; x_wconf 83' lang='lat' dir='ltr'>consentiens</span> <span class='ocrx_word' id='word_1_69' title='bbox 1536 1321 1612 1371; x_wconf 89' lang='lat' dir='ltr'>esse</span> <span class='ocrx_word' id='word_1_70' title='bbox 1635 1302 1821 1390; x_wconf 88' lang='lat' dir='ltr'>dixerunt;</span> <span class='ocrx_word' id='word_1_71' title='bbox 1845 1310 1882 1374; x_wconf 87' lang='lat' dir='ltr'>et</span> <span class='ocrx_word' id='word_1_72' title='bbox 1911 1321 1974 1390; x_wconf 91' lang='lat' dir='ltr'>pro</span> <span class='ocrx_word' id='word_1_73' title='bbox 2004 1303 2146 1410; x_wconf 75' lang='lat' dir='ltr'>stapili·</span> 
     </span>
     <span class='ocr_line' id='line_1_7' title="bbox 293 1455 2142 1544; baseline -0.001 -18"><span class='ocrx_word' id='word_1_74' title='bbox 293 1455 380 1526; x_wconf 86' lang='lat' dir='ltr'>tatis</span> <span class='ocrx_word' id='word_1_75' title='bbox 403 1474 549 1540; x_wconf 84' lang='lat' dir='ltr'>eausam</span> <span class='ocrx_word' id='word_1_76' title='bbox 575 1459 650 1544; x_wconf 88' lang='lat' dir='ltr'>ipse</span> <span class='ocrx_word' id='word_1_77' title='bbox 674 1456 784 1526; x_wconf 86' lang='lat' dir='ltr'>iudex</span> <span class='ocrx_word' id='word_1_78' title='bbox 808 1474 890 1526; x_wconf 89' lang='lat' dir='ltr'>oum</span> <span class='ocrx_word' id='word_1_79' title='bbox 915 1456 991 1542; x_wconf 89' lang='lat' dir='ltr'>ipse</span> <span class='ocrx_word' id='word_1_80' title='bbox 1015 1455 1132 1526; x_wconf 85' lang='lat' dir='ltr'>hir-et</span> <span class='ocrx_word' id='word_1_81' title='bbox 1155 1459 1365 1544; x_wconf 87' lang='lat' dir='ltr'>parentibus</span> <span class='ocrx_word' id='word_1_82' title='bbox 1388 1457 1478 1524; x_wconf 88' lang='lat' dir='ltr'>meis</span> <span class='ocrx_word' id='word_1_83' title='bbox 1502 1457 1540 1525; x_wconf 90' lang='lat' dir='ltr'>in</span> <span class='ocrx_word' id='word_1_84' title='bbox 1570 1475 1639 1525; x_wconf 88' lang='lat' dir='ltr'>auo</span> <span class='ocrx_word' id='word_1_85' title='bbox 1669 1455 1846 1526; x_wconf 85' lang='lat' dir='ltr'>cartulam</span> <span class='ocrx_word' id='word_1_86' title='bbox 1877 1456 1951 1524; x_wconf 88' lang='lat' dir='ltr'>suis</span> <span class='ocrx_word' id='word_1_87' title='bbox 1975 1461 2142 1526; x_wconf 85' lang='lat' dir='ltr'>manibus</span> 
     </span>
     <span class='ocr_line' id='line_1_8' title="bbox 295 1577 2147 1700; baseline 0 -22"><span class='ocrx_word' id='word_1_88' title='bbox 295 1615 504 1698; x_wconf 88' lang='lat' dir='ltr'>posuerunt,</span> <span class='ocrx_word' id='word_1_89' title='bbox 523 1613 562 1678; x_wconf 87' lang='lat' dir='ltr'>ut</span> <span class='ocrx_word' id='word_1_90' title='bbox 578 1611 670 1697; x_wconf 91' lang='lat' dir='ltr'>quod</span> <span class='ocrx_word' id='word_1_91' title='bbox 693 1609 968 1692; x_wconf 81' lang='lat' dir='ltr'>benumdedem,</span> <span class='ocrx_word' id='word_1_92' title='bbox 993 1577 1093 1676; x_wconf 88' lang='lat' dir='ltr'>omni</span> <span class='ocrx_word' id='word_1_93' title='bbox 1114 1615 1271 1698; x_wconf 87' lang='lat' dir='ltr'>tempore</span> <span class='ocrx_word' id='word_1_94' title='bbox 1288 1611 1430 1678; x_wconf 86' lang='lat' dir='ltr'>firmum</span> <span class='ocrx_word' id='word_1_95' title='bbox 1446 1611 1680 1700; x_wconf 64' lang='lat' dir='ltr'>stabilemque</span> <span class='ocrx_word' id='word_1_96' title='bbox 1696 1629 1855 1698; x_wconf 88' lang='lat' dir='ltr'>manere,</span> <span class='ocrx_word' id='word_1_97' title='bbox 1869 1613 1906 1680; x_wconf 87' lang='lat' dir='ltr'>et</span> <span class='ocrx_word' id='word_1_98' title='bbox 1922 1609 2067 1680; x_wconf 88' lang='lat' dir='ltr'>alderisi</span> <span class='ocrx_word' id='word_1_99' title='bbox 2084 1630 2147 1680; x_wconf 81' lang='lat' dir='ltr'>no</span> 
     </span>
     <span class='ocr_line' id='line_1_9' title="bbox 291 1735 2142 1866; baseline -0.001 -32"><span class='ocrx_word' id='word_1_100' title='bbox 291 1764 378 1834; x_wconf 90' lang='lat' dir='ltr'>tarii</span> <span class='ocrx_word' id='word_1_101' title='bbox 403 1782 467 1850; x_wconf 90' lang='lat' dir='ltr'>per</span> <span class='ocrx_word' id='word_1_102' title='bbox 490 1762 657 1866; x_wconf 75' lang='lat' dir='ltr'>notitiam</span> <span class='ocrx_word' id='word_1_103' title='bbox 682 1762 726 1831; x_wconf 88' lang='lat' dir='ltr'>de</span> <span class='ocrx_word' id='word_1_104' title='bbox 751 1763 825 1850; x_wconf 86' lang='lat' dir='ltr'>ipso</span> <span class='ocrx_word' id='word_1_105' title='bbox 849 1763 956 1831; x_wconf 84' lang='lat' dir='ltr'>iudex</span> <span class='ocrx_word' id='word_1_106' title='bbox 980 1763 1082 1832; x_wconf 88' lang='lat' dir='ltr'>etde</span> <span class='ocrx_word' id='word_1_107' title='bbox 1105 1762 1175 1848; x_wconf 85' lang='lat' dir='ltr'>ipsi</span> <span class='ocrx_word' id='word_1_108' title='bbox 1200 1765 1254 1831; x_wconf 90' lang='lat' dir='ltr'>vir</span> <span class='ocrx_word' id='word_1_109' title='bbox 1288 1770 1325 1832; x_wconf 93' lang='lat' dir='ltr'>et</span> <span class='ocrx_word' id='word_1_110' title='bbox 1362 1765 1571 1850; x_wconf 87' lang='lat' dir='ltr'>parentibus</span> <span class='ocrx_word' id='word_1_111' title='bbox 1601 1738 1732 1832; x_wconf 80' lang='lat' dir='ltr'>nostris</span> <span class='ocrx_word' id='word_1_112' title='bbox 1766 1735 1973 1851; x_wconf 80' lang='lat' dir='ltr'>rogabimus</span> <span class='ocrx_word' id='word_1_113' title='bbox 2000 1765 2142 1834; x_wconf 84' lang='lat' dir='ltr'>cartula</span> 
     </span>
     <span class='ocr_line' id='line_1_10' title="bbox 295 1887 2147 2001; baseline -0.001 -15"><span class='ocrx_word' id='word_1_114' title='bbox 295 1922 366 1988; x_wconf 86' lang='lat' dir='ltr'>ista</span> <span class='ocrx_word' id='word_1_115' title='bbox 390 1915 611 1984; x_wconf 88' lang='lat' dir='ltr'>benditionis</span> <span class='ocrx_word' id='word_1_116' title='bbox 636 1916 769 1984; x_wconf 82' lang='lat' dir='ltr'>exinde</span> <span class='ocrx_word' id='word_1_117' title='bbox 791 1913 987 2001; x_wconf 81' lang='lat' dir='ltr'>scribendi,</span> <span class='ocrx_word' id='word_1_118' title='bbox 1012 1918 1052 1984; x_wconf 90' lang='lat' dir='ltr'>ut</span> <span class='ocrx_word' id='word_1_119' title='bbox 1076 1887 1212 2000; x_wconf 83' lang='lat' dir='ltr'>absque</span> <span class='ocrx_word' id='word_1_120' title='bbox 1235 1913 1478 1983; x_wconf 79' lang='lat' dir='ltr'>damnationis</span> <span class='ocrx_word' id='word_1_121' title='bbox 1502 1913 1591 2000; x_wconf 82' lang='lat' dir='ltr'>legis</span> <span class='ocrx_word' id='word_1_122' title='bbox 1625 1897 1768 1984; x_wconf 85' lang='lat' dir='ltr'>securas</span> <span class='ocrx_word' id='word_1_123' title='bbox 1802 1915 1885 1982; x_wconf 89' lang='lat' dir='ltr'>inde</span> <span class='ocrx_word' id='word_1_124' title='bbox 1916 1934 2073 1984; x_wconf 90' lang='lat' dir='ltr'>manere.</span> <span class='ocrx_word' id='word_1_125' title='bbox 2099 1917 2147 1985; x_wconf 89' lang='lat' dir='ltr'>Et</span> 
     </span>
     <span class='ocr_line' id='line_1_11' title="bbox 299 2053 2151 2170; baseline 0.001 -34"><span class='ocrx_word' id='word_1_126' title='bbox 299 2053 468 2140; x_wconf 79' lang='lat' dir='ltr'>ldeo&#39;nos</span> <span class='ocrx_word' id='word_1_127' title='bbox 491 2067 653 2170; x_wconf 83' lang='lat' dir='ltr'>iamdicti</span> <span class='ocrx_word' id='word_1_128' title='bbox 678 2067 733 2134; x_wconf 90' lang='lat' dir='ltr'>vir</span> <span class='ocrx_word' id='word_1_129' title='bbox 756 2071 792 2136; x_wconf 89' lang='lat' dir='ltr'>et</span> <span class='ocrx_word' id='word_1_130' title='bbox 814 2086 906 2148; x_wconf 84' lang='lat' dir='ltr'>uxor</span> <span class='ocrx_word' id='word_1_131' title='bbox 928 2072 1006 2156; x_wconf 87' lang='lat' dir='ltr'>post</span> <span class='ocrx_word' id='word_1_132' title='bbox 1027 2073 1174 2155; x_wconf 82' lang='lat' dir='ltr'>accepta</span> <span class='ocrx_word' id='word_1_133' title='bbox 1197 2068 1420 2156; x_wconf 89' lang='lat' dir='ltr'>apsolutione</span> <span class='ocrx_word' id='word_1_134' title='bbox 1436 2071 1482 2139; x_wconf 83' lang='lat' dir='ltr'>ab</span> <span class='ocrx_word' id='word_1_135' title='bbox 1501 2073 1576 2156; x_wconf 87' lang='lat' dir='ltr'>ipso</span> <span class='ocrx_word' id='word_1_136' title='bbox 1593 2069 1714 2155; x_wconf 89' lang='lat' dir='ltr'>iudex,</span> <span class='ocrx_word' id='word_1_137' title='bbox 1732 2071 1826 2136; x_wconf 86' lang='lat' dir='ltr'>siout</span> <span class='ocrx_word' id='word_1_138' title='bbox 1843 2070 1947 2138; x_wconf 85' lang='lat' dir='ltr'>nobis</span> <span class='ocrx_word' id='word_1_139' title='bbox 1964 2071 2151 2140; x_wconf 86' lang='lat' dir='ltr'>iamdictis</span> 
     </span>
     <span class='ocr_line' id='line_1_12' title="bbox 270 2215 2149 2311; baseline 0 -19"><span class='ocrx_word' id='word_1_140' title='bbox 270 2215 274 2224; x_wconf 82' lang='lat'>&#39;</span> <span class='ocrx_word' id='word_1_141' title='bbox 295 2221 365 2310; x_wconf 79' lang='lat' dir='ltr'>riri</span> <span class='ocrx_word' id='word_1_142' title='bbox 388 2223 426 2289; x_wconf 89' lang='lat' dir='ltr'>et</span> <span class='ocrx_word' id='word_1_143' title='bbox 449 2219 555 2288; x_wconf 86' lang='lat' dir='ltr'>uxori</span> <span class='ocrx_word' id='word_1_144' title='bbox 579 2235 778 2306; x_wconf 85' lang='lat' dir='ltr'>congruum</span> <span class='ocrx_word' id='word_1_145' title='bbox 804 2223 858 2288; x_wconf 89' lang='lat' dir='ltr'>est</span> <span class='ocrx_word' id='word_1_146' title='bbox 880 2221 971 2286; x_wconf 86' lang='lat' dir='ltr'>hone</span> <span class='ocrx_word' id='word_1_147' title='bbox 995 2226 1114 2289; x_wconf 90' lang='lat' dir='ltr'>nostre</span> <span class='ocrx_word' id='word_1_148' title='bbox 1130 2222 1325 2292; x_wconf 86' lang='lat' dir='ltr'>botuntatis</span> <span class='ocrx_word' id='word_1_149' title='bbox 1341 2241 1403 2308; x_wconf 90' lang='lat' dir='ltr'>per</span> <span class='ocrx_word' id='word_1_150' title='bbox 1420 2239 1488 2292; x_wconf 90' lang='lat' dir='ltr'>ano</span> <span class='ocrx_word' id='word_1_151' title='bbox 1505 2221 1681 2290; x_wconf 84' lang='lat' dir='ltr'>cartulam</span> <span class='ocrx_word' id='word_1_152' title='bbox 1698 2226 1782 2290; x_wconf 91' lang='lat' dir='ltr'>ante</span> <span class='ocrx_word' id='word_1_153' title='bbox 1798 2222 2016 2309; x_wconf 82' lang='lat' dir='ltr'>presentiam</span> <span class='ocrx_word' id='word_1_154' title='bbox 2035 2223 2149 2311; x_wconf 89' lang='lat' dir='ltr'>ipsius</span> 
     </span>
     <span class='ocr_line' id='line_1_13' title="bbox 294 2333 2149 2462; baseline 0.002 -19"><span class='ocrx_word' id='word_1_155' title='bbox 294 2375 453 2444; x_wconf 86' lang='lat' dir='ltr'>ademari</span> <span class='ocrx_word' id='word_1_156' title='bbox 476 2373 600 2443; x_wconf 85' lang='lat' dir='ltr'>comiti</span> <span class='ocrx_word' id='word_1_157' title='bbox 624 2377 661 2442; x_wconf 88' lang='lat' dir='ltr'>et</span> <span class='ocrx_word' id='word_1_158' title='bbox 685 2373 811 2460; x_wconf 84' lang='lat' dir='ltr'>iudici,</span> <span class='ocrx_word' id='word_1_159' title='bbox 834 2393 941 2460; x_wconf 90' lang='lat' dir='ltr'>quam</span> <span class='ocrx_word' id='word_1_160' title='bbox 965 2380 1001 2443; x_wconf 88' lang='lat' dir='ltr'>et</span> <span class='ocrx_word' id='word_1_161' title='bbox 1025 2392 1089 2462; x_wconf 93' lang='lat' dir='ltr'>pro</span> <span class='ocrx_word' id='word_1_162' title='bbox 1114 2375 1260 2462; x_wconf 87' lang='lat' dir='ltr'>licentia</span> <span class='ocrx_word' id='word_1_163' title='bbox 1277 2380 1313 2444; x_wconf 90' lang='lat' dir='ltr'>et</span> <span class='ocrx_word' id='word_1_164' title='bbox 1329 2333 1550 2462; x_wconf 89' lang='lat' dir='ltr'>apsolutione</span> <span class='ocrx_word' id='word_1_165' title='bbox 1566 2378 1738 2445; x_wconf 90' lang='lat' dir='ltr'>romoaldi</span> <span class='ocrx_word' id='word_1_166' title='bbox 1756 2379 1983 2446; x_wconf 84' lang='lat' dir='ltr'>ministeriali</span> <span class='ocrx_word' id='word_1_167' title='bbox 2002 2397 2149 2446; x_wconf 91' lang='lat' dir='ltr'>venum-</span> 
     </span>
     <span class='ocr_line' id='line_1_14' title="bbox 294 2503 2147 2614; baseline 0.001 -20"><span class='ocrx_word' id='word_1_168' title='bbox 294 2525 456 2594; x_wconf 89' lang='lat' dir='ltr'>dedimus</span> <span class='ocrx_word' id='word_1_169' title='bbox 479 2524 594 2612; x_wconf 84' lang='lat' dir='ltr'>adque</span> <span class='ocrx_word' id='word_1_170' title='bbox 616 2525 662 2594; x_wconf 91' lang='lat' dir='ltr'>ad</span> <span class='ocrx_word' id='word_1_171' title='bbox 680 2503 818 2611; x_wconf 84' lang='lat' dir='ltr'>semper</span> <span class='ocrx_word' id='word_1_172' title='bbox 834 2524 1010 2594; x_wconf 91' lang='lat' dir='ltr'>abendum</span> <span class='ocrx_word' id='word_1_173' title='bbox 1029 2526 1282 2594; x_wconf 82' lang='lat' dir='ltr'>confirmamus</span> <span class='ocrx_word' id='word_1_174' title='bbox 1299 2525 1363 2594; x_wconf 89' lang='lat' dir='ltr'>tibi</span> <span class='ocrx_word' id='word_1_175' title='bbox 1383 2526 1588 2613; x_wconf 82' lang='lat' dir='ltr'>supradicto</span> <span class='ocrx_word' id='word_1_176' title='bbox 1604 2528 1695 2614; x_wconf 90' lang='lat' dir='ltr'>petri</span> <span class='ocrx_word' id='word_1_177' title='bbox 1714 2527 1789 2594; x_wconf 84' lang='lat' dir='ltr'>filio</span> <span class='ocrx_word' id='word_1_178' title='bbox 1803 2529 1980 2614; x_wconf 87' lang='lat' dir='ltr'>quondam</span> <span class='ocrx_word' id='word_1_179' title='bbox 1997 2528 2147 2598; x_wconf 88' lang='lat' dir='ltr'>iohanni</span> 
     </span>
     <span class='ocr_line' id='line_1_15' title="bbox 294 2643 2147 2770; baseline 0.002 -23"><span class='ocrx_word' id='word_1_180' title='bbox 294 2682 370 2748; x_wconf 88' lang='lat' dir='ltr'>tota</span> <span class='ocrx_word' id='word_1_181' title='bbox 392 2681 429 2746; x_wconf 84' lang='lat' dir='ltr'>et</span> <span class='ocrx_word' id='word_1_182' title='bbox 453 2643 633 2764; x_wconf 79' lang='lat' dir='ltr'>integram</span> <span class='ocrx_word' id='word_1_183' title='bbox 656 2677 735 2762; x_wconf 89' lang='lat' dir='ltr'>ipsa</span> <span class='ocrx_word' id='word_1_184' title='bbox 758 2677 1005 2763; x_wconf 82' lang='lat' dir='ltr'>suprascripta</span> <span class='ocrx_word' id='word_1_185' title='bbox 1029 2679 1131 2764; x_wconf 88' lang='lat' dir='ltr'>pecia</span> <span class='ocrx_word' id='word_1_186' title='bbox 1154 2677 1197 2746; x_wconf 92' lang='lat' dir='ltr'>de</span> <span class='ocrx_word' id='word_1_187' title='bbox 1221 2681 1318 2746; x_wconf 88' lang='lat' dir='ltr'>terra</span> <span class='ocrx_word' id='word_1_188' title='bbox 1341 2696 1422 2745; x_wconf 91' lang='lat' dir='ltr'>oum</span> <span class='ocrx_word' id='word_1_189' title='bbox 1446 2678 1623 2765; x_wconf 89' lang='lat' dir='ltr'>aliquanti</span> <span class='ocrx_word' id='word_1_190' title='bbox 1650 2681 1770 2748; x_wconf 87' lang='lat' dir='ltr'>arbori</span> <span class='ocrx_word' id='word_1_191' title='bbox 1795 2680 1899 2749; x_wconf 92' lang='lat' dir='ltr'>bitati</span> <span class='ocrx_word' id='word_1_192' title='bbox 1924 2700 1987 2768; x_wconf 90' lang='lat' dir='ltr'>per</span> <span class='ocrx_word' id='word_1_193' title='bbox 2017 2701 2147 2770; x_wconf 89' lang='lat' dir='ltr'>supra·</span> 
     </span>
     <span class='ocr_line' id='line_1_16' title="bbox 294 2799 2148 2921; baseline 0 -17"><span class='ocrx_word' id='word_1_194' title='bbox 294 2835 389 2912; x_wconf 86' lang='lat' dir='ltr'>dicte</span> <span class='ocrx_word' id='word_1_195' title='bbox 412 2834 497 2902; x_wconf 87' lang='lat' dir='ltr'>tinis</span> <span class='ocrx_word' id='word_1_196' title='bbox 519 2836 556 2901; x_wconf 86' lang='lat' dir='ltr'>et</span> <span class='ocrx_word' id='word_1_197' title='bbox 580 2833 774 2919; x_wconf 91' lang='lat' dir='ltr'>mensurie,</span> <span class='ocrx_word' id='word_1_198' title='bbox 791 2850 872 2900; x_wconf 89' lang='lat' dir='ltr'>oum</span> <span class='ocrx_word' id='word_1_199' title='bbox 889 2833 1011 2900; x_wconf 90' lang='lat' dir='ltr'>omnia</span> <span class='ocrx_word' id='word_1_200' title='bbox 1035 2831 1131 2898; x_wconf 92' lang='lat' dir='ltr'>intro</span> <span class='ocrx_word' id='word_1_201' title='bbox 1154 2849 1191 2899; x_wconf 88' lang='lat' dir='ltr'>se</span> <span class='ocrx_word' id='word_1_202' title='bbox 1205 2799 1395 2900; x_wconf 68' lang='lat' dir='ltr'>aientibus</span> <span class='ocrx_word' id='word_1_203' title='bbox 1409 2833 1644 2918; x_wconf 87' lang='lat' dir='ltr'>omnibusque</span> <span class='ocrx_word' id='word_1_204' title='bbox 1661 2833 1735 2899; x_wconf 87' lang='lat' dir='ltr'>suis</span> <span class='ocrx_word' id='word_1_205' title='bbox 1753 2825 1996 2921; x_wconf 85' lang='lat' dir='ltr'>pertinentiis,</span> <span class='ocrx_word' id='word_1_206' title='bbox 2013 2841 2049 2904; x_wconf 89' lang='lat' dir='ltr'>et</span> <span class='ocrx_word' id='word_1_207' title='bbox 2066 2855 2148 2904; x_wconf 87' lang='lat' dir='ltr'>oum</span> 
     </span>
     <span class='ocr_line' id='line_1_17' title="bbox 296 2982 2148 3080; baseline 0.001 -26"><span class='ocrx_word' id='word_1_208' title='bbox 296 2987 373 3056; x_wconf 85' lang='lat' dir='ltr'>bioe</span> <span class='ocrx_word' id='word_1_209' title='bbox 396 2985 440 3053; x_wconf 91' lang='lat' dir='ltr'>de</span> <span class='ocrx_word' id='word_1_210' title='bbox 455 2983 515 3052; x_wconf 89' lang='lat' dir='ltr'>via</span> <span class='ocrx_word' id='word_1_211' title='bbox 531 3002 610 3071; x_wconf 82' lang='lat' dir='ltr'>sua,</span> <span class='ocrx_word' id='word_1_212' title='bbox 634 2985 808 3053; x_wconf 85' lang='lat' dir='ltr'>securiter</span> <span class='ocrx_word' id='word_1_213' title='bbox 830 2988 866 3052; x_wconf 92' lang='lat' dir='ltr'>et</span> <span class='ocrx_word' id='word_1_214' title='bbox 890 2983 1039 3080; x_wconf 80' lang='lat' dir='ltr'>tirmiter</span> <span class='ocrx_word' id='word_1_215' title='bbox 1062 2982 1186 3050; x_wconf 90' lang='lat' dir='ltr'>amodo</span> <span class='ocrx_word' id='word_1_216' title='bbox 1209 2987 1245 3052; x_wconf 89' lang='lat' dir='ltr'>et</span> <span class='ocrx_word' id='word_1_217' title='bbox 1268 3000 1406 3068; x_wconf 88' lang='lat' dir='ltr'>semper</span> <span class='ocrx_word' id='word_1_218' title='bbox 1431 2989 1470 3051; x_wconf 89' lang='lat' dir='ltr'>tu</span> <span class='ocrx_word' id='word_1_219' title='bbox 1495 2983 1684 3052; x_wconf 83' lang='lat' dir='ltr'>iamdictus</span> <span class='ocrx_word' id='word_1_220' title='bbox 1708 2990 1831 3070; x_wconf 87' lang='lat' dir='ltr'>petrus</span> <span class='ocrx_word' id='word_1_221' title='bbox 1861 2991 1897 3054; x_wconf 88' lang='lat' dir='ltr'>et</span> <span class='ocrx_word' id='word_1_222' title='bbox 1920 2990 2000 3056; x_wconf 90' lang='lat' dir='ltr'>tuos</span> <span class='ocrx_word' id='word_1_223' title='bbox 2024 2987 2148 3057; x_wconf 88' lang='lat' dir='ltr'>eredes</span> 
     </span>
     <span class='ocr_line' id='line_1_18' title="bbox 297 3135 2145 3227; baseline -0.001 -19"><span class='ocrx_word' id='word_1_224' title='bbox 297 3139 378 3208; x_wconf 86' lang='lat' dir='ltr'>illut</span> <span class='ocrx_word' id='word_1_225' title='bbox 401 3139 592 3225; x_wconf 74' lang='lat' dir='ltr'>aheneum,</span> <span class='ocrx_word' id='word_1_226' title='bbox 616 3136 885 3222; x_wconf 89' lang='lat' dir='ltr'>dominandum,</span> <span class='ocrx_word' id='word_1_227' title='bbox 909 3135 1173 3222; x_wconf 90' lang='lat' dir='ltr'>possidendum,</span> <span class='ocrx_word' id='word_1_228' title='bbox 1198 3135 1319 3205; x_wconf 91' lang='lat' dir='ltr'>omnia</span> <span class='ocrx_word' id='word_1_229' title='bbox 1342 3137 1473 3206; x_wconf 86' lang='lat' dir='ltr'>exinde</span> <span class='ocrx_word' id='word_1_230' title='bbox 1489 3137 1691 3208; x_wconf 82' lang='lat' dir='ltr'>faciendum</span> <span class='ocrx_word' id='word_1_231' title='bbox 1709 3157 1778 3224; x_wconf 85' lang='lat' dir='ltr'>que</span> <span class='ocrx_word' id='word_1_232' title='bbox 1792 3139 1989 3225; x_wconf 89' lang='lat' dir='ltr'>boineritis,</span> <span class='ocrx_word' id='word_1_233' title='bbox 2010 3159 2145 3227; x_wconf 87' lang='lat' dir='ltr'>apsque</span> 
     </span>
    </p>
   </div>
   <div class='ocr_carea' id='block_1_3' title="bbox 296 3289 2149 3379">
    <p class='ocr_par' dir='ltr' id='par_1_3' title="bbox 296 3289 2149 3379">
     <span class='ocr_line' id='line_1_19' title="bbox 296 3289 2149 3379; baseline 0.002 -20"><span class='ocrx_word' id='word_1_234' title='bbox 296 3293 393 3360; x_wconf 90' lang='lat' dir='ltr'>omni</span> <span class='ocrx_word' id='word_1_235' title='bbox 418 3295 540 3362; x_wconf 87' lang='lat' dir='ltr'>nostra</span> <span class='ocrx_word' id='word_1_236' title='bbox 564 3291 666 3360; x_wconf 89' lang='lat' dir='ltr'>etde</span> <span class='ocrx_word' id='word_1_237' title='bbox 693 3289 826 3358; x_wconf 86' lang='lat' dir='ltr'>nostris</span> <span class='ocrx_word' id='word_1_238' title='bbox 849 3289 1015 3359; x_wconf 89' lang='lat' dir='ltr'>eredibus</span> <span class='ocrx_word' id='word_1_239' title='bbox 1038 3291 1295 3360; x_wconf 86' lang='lat' dir='ltr'>contrarietate</span> <span class='ocrx_word' id='word_1_240' title='bbox 1318 3289 1371 3359; x_wconf 90' lang='lat' dir='ltr'>vel</span> <span class='ocrx_word' id='word_1_241' title='bbox 1395 3289 1644 3378; x_wconf 88' lang='lat' dir='ltr'>requisitione.</span> <span class='ocrx_word' id='word_1_242' title='bbox 1676 3291 1776 3360; x_wconf 88' lang='lat' dir='ltr'>Unde</span> <span class='ocrx_word' id='word_1_243' title='bbox 1804 3309 1868 3379; x_wconf 90' lang='lat' dir='ltr'>pro</span> <span class='ocrx_word' id='word_1_244' title='bbox 1897 3295 2149 3363; x_wconf 80' lang='lat' dir='ltr'>confirmanda</span> 
     </span>
    </p>
   </div>
   <div class='ocr_carea' id='block_1_4' title="bbox 296 3443 2151 3536">
    <p class='ocr_par' dir='ltr' id='par_1_4' title="bbox 296 3443 2151 3536">
     <span class='ocr_line' id='line_1_20' title="bbox 296 3443 2151 3536; baseline -0.001 -21"><span class='ocrx_word' id='word_1_245' title='bbox 296 3461 365 3516; x_wconf 87' lang='lat' dir='ltr'>ano</span> <span class='ocrx_word' id='word_1_246' title='bbox 388 3447 512 3515; x_wconf 89' lang='lat' dir='ltr'>nostra</span> <span class='ocrx_word' id='word_1_247' title='bbox 535 3443 734 3512; x_wconf 88' lang='lat' dir='ltr'>vinditione</span> <span class='ocrx_word' id='word_1_248' title='bbox 749 3445 985 3512; x_wconf 84' lang='lat' dir='ltr'>communiter</span> <span class='ocrx_word' id='word_1_249' title='bbox 1002 3443 1199 3534; x_wconf 78' lang='lat' dir='ltr'>reoepimus</span> <span class='ocrx_word' id='word_1_250' title='bbox 1218 3463 1239 3512; x_wconf 93' lang='lat' dir='ltr'>a</span> <span class='ocrx_word' id='word_1_251' title='bbox 1256 3447 1291 3511; x_wconf 87' lang='lat' dir='ltr'>te</span> <span class='ocrx_word' id='word_1_252' title='bbox 1307 3443 1476 3512; x_wconf 85' lang='lat' dir='ltr'>iamdicto</span> <span class='ocrx_word' id='word_1_253' title='bbox 1492 3445 1591 3529; x_wconf 89' lang='lat' dir='ltr'>petro</span> <span class='ocrx_word' id='word_1_254' title='bbox 1608 3447 1777 3512; x_wconf 87' lang='lat' dir='ltr'>emtorem</span> <span class='ocrx_word' id='word_1_255' title='bbox 1795 3447 1956 3512; x_wconf 85' lang='lat' dir='ltr'>nostrum</span> <span class='ocrx_word' id='word_1_256' title='bbox 1971 3449 2151 3536; x_wconf 79' lang='lat' dir='ltr'>statutum</span> 
     </span>
    </p>
   </div>
   <div class='ocr_carea' id='block_1_5' title="bbox 295 3563 2194 3695">
    <p class='ocr_par' dir='ltr' id='par_1_5' title="bbox 295 3563 2194 3695">
     <span class='ocr_line' id='line_1_21' title="bbox 295 3563 2194 3695; baseline 0.001 -30"><span class='ocrx_word' id='word_1_257' title='bbox 295 3598 456 3686; x_wconf 88' lang='lat' dir='ltr'>pretium</span> <span class='ocrx_word' id='word_1_258' title='bbox 480 3598 562 3668; x_wconf 90' lang='lat' dir='ltr'>auri</span> <span class='ocrx_word' id='word_1_259' title='bbox 585 3597 660 3664; x_wconf 88' lang='lat' dir='ltr'>tari</span> <span class='ocrx_word' id='word_1_260' title='bbox 684 3595 768 3695; x_wconf 76' lang='lat' dir='ltr'>toni</span> <span class='ocrx_word' id='word_1_261' title='bbox 785 3563 969 3680; x_wconf 76' lang='lat' dir='ltr'>tridecim,</span> <span class='ocrx_word' id='word_1_262' title='bbox 994 3593 1088 3663; x_wconf 87' lang='lat' dir='ltr'>siout</span> <span class='ocrx_word' id='word_1_263' title='bbox 1112 3596 1206 3664; x_wconf 90' lang='lat' dir='ltr'>inter</span> <span class='ocrx_word' id='word_1_264' title='bbox 1229 3613 1292 3663; x_wconf 90' lang='lat' dir='ltr'>nos</span> <span class='ocrx_word' id='word_1_265' title='bbox 1314 3594 1502 3664; x_wconf 86' lang='lat' dir='ltr'>combenit.</span> <span class='ocrx_word' id='word_1_266' title='bbox 1528 3599 1575 3664; x_wconf 89' lang='lat' dir='ltr'>De</span> <span class='ocrx_word' id='word_1_267' title='bbox 1596 3615 1670 3692; x_wconf 86' lang='lat' dir='ltr'>qua</span> <span class='ocrx_word' id='word_1_268' title='bbox 1688 3615 1748 3684; x_wconf 89' lang='lat' dir='ltr'>per</span> <span class='ocrx_word' id='word_1_269' title='bbox 1766 3597 1859 3665; x_wconf 91' lang='lat' dir='ltr'>bona</span> <span class='ocrx_word' id='word_1_270' title='bbox 1882 3598 2152 3666; x_wconf 84' lang='lat' dir='ltr'>combenientia</span> <span class='ocrx_word' id='word_1_271' title='bbox 2190 3589 2194 3596; x_wconf 79' lang='grc'><strong>’</strong></span> 
     </span>
    </p>
   </div>
   <div class='ocr_carea' id='block_1_6' title="bbox 295 3748 2153 4448">
    <p class='ocr_par' dir='ltr' id='par_1_6' title="bbox 295 3748 2153 3844">
     <span class='ocr_line' id='line_1_22' title="bbox 295 3748 2153 3844; baseline -0.001 -22"><span class='ocrx_word' id='word_1_272' title='bbox 295 3770 360 3844; x_wconf 85' lang='lat' dir='ltr'>nos¹</span> <span class='ocrx_word' id='word_1_273' title='bbox 384 3751 545 3821; x_wconf 83' lang='lat' dir='ltr'>iamdicti</span> <span class='ocrx_word' id='word_1_274' title='bbox 570 3752 626 3818; x_wconf 91' lang='lat' dir='ltr'>vir</span> <span class='ocrx_word' id='word_1_275' title='bbox 650 3757 686 3820; x_wconf 91' lang='lat' dir='ltr'>et</span> <span class='ocrx_word' id='word_1_276' title='bbox 709 3768 800 3818; x_wconf 84' lang='lat' dir='ltr'>uxor</span> <span class='ocrx_word' id='word_1_277' title='bbox 824 3769 1008 3818; x_wconf 88' lang='lat' dir='ltr'>commune</span> <span class='ocrx_word' id='word_1_278' title='bbox 1037 3752 1375 3836; x_wconf 40' lang='lat' dir='ltr'>consensu,ltemen</span> <span class='ocrx_word' id='word_1_279' title='bbox 1405 3766 1471 3834; x_wconf 85' lang='lat' dir='ltr'>ego</span> <span class='ocrx_word' id='word_1_280' title='bbox 1501 3748 1668 3818; x_wconf 88' lang='lat' dir='ltr'>iamdicta</span> <span class='ocrx_word' id='word_1_281' title='bbox 1698 3748 1822 3818; x_wconf 88' lang='lat' dir='ltr'>aloara</span> <span class='ocrx_word' id='word_1_282' title='bbox 1852 3767 1913 3835; x_wconf 92' lang='lat' dir='ltr'>per</span> <span class='ocrx_word' id='word_1_283' title='bbox 1954 3751 2153 3824; x_wconf 88' lang='lat' dir='ltr'>bolumtate</span> 
     </span>
    </p>

    <p class='ocr_par' dir='ltr' id='par_1_7' title="bbox 296 3901 2149 3991">
     <span class='ocr_line' id='line_1_23' title="bbox 296 3901 2149 3991; baseline -0.001 -18"><span class='ocrx_word' id='word_1_284' title='bbox 296 3905 405 3974; x_wconf 85' lang='lat' dir='ltr'>istius</span> <span class='ocrx_word' id='word_1_285' title='bbox 428 3906 498 3973; x_wconf 84' lang='lat' dir='ltr'>riri</span> <span class='ocrx_word' id='word_1_286' title='bbox 522 3906 605 3991; x_wconf 91' lang='lat' dir='ltr'>mei,</span> <span class='ocrx_word' id='word_1_287' title='bbox 631 3904 670 3971; x_wconf 93' lang='lat' dir='ltr'>in</span> <span class='ocrx_word' id='word_1_288' title='bbox 695 3905 798 3972; x_wconf 86' lang='lat' dir='ltr'>cuius</span> <span class='ocrx_word' id='word_1_289' title='bbox 821 3902 967 3970; x_wconf 90' lang='lat' dir='ltr'>mundio</span> <span class='ocrx_word' id='word_1_290' title='bbox 991 3919 1079 3989; x_wconf 91' lang='lat' dir='ltr'>sum,</span> <span class='ocrx_word' id='word_1_291' title='bbox 1104 3901 1237 3989; x_wconf 81' lang='lat' dir='ltr'>guadia</span> <span class='ocrx_word' id='word_1_292' title='bbox 1260 3902 1328 3968; x_wconf 87' lang='lat' dir='ltr'>tibi</span> <span class='ocrx_word' id='word_1_293' title='bbox 1353 3901 1510 3988; x_wconf 88' lang='lat' dir='ltr'>predicto</span> <span class='ocrx_word' id='word_1_294' title='bbox 1533 3903 1624 3988; x_wconf 84' lang='lat' dir='ltr'>petri</span> <span class='ocrx_word' id='word_1_295' title='bbox 1651 3901 1737 3980; x_wconf 74' lang='lat' dir='ltr'>,dedi</span> <span class='ocrx_word' id='word_1_296' title='bbox 1774 3906 1810 3970; x_wconf 91' lang='lat' dir='ltr'>et</span> <span class='ocrx_word' id='word_1_297' title='bbox 1845 3901 2059 3970; x_wconf 89' lang='lat' dir='ltr'>mediatores</span> <span class='ocrx_word' id='word_1_298' title='bbox 2082 3906 2149 3973; x_wconf 85' lang='lat' dir='ltr'>tibi</span> 
     </span>
    </p>

    <p class='ocr_par' dir='ltr' id='par_1_8' title="bbox 300 4057 2146 4158">
     <span class='ocr_line' id='line_1_24' title="bbox 300 4057 2146 4158; baseline 0.001 -32"><span class='ocrx_word' id='word_1_299' title='bbox 300 4059 484 4158; x_wconf 85' lang='lat' dir='ltr'>posuimus</span> <span class='ocrx_word' id='word_1_300' title='bbox 506 4075 571 4126; x_wconf 89' lang='lat' dir='ltr'>nos</span> <span class='ocrx_word' id='word_1_301' title='bbox 595 4059 693 4146; x_wconf 83' lang='lat' dir='ltr'>ipsis3</span> <span class='ocrx_word' id='word_1_302' title='bbox 716 4067 753 4128; x_wconf 88' lang='lat' dir='ltr'>et</span> <span class='ocrx_word' id='word_1_303' title='bbox 776 4077 839 4146; x_wconf 92' lang='lat' dir='ltr'>per</span> <span class='ocrx_word' id='word_1_304' title='bbox 862 4057 941 4146; x_wconf 85' lang='lat' dir='ltr'>ipsa</span> <span class='ocrx_word' id='word_1_305' title='bbox 963 4057 1100 4146; x_wconf 83' lang='lat' dir='ltr'>guadia</span> <span class='ocrx_word' id='word_1_306' title='bbox 1122 4061 1196 4125; x_wconf 89' lang='lat' dir='ltr'>eto:</span> <span class='ocrx_word' id='word_1_307' title='bbox 1223 4059 1392 4144; x_wconf 81' lang='lat' dir='ltr'>Sequitur</span> <span class='ocrx_word' id='word_1_308' title='bbox 1412 4060 1586 4147; x_wconf 77' lang='lat' dir='ltr'>formula,</span> <span class='ocrx_word' id='word_1_309' title='bbox 1611 4063 1751 4129; x_wconf 81' lang='lat' dir='ltr'>statuta</span> <span class='ocrx_word' id='word_1_310' title='bbox 1776 4065 1891 4131; x_wconf 70' lang='lat' dir='ltr'>mrito</span> <span class='ocrx_word' id='word_1_311' title='bbox 1905 4063 2035 4154; x_wconf 70' lang='lat' dir='ltr'>diptota·</span> <span class='ocrx_word' id='word_1_312' title='bbox 2058 4065 2146 4130; x_wconf 79' lang='lat' dir='ltr'>ouri</span> 
     </span>
    </p>

    <p class='ocr_par' dir='ltr' id='par_1_9' title="bbox 298 4175 2151 4448">
     <span class='ocr_line' id='line_1_25' title="bbox 298 4175 2151 4302; baseline 0.001 -20"><span class='ocrx_word' id='word_1_313' title='bbox 298 4213 498 4282; x_wconf 78' lang='lat' dir='ltr'>solidorum</span> <span class='ocrx_word' id='word_1_314' title='bbox 509 4213 900 4282; x_wconf 78' lang='lat' dir='ltr'>constantiuiuuorum.</span> <span class='ocrx_word' id='word_1_315' title='bbox 916 4211 960 4279; x_wconf 86' lang='lat' dir='ltr'>Et</span> <span class='ocrx_word' id='word_1_316' title='bbox 973 4211 1094 4280; x_wconf 84' lang='lat' dir='ltr'>taliter</span> <span class='ocrx_word' id='word_1_317' title='bbox 1107 4213 1264 4280; x_wconf 87' lang='lat' dir='ltr'>scribere</span> <span class='ocrx_word' id='word_1_318' title='bbox 1282 4213 1487 4298; x_wconf 82' lang='lat' dir='ltr'>rogabimus</span> <span class='ocrx_word' id='word_1_319' title='bbox 1504 4217 1539 4280; x_wconf 90' lang='lat' dir='ltr'>te</span> <span class='ocrx_word' id='word_1_320' title='bbox 1552 4175 1716 4282; x_wconf 82' lang='lat' dir='ltr'>alderissi</span> <span class='ocrx_word' id='word_1_321' title='bbox 1730 4216 1895 4284; x_wconf 87' lang='lat' dir='ltr'>notarius</span> <span class='ocrx_word' id='word_1_322' title='bbox 1908 4217 1970 4302; x_wconf 89' lang='lat' dir='ltr'>qui</span> <span class='ocrx_word' id='word_1_323' title='bbox 1990 4215 2151 4285; x_wconf 80' lang='lat' dir='ltr'>interfui.</span> 
     </span>
     <span class='ocr_line' id='line_1_26' title="bbox 346 4333 1021 4448; baseline 0.001 -22"><span class='ocrx_word' id='word_1_324' title='bbox 346 4333 375 4446; x_wconf 90' lang='lat'>†</span> <span class='ocrx_word' id='word_1_325' title='bbox 402 4362 477 4448; x_wconf 81' lang='lat' dir='ltr'>Ego</span> <span class='ocrx_word' id='word_1_326' title='bbox 501 4361 562 4447; x_wconf 91' lang='lat' dir='ltr'>qui</span> <span class='ocrx_word' id='word_1_327' title='bbox 588 4378 694 4448; x_wconf 87' lang='lat' dir='ltr'>supra</span> <span class='ocrx_word' id='word_1_328' title='bbox 716 4361 876 4432; x_wconf 91' lang='lat' dir='ltr'>ademari</span> <span class='ocrx_word' id='word_1_329' title='bbox 901 4361 1021 4432; x_wconf 88' lang='lat' dir='ltr'>iudex.</span> 
     </span>
    </p>
   </div>
   <div class='ocr_carea' id='block_1_7' title="bbox 0 0 2712 7108">
    <p class='ocr_par' dir='ltr' id='par_1_10' title="bbox 0 0 2712 7108">
     <span class='ocr_line' id='line_1_27' title="bbox 0 0 2712 7108; baseline 0 0"><span class='ocrx_word' id='word_1_330' title='bbox 0 0 2712 7108; x_wconf 95' lang='lat' dir='ltr'> </span> 
     </span>
    </p>
   </div>
  </div>
 </body>
</html>
