5408 7108
1005 479 1413 558 blltollallobs

1036 985 1379 1068 CMXCVHI.

1055 1318 1112 1394 A.
1140 1321 1195 1394 D.
1225 1318 1356 1396 1042.

322 1609 353 1726 †
377 1639 417 1706 ln
440 1639 585 1706 nomine
607 1637 742 1706 domini
766 1637 944 1707 vicesimo
966 1648 1095 1726 quarto
1117 1656 1213 1708 anno
1236 1639 1458 1727 principatus
1483 1639 1617 1709 salerni
1651 1637 1769 1706 domni
1793 1639 1907 1707 nostri
1930 1639 2129 1708 Guaimarii

276 1789 431 1877 glorioso
455 1794 634 1881 princeps,
652 1795 689 1862 et
704 1797 833 1880 quarto
856 1810 952 1862 anno
974 1767 1197 1882 principatus
1220 1794 1298 1862 eius
1320 1811 1447 1881 capue,
1471 1798 1507 1862 et
1530 1792 1683 1862 ducatus
1706 1790 1805 1859 illius
1828 1791 1950 1860 amalfi
1963 1841 1973 1880 ,
1997 1795 2036 1860 et
2057 1796 2131 1862 ter·

277 1944 330 2014 tio
354 1962 450 2016 anno
472 1945 623 2015 ducatus
646 1946 724 2016 eius
759 1945 913 2034 sirenti,
947 1965 1054 2034 quam
1083 1951 1119 2015 et
1147 1948 1261 2034 primo
1290 1965 1386 2015 anno
1416 1946 1564 2016 istorum
1587 1946 1854 2033 principatuum
1877 1950 1913 2016 et
1934 1947 2132 2016 ducatuum

276 2094 396 2164 domni
414 2094 535 2184 gisulfi
551 2097 629 2165 eius
644 2097 711 2166 filii
735 2095 860 2170 eximii
878 2097 1051 2190 principis
1066 2105 1102 2167 el
1115 2097 1210 2183 duci,
1235 2114 1353 2169 mense
1372 2098 1505 2186 iunius,
1528 2098 1668 2167 decima
1687 2097 1894 2167 indictione.
1914 2101 1986 2166 Nos
2004 2099 2131 2168 iohan-

279 2268 343 2322 nes
365 2252 462 2322 filius
485 2253 661 2341 qnondam
687 2253 780 2342 petri
803 2259 927 2342 elego
950 2254 1079 2322 mulier
1102 2253 1245 2322 nomine
1268 2252 1373 2338 raita,
1390 2254 1451 2338 qui
1468 2270 1590 2320 sumus
1605 2251 1659 2318 vir
1676 2255 1713 2319 et
1729 2268 1833 2338 uxor,
1853 2251 2124 2336 Glarelacimus,

273 2406 365 2494 quia
388 2405 519 2476 cotidie
543 2407 703 2476 videmus
726 2409 870 2478 ruinam
894 2411 930 2476 et
953 2407 1201 2476 infirmitatem
1224 2409 1260 2474 et
1282 2404 1480 2493 periculum
1505 2403 1641 2478 mortis,
1666 2403 1726 2490 qui
1744 2407 1798 2474 est
1823 2404 1862 2472 in
1878 2422 1919 2472 oc
1941 2405 2128 2492 mundum,

274 2560 311 2626 et
336 2557 409 2626 iam
434 2557 591 2627 validam
614 2558 774 2628 videmus
797 2557 1053 2628 mortalitatem
1076 2577 1139 2645 per
1166 2567 1211 2624 .·.
1242 2609 1248 2624 .
1277 2606 1285 2622 .
1316 2561 1456 2641 ‚capnt
1479 2553 1649 2642 aquensis
1684 2556 1744 2622 ubi
1774 2555 1955 2624 abitantes
1978 2573 2129 2642 sumus,

272 2705 371 2776 Unde
393 2724 458 2794 pro
482 2709 577 2776 banc
600 2710 740 2778 ratione
766 2756 925 2777 .....
950 2715 1187 2798 peccataque
1210 2710 1340 2780 factam
1364 2711 1508 2778 abemus
1532 2715 1570 2776 in
1597 2729 1637 2779 oc
1658 2709 1802 2798 mundo,
1826 2715 1862 2778 et
1886 2710 2127 2796 cogitabimus

274 2877 320 2929 ne
345 2908 505 2930 .....
530 2863 656 2932 mortis
679 2862 782 2948 nobis
804 2865 959 2952 obediat,
983 2868 1018 2932 et
1041 2866 1118 2932 sine
1142 2863 1293 2950 loquella
1317 2863 1512 2930 moriamur
1535 2867 1570 2931 et
1592 2881 1738 2932 causam
1763 2867 1923 2942 nostram
1949 2865 2126 2940 iniudica-

274 3014 350 3081 tam
374 3013 634 3103 relinquamus,
659 3020 846 3103 propterea
870 3017 1049 3102 perhanc
1074 3015 1251 3083 cartulam
1275 3019 1360 3083 ante
1383 3015 1600 3103 grimoaldus
1616 3015 1793 3102 spiritalis
1809 3022 1910 3102 pater
1928 3020 2062 3103 noster,
2088 3021 2125 3088 et

279 3171 364 3236 ante
389 3186 470 3237 aczo
494 3167 670 3236 mellosusi
696 3173 732 3237 et
755 3169 839 3238 aliis
862 3168 964 3238 bonis
984 3169 1188 3235 hominibus
1211 3165 1447 3236 iudicavimus
1481 3167 1523 3236 de
1552 3185 1661 3236 causa
1689 3173 1811 3238 nostra
1835 3171 1875 3237 in
1907 3169 2127 3239 monasterio

270 3330 410 3394 sancte
421 3327 518 3414 sode,
543 3325 605 3412 qui
629 3327 868 3393 constructum
903 3326 956 3392 est
979 3322 1078 3390 intus
1101 3321 1361 3391 salernitanam
1385 3322 1580 3407 civitatem,
1608 3323 1669 3390 ubi
1692 3322 1845 3389 domnus
1868 3325 2043 3391 iohannes
2067 3344 2126 3392 ve·

267 3479 440 3550 nerabilis
472 3482 583 3550 abbas
608 3485 739 3568 preest.
763 3481 804 3546 ln
820 3477 945 3565 primis
968 3477 1170 3546 iudicamus
1194 3476 1232 3545 in
1247 3478 1451 3564 supradicto
1468 3478 1684 3547 monasterio
1700 3497 1764 3567 pro
1777 3478 1905 3548 salutis
1922 3480 2043 3549 anime
2060 3501 2121 3550 no·
2150 3527 2154 3535 -

266 3635 340 3702 stre
370 3635 504 3701 terram
527 3611 609 3699 cum
632 3633 751 3720 vinea,
775 3648 844 3718 que
867 3634 921 3698 est
944 3633 1039 3699 sorte
1062 3635 1196 3718 nostra,
1214 3651 1282 3719 que
1305 3631 1406 3699 nobis
1422 3633 1543 3701 ebenit
1566 3632 1613 3700 da
1638 3631 1802 3720 laidolsus
1825 3641 1861 3702 et
1885 3631 2039 3721 gisulfus
2063 3655 2120 3704 co-

267 3787 416 3888 mitibus
439 3785 501 3872 qui
526 3787 672 3874 fuerunt
694 3785 856 3874 germani
877 3805 887 3871 3
917 3803 1024 3872 quam
1055 3791 1091 3854 et
1126 3785 1359 3856 iudicavimus
1389 3787 1428 3854 in
1458 3787 1537 3873 ipsa
1560 3788 1710 3857 ecclesia
1733 3791 1853 3857 sancte
1876 3789 1960 3856 sollo
1985 3794 2121 3859 terram

269 3957 353 4008 cum
377 3939 599 4026 pertinentia
622 3956 687 4009 sua
711 3937 770 4006 ubi
795 3957 915 4030 oasam
939 3939 1104 4007 absimus
1127 3939 1225 4008 intus
1247 3939 1392 4008 castello
1415 3943 1524 4027 caput
1544 3939 1726 4028 aquensis,
1743 3959 1811 4027 que
1835 3945 1888 4010 est
1913 3941 2007 4011 iusta
2029 3961 2114 4012 casa

266 4093 376 4180 grimi
399 4094 604 4181 presbiteri,
629 4111 711 4160 oum
734 4110 853 4161 omnes
875 4090 966 4162 alias
988 4093 1093 4160 rebus
1109 4109 1200 4178 mea,
1225 4110 1293 4178 que
1309 4092 1397 4161 mihi
1422 4092 1568 4162 iohanni
1592 4094 1734 4162 etmihi
1751 4113 1820 4181 que
1837 4085 1952 4181 supra
1970 4094 2115 4164 mulieri

269 4245 426 4332 pertinet
448 4265 512 4334 per
537 4251 631 4316 totas
655 4247 743 4316 fines
767 4250 803 4318 et
827 4246 1063 4335 pertinentias
1085 4247 1127 4315 de
1150 4253 1263 4316 totum
1286 4249 1492 4316 comitatum
1516 4254 1622 4336 caput
1645 4252 1765 4336 aquis3
1791 4267 1854 4317 seu
1880 4249 2119 4319 iudicabimus

266 4397 305 4465 in
330 4397 487 4486 predicto
511 4399 728 4508 monasterio
751 4403 787 4469 et
809 4400 970 4487 predicta
992 4398 1144 4470 ecclesia
1167 4402 1239 4466 tres
1261 4399 1380 4484 capita
1403 4397 1446 4466 de
1469 4401 1576 4468 bacce
1600 4404 1635 4468 et
1660 4418 1734 4468 unu
1758 4420 1906 4489 genou,
1935 4409 1969 4471 et
1995 4402 2118 4490 capita

236 4635 239 4644 Ι
266 4553 309 4624 de
333 4575 454 4644 capre,
479 4557 515 4623 et
537 4572 664 4641 pecora
687 4552 855 4641 triginta,
880 4555 915 4622 et
931 4571 1016 4622 casa
1039 4555 1164 4620 nostra
1185 4552 1315 4623 aioras
1338 4548 1479 4620 castello
1495 4555 1603 4637 caput
1627 4551 1796 4638 aquensis
1820 4570 1901 4619 oum
1926 4554 2113 4637 horganea

262 4725 330 4776 sua
355 4711 392 4776 et
416 4725 494 4775 cum
520 4707 640 4775 omnia
664 4708 760 4774 intro
782 4723 819 4774 se
841 4707 1002 4792 abentes,
1025 4709 1062 4773 et
1084 4703 1214 4776 albarii
1238 4705 1371 4790 decem,
1396 4709 1432 4774 et
1453 4705 1574 4791 capita
1597 4705 1640 4772 de
1656 4704 1754 4791 porci
1781 4704 1921 4788 nobem;
1947 4701 2024 4770 ideo
2041 4720 2119 4771 om·
2147 4745 2151 4754 -

259 4859 343 4947 nia,
366 4863 542 4947 quantum
565 4860 728 4946 superius
751 4857 988 4926 iudicavimus
1013 4859 1051 4926 in
1074 4859 1232 4946 predicto
1255 4859 1482 4944 monasterio,
1507 4861 1709 4946 apresente
1733 4855 1997 4943 assignavimus
2024 4855 2109 4925 illut

267 5013 438 5084 iamdicto
462 5013 589 5082 domno
612 5011 780 5083 iohannis
802 5014 926 5082 abbati
950 5015 1036 5081 ante
1059 5011 1279 5098 supradictos
1301 5011 1473 5097 homines
1490 5009 1535 5078 ad
1551 5010 1725 5079 securiter
1749 5014 1784 5079 et
1807 5010 1959 5078 firmiter
1983 5011 2111 5080 amodo

264 5171 301 5237 et
322 5185 459 5254 semper
484 5166 565 5235 illut
587 5149 710 5235 eorum
733 5165 923 5254 ebandum,
949 5168 986 5233 et
1010 5165 1210 5234 faciendum
1234 5164 1316 5232 inde
1345 5183 1428 5252 pars
1446 5164 1555 5250 ipsius
1585 5164 1797 5232 monasterii
1821 5169 1857 5233 et
1881 5168 2030 5253 eiusque
2054 5185 2111 5235 re·

261 5325 376 5414 olores
398 5321 518 5391 omnia
540 5339 609 5408 que
632 5320 798 5408 boluerit,
822 5321 956 5408 absque
979 5319 1074 5387 omni
1091 5323 1211 5388 nostra
1233 5319 1326 5387 etde
1349 5319 1480 5386 nostris
1503 5318 1669 5386 eredibus
1685 5319 1942 5389 contrarietate
1969 5321 2024 5388 vel
2051 5339 2112 5390 re·

261 5475 480 5563 quisitione;
504 5479 540 5544 et
562 5494 626 5562 per
648 5493 739 5543 vona
762 5473 1010 5542 convenientia
1033 5473 1168 5560 guadia
1189 5472 1349 5542 dedimus
1374 5473 1483 5560 ipsius
1507 5472 1626 5541 domni
1652 5473 1800 5543 iohanni
1826 5475 1948 5541 abbati
1974 5479 2009 5542 et
2032 5492 2105 5543 me·

258 5627 417 5696 diatores
430 5625 629 5714 nobisipsis
640 5627 697 5695 vir
709 5631 745 5696 et
758 5646 849 5697 uxor
874 5629 1066 5714 posuimus.
1085 5631 1204 5696 tamen
1222 5643 1288 5713 ego
1312 5625 1472 5714 predicta
1489 5625 1616 5693 mulier
1634 5646 1715 5694 cum
1731 5625 1916 5695 boluntate
1932 5627 1975 5694 de
1993 5627 2113 5713 ipsius

258 5781 328 5849 viri
353 5784 390 5849 et
411 5781 602 5850 mundoald
626 5782 707 5869 mei,
731 5784 767 5848 et
792 5799 855 5868 per
879 5780 956 5868 ipsa
979 5779 1113 5868 guadia
1136 5779 1337 5867 obligamus
1361 5797 1424 5846 nos
1454 5784 1490 5849 et
1520 5781 1653 5850 nostris
1670 5781 1847 5859 eredibus,
1866 5786 1906 5851 ut
1923 5780 2048 5849 amodo
2073 5786 2112 5850 et
