5408 7108
1027 417 1477 493 lthLOllATlCUS
2061 418 2127 490 sel

314 664 396 715 mus
420 646 522 714 uobis
538 664 614 716 esse
636 645 874 733 pertinentem
898 665 966 733 que
990 648 1098 715 habet
1121 646 1221 714 flues.
1247 649 1294 713 De
1318 645 1433 732 prima
1458 664 1540 712 vero
1565 647 1677 731 parte,
1702 645 1793 730 quod
1818 639 1883 714 est
1900 665 1924 712 a
1947 645 2018 712 fine
2034 645 2077 713 de
2102 645 2178 732 ipse

321 800 425 868 vinee
449 799 492 867 de
509 803 589 885 polo
613 798 686 866 filio
709 799 868 886 polerisi,
894 799 977 868 inde
1001 805 1085 867 sirnt
1111 799 1240 866 iustum
1266 802 1508 866 mensuratum
1533 797 1687 865 hominis
1706 797 1892 865 mediocris
1909 814 2061 883 persona
2080 799 2174 883 passi

322 955 476 1041 triginta
496 962 532 1022 et
554 973 629 1022 sex.
656 957 703 1022 De
727 955 882 1022 secunda
906 972 988 1022 rero
1012 972 1109 1040 pare,
1133 953 1223 1039 quod
1248 958 1302 1021 est
1319 971 1341 1022 a
1357 952 1428 1018 fine
1445 953 1487 1020 dc
1506 954 1582 1037 ipsa
1599 941 1658 1021 via
1674 952 1841 1039 plubica,
1867 952 1949 1019 inde
1972 959 2057 1018 sunt
2082 954 2176 1038 passi

318 1109 598 1198 quinquaginta.
616 1111 664 1176 De
682 1109 790 1177 tertia
807 1125 890 1174 uero
908 1126 1003 1194 pars,
1028 1106 1120 1192 quod
1137 1110 1191 1174 est
1208 1127 1230 1176 a
1248 1106 1362 1173 medio
1381 1105 1492 1174 limite
1511 1105 1581 1173 fine
1599 1107 1674 1191 ipsa
1692 1111 1790 1173 terra
1806 1104 1848 1171 de
1868 1105 1944 1191 ipsa
1961 1104 2175 1172 hecclesiam

322 1265 441 1338 sancti
466 1266 581 1334 iacobi
606 1264 770 1352 apostoli,
798 1263 878 1331 inde
902 1270 986 1330 sunt
1010 1265 1103 1348 passi
1131 1261 1321 1348 sexaginta
1344 1264 1379 1328 et
1396 1261 1523 1326 tribus.
1541 1261 1591 1328 Da
1615 1263 1748 1346 quarta
1771 1264 1890 1328 autem
1910 1278 1992 1344 pars
2011 1259 2081 1326 fine
2100 1263 2178 1346 ipse·

319 1387 434 1487 vinee
449 1419 492 1488 de
515 1421 593 1504 ipsa
616 1415 932 1487 hecclesiasancti
958 1416 1091 1502 iacobi,
1118 1415 1199 1484 inde
1224 1421 1308 1482 sunt
1333 1433 1442 1502 usque
1468 1416 1504 1483 in
1530 1414 1667 1504 priores
1697 1415 1785 1482 lines
1809 1417 1904 1501 passi
1929 1412 2189 1502 quadraginta,

319 1575 464 1642 nobem.
491 1575 588 1640 lnler
613 1571 680 1640 isle
704 1592 858 1660 namque
882 1574 964 1640 finis
993 1578 1028 1640 et
1052 1589 1219 1638 mensura
1242 1589 1311 1656 que
1341 1570 1504 1656 superius
1527 1571 1691 1638 cernitur
1721 1575 1757 1636 et
1787 1567 1945 1655 legitur,
1971 1568 2015 1636 de
2038 1569 2110 1637 fine
2133 1569 2171 1636 in

325 1729 396 1794 frue
422 1729 595 1812 quantum
621 1723 720 1792 infra
744 1723 939 1793 claustrum
965 1732 1042 1810 cst,
1070 1726 1146 1810 ipsa
1173 1723 1339 1792 iamdicta
1362 1728 1483 1810 terra,
1514 1725 1608 1792 unde
1643 1742 1708 1791 nec
1738 1725 1840 1792 nobis
1873 1741 1988 1811 neque
2023 1728 2069 1792 ab
2100 1741 2176 1793 ere·

324 1880 429 1947 dibus
452 1879 586 1945 nostris
612 1897 732 1946 rerum
757 1881 865 1946 etiam
890 1896 1005 1965 neque
1028 1879 1072 1945 ad
1097 1875 1236 1943 nullum
1269 1878 1474 1962 quempiam
1510 1876 1687 1943 hominem
1724 1877 1773 1945 ibi
1811 1876 1942 1964 aliquit
1973 1879 2087 1963 portio
2120 1896 2176 1946 re·

317 2033 543 2101 serbabimus
567 2029 785 2118 requirendi.
814 2031 873 2098 Set
897 2031 1051 2118 qualiter
1076 2049 1112 2096 se
1142 2032 1237 2099 iacet
1265 2033 1341 2116 ipsa
1373 2011 1540 2100 iamdicta
1568 2037 1666 2099 terra
1692 2049 1867 2098 unacum
1892 2030 2018 2099 mediis
2053 2030 2173 2100 limiti-

320 2192 384 2254 bus
407 2191 443 2254 et
475 2207 554 2255 cum
587 2186 891 2288 biisethandita
915 2204 1005 2272 sua,
1031 2204 1168 2253 necnon
1192 2189 1332 2253 etcum
1366 2186 1434 2254 viis
1467 2188 1703 2275 omnibusque
1738 2185 1969 2275 pertinentiis
2005 2190 2078 2256 suis
2114 2188 2174 2258 de·

329 2341 445 2407 dimus
471 2341 568 2406 robis
594 2341 779 2406 nominato
804 2340 927 2407 franco
952 2338 1165 2406 benerabilis
1181 2341 1292 2407 abbas
1307 2345 1343 2408 et
1358 2341 1528 2425 mayardo
1545 2341 1720 2428 presbiter
1744 2339 2003 2426 possidendam.
2029 2344 2075 2410 De
2099 2361 2170 2428 quo

323 2515 388 2580 pro
411 2493 789 2561 constabilisscendam
813 2498 920 2577 atque
953 2493 1231 2560 confirmandam
1265 2493 1362 2560 vobis
1393 2494 1486 2562 hanc
1516 2498 1675 2561 nostram
1709 2493 1953 2562 bannitionem
1990 2496 2171 2563 manifesti

317 2665 459 2732 sumus,
485 2646 575 2732 quod
602 2667 623 2714 a
650 2652 812 2732 presente
838 2611 1035 2730 recepimus
1060 2665 1081 2713 a
1107 2664 1165 2711 ros
1190 2647 1364 2714 nominati
1389 2646 1516 2713 emtori
1550 2645 1659 2714 nostri
1697 2664 1766 2714 uno
1800 2629 1909 2716 aureo
1944 2647 2057 2714 solido
2090 2666 2172 2716 con-

317 2801 538 2870 stantiniano
571 2799 696 2867 scifato
727 2817 789 2884 per
819 2807 927 2886 caput
942 2849 951 2884 ,
977 2807 1013 2866 et
1039 2845 1307 2865 ........
1336 2796 1552 2868 milianensis
1574 2818 1620 2867 ex
1646 2817 1743 2869 rame
1767 2801 1885 2886 bona3
1910 2801 2050 2868 finitum
2086 2801 2173 2869 dici-

313 2974 345 3021 m
363 2971 404 3020 us
427 2960 514 3038 aput
539 2970 602 3017 nos
627 2956 806 3037 receptum
831 2952 964 3018 habere
988 2951 1103 3036 ipsum
1129 2952 1297 3035 pretium.
1324 2953 1375 3019 Ea
1399 2950 1536 3019 scilicet
1560 2952 1726 3037 ratione,
1754 2956 1796 3018 ut
1826 2952 1977 3020 hamcdo
2011 2958 2048 3020 et
2081 2972 2170 3046 sem.-
2222 2949 2226 2958 ’

326 3127 387 3193 per
411 3107 530 3176 eadem
563 3117 722 3171 nostram
757 3105 995 3172 benditionem
1028 3103 1234 3190 integram,
1258 3105 1349 3170 sicut
1373 3123 1482 3188 supra
1507 3105 1658 3194 legitur,
1682 3107 1814 3175 habere
1838 3111 1873 3174 et
1906 3105 2083 3192 possidere
2109 3107 2171 3175 ba-

316 3261 424 3330 leatis
447 3268 482 3328 et
504 3261 650 3328 faciatis
674 3259 805 3327 exinde
831 3277 900 3344 que
924 3257 1049 3328 amodo
1075 3258 1171 3324 vobis
1196 3259 1391 3345 placuerit,
1416 3261 1492 3326 sine
1516 3258 1774 3327 contraditione
1802 3263 1927 3326 nostra
1963 3267 1999 3326 et
2035 3260 2078 3326 de
2112 3277 2179 3326 no-

263 3387 265 3390 ·
332 3413 418 3482 stris
440 3414 631 3482 heredibus
656 3412 901 3500 requisitione.
927 3413 1026 3480 Unde
1049 3414 1184 3500 guadia
1212 3431 1274 3479 nos
1298 3415 1395 3479 robis
1417 3413 1577 3480 dedimus
1608 3419 1644 3479 et
1669 3411 1900 3480 mediatorem
1927 3413 2023 3480 vobis
2056 3383 2175 3500 posui-⁶
2190 3370 2192 3374 Α

315 3587 394 3635 mus
420 3614 691 3634 ........
718 3573 754 3634 et
778 3564 979 3654 obligamus
1003 3582 1067 3632 nus
1089 3569 1126 3632 el
1156 3568 1291 3633 nostris
1321 3569 1510 3636 heredibus
1542 3571 1637 3634 robis
1667 3569 1830 3634 ouuribus
1858 3577 1895 3635 ut
1919 3585 2029 3654 supra
2052 3570 2170 3635 entori

319 3722 434 3791 nostri
460 3727 496 3790 et
519 3723 563 3791 ad
589 3725 716 3791 restris
739 3723 1007 3809 posterioribus
1034 3729 1073 3789 ut
1096 3723 1189 3790 hanc
1214 3729 1369 3790 nostram
1396 3721 1633 3788 benditionem
1658 3739 1720 3786 nos
1746 3721 1844 3787 vohis
1868 3722 1913 3789 ab
1929 3724 2093 3790 omnibus
2109 3726 2170 3791 ho·

316 3881 476 3949 minibus
500 3879 547 3948 ab
566 3841 736 3964 omnique
760 3880 923 3964 partibus
946 3879 1124 3946 antistare
1139 3883 1174 3946 et
1189 3876 1376 3947 defendere
1400 3877 1589 3944 debeamus
1612 3877 1710 3945 illam
1730 3880 1826 3944 vobis
1844 3899 1904 3964 per
1921 3880 2058 3964 inbilis3
2077 3878 2170 3964 quod

316 4035 346 4102 si
374 4033 621 4118 noluerimus,
646 4036 711 4102 aut
733 4033 762 4100 si
788 4049 854 4099 nos
877 4032 963 4118 ipsis
986 4051 1049 4119 per
1071 4032 1340 4118 qualiscumque
1375 4031 1488 4099 modis
1515 4030 1568 4099 vel
1603 4031 1788 4120 ingenium
1813 4032 1912 4102 illam
1939 4033 2036 4100 vobis
2062 4038 2172 4103 retor-

315 4207 405 4258 nare
431 4192 494 4258 aut
520 4190 702 4256 remobere
726 4183 974 4272 quesierimus,
993 4182 1117 4270 primis
1139 4185 1298 4253 omnium
1322 4186 1460 4272 questio
1477 4189 1518 4266 „et
1533 4187 1697 4255 causatio
1721 4192 1848 4255 nostra
1865 4186 1984 4257 inanis
2008 4192 2043 4256 et
2060 4148 2171 4257 tacita

314 4343 403 4431 sint,
429 4348 466 4412 et
491 4343 621 4429 viginti
646 4342 748 4409 aurei
773 4339 902 4408 solidos
924 4339 1233 4407 constantinianus
1256 4357 1383 4425 penam
1400 4339 1496 4408 vobis
1520 4358 1583 4408 nos
1607 4344 1643 4408 et
1661 4343 1794 4408 nostris
1819 4341 2009 4410 heredibus
2032 4361 2170 4431 compo

316 4499 631 4584 nereobligamus
655 4501 690 4562 et
715 4495 754 4564 in
778 4501 884 4564 antea
907 4497 1060 4563 tacimus
1083 4511 1146 4559 nos
1162 4499 1198 4561 et
1213 4495 1369 4560 contenti
1395 4511 1457 4580 per
1481 4493 1617 4562 imbitis
1642 4513 1849 4563 maneamus
1873 4497 1910 4563 in
1933 4497 2055 4566 eadem
2079 4519 2170 4586 gua·
2273 4497 2274 4502 ’

317 4659 379 4726 dia
402 4663 439 4724 et
462 4673 527 4739 per
551 4651 755 4721 districtum
781 4650 896 4736 ipsum
923 4657 1078 4716 restrum
1102 4647 1345 4734 mediatorem,
1371 4647 1432 4733 qui
1463 4665 1500 4715 se
1525 4648 1715 4716 tribuimus
1742 4651 1838 4718 vobis
1862 4651 1906 4720 ad
1932 4653 2167 4738 pinerandum

315 4813 441 4882 omnia
465 4827 531 4878 sua
555 4808 709 4896 pinnera
732 4803 932 4896 legitimam
956 4811 993 4871 et
1011 4802 1247 4890 inlegitimam
1271 4805 1459 4892 tamdium,
1477 4804 1586 4874 donec
1610 4824 1672 4894 per
1690 4805 1815 4874 inbitis
1839 4807 2096 4894 adimpleamus
2114 4829 2177 4880 vo-·

314 4971 370 5039 bis
395 4987 440 5039 ea
462 4986 531 5055 que
556 4947 720 5052 superius
742 4961 919 5048 diximus,
944 4978 1011 5047 que
1036 4967 1070 5030 te
1095 4959 1240 5028 adelferi
1266 4962 1427 5029 notarius
1450 4962 1542 5030 hanc
1566 4967 1704 5030 cartam
1730 4961 1943 5032 venditionis
1966 4964 2111 5051 scripsit
2134 4971 2172 5033 et

316 5123 499 5193 interfuit.
527 5123 652 5188 Actum
679 5117 888 5186 incivitate
916 5114 1049 5184 luceria
1075 5113 1267 5182 indictione
1290 5113 1454 5182 feliciter.

357 5249 388 5364 †
414 5280 488 5366 Ego
512 5278 574 5362 qui
599 5292 710 5360 supra
733 5272 911 5342 adelberto
937 5270 1044 5338 iudex

273 5433 284 5458 ·
357 5403 487 5520 †Ego
510 5429 645 5498 caloleo
671 5429 758 5494 teste

359 5559 391 5677 †
417 5589 491 5677 Ego
517 5593 595 5673 poto
620 5590 720 5655 teste.
