5402 7088
622 559 670 634 64
1257 558 1436 636 GODEX
1469 557 1738 635 GAVENSIS

572 787 610 854 et
634 785 823 856 usufructu
848 786 964 876 ipsius
987 788 1120 876 aloare,
1144 785 1239 875 qnod
1261 785 1336 874 ipse
1359 789 1481 873 petrus
1503 801 1568 872 pro
1591 783 1667 852 vico
1688 797 1823 868 suaque
1846 779 1969 850 aloare
1995 780 2298 869 conprehenserit,
2327 779 2420 850 sicut

571 937 747 1028 diximus,
772 945 884 1010 totum
907 945 998 1010 esset
1020 940 1066 1011 ad
1090 943 1301 1029 potestatem
1323 938 1367 1007 de
1391 935 1457 1024 ipsi
1481 934 1547 1004 dlii
1570 933 1719 1022 guidoni
1743 937 1780 1002 et
1801 933 1845 1002 de
1860 933 1976 1021 ipsum
1992 932 2167 1002 iohannes
2189 932 2287 1001 tilius
2310 930 2422 1002 rodet·

572 1089 683 1179 grimi
707 1092 810 1162 etde
833 1091 978 1162 iliorum
1000 1091 1136 1178 eredes,
1160 1090 1205 1160 ad
1228 1088 1460 1160 dividendum
1484 1085 1565 1156 illut
1588 1085 1683 1155 inter
1706 1104 1744 1154 se
1767 1104 1829 1172 per
1852 1085 2096 1154 medietatem:
2133 1086 2209 1172 ipse
2244 1087 2417 1154 iohannes

571 1239 630 1310 vct
650 1259 733 1310 suos
748 1243 869 1312 eredes
885 1243 1124 1330 medietatem,
1142 1245 1178 1312 et
1194 1241 1261 1329 ipsi
1279 1239 1346 1308 filii
1368 1238 1519 1326 guidoni
1537 1241 1574 1306 et
1594 1237 1735 1306 illorum
1753 1234 1876 1306 eredes
1891 1235 2133 1323 medietatem,
2151 1241 2187 1306 et
2198 1255 2261 1324 per
2273 1235 2420 1325 scriptio

571 1409 637 1462 nes
658 1392 847 1462 divisionis
869 1413 949 1463 cum
974 1396 1076 1482 penis
1098 1392 1281 1482 obligatis,
1304 1391 1460 1478 qualiter
1484 1389 1849 1478 comprehensorimus
1873 1388 1949 1476 ipse
1970 1391 2076 1458 sortis
2098 1394 2135 1458 et
2150 1389 2245 1457 inter
2268 1407 2333 1456 nos
2347 1393 2420 1461 tra·

573 1541 783 1632 diderimus,
811 1545 995 1613 firmemus
1018 1559 1088 1610 non
1113 1542 1258 1630 exinde,
1282 1543 1376 1611 sicut
1399 1541 1458 1611 lex
1480 1547 1517 1611 et
1539 1540 1753 1610 consuetudo
1775 1543 1829 1609 est
1850 1545 1946 1610 terro
1969 1539 2088 1627 istius,
2113 1544 2153 1610 ut
2167 1558 2304 1627 semper
2318 1561 2418 1611 secu·

572 1697 663 1767 riter
688 1698 783 1767 inter
805 1714 870 1764 nos
894 1695 968 1784 ipse
992 1697 1111 1782 sortis,
1136 1691 1292 1782 qualiter
1316 1693 1701 1781 comprehenserimus,
1727 1693 1822 1762 inter
1846 1711 1911 1761 nos
1935 1691 2145 1763 illesehere
2168 1711 2350 1780 possamus
2382 1692 2421 1763 in

572 1847 733 1936 predicta
757 1849 909 1918 ratione.
935 1848 1029 1916 unde
1052 1867 1115 1936 per
1138 1847 1437 1915 combenientiam
1463 1846 1501 1912 in
1525 1847 1683 1934 predicto
1707 1847 1858 1915 hordine
1881 1845 2017 1934 guadia
2041 1845 2130 1913 mihi
2153 1845 2328 1914 dederunt
2352 1845 2419 1933 ipsi

571 1999 748 2070 iohannes
772 1999 870 2069 titius
894 1999 1101 2088 rodelgrimi
1126 2004 1163 2067 et
1186 1999 1254 2087 ipsi
1281 2000 1346 2066 filii
1370 1999 1517 2088 guidoni
1541 2006 1578 2069 ct
1602 2001 1680 2088 ipsa
1703 2003 1841 2089 aloara,
1864 2005 1984 2071 tamen
2007 2016 2177 2068 unacum
2194 1999 2273 2087 ipsa
2295 1998 2421 2070 aloara

569 2157 665 2222 esset
689 2155 765 2242 ipse
791 2154 907 2222 virum
930 2155 1073 2222 nomine
1095 2158 1218 2240 petrus
1240 2147 1431 2241 cognatum
1454 2151 1583 2240 suum,
1606 2156 1645 2222 in
1668 2154 1771 2223 cuius
1794 2172 1933 2222 manum
1958 2153 2077 2240 paruit
2103 2152 2220 2239 ipsum
2243 2153 2416 2239 scriptum

568 2309 790 2394 testamenti,
816 2311 852 2376 et
876 2279 962 2394 ipse
977 2309 1149 2378 iohannes
1172 2325 1252 2375 cum
1276 2306 1343 2394 ipsi
1368 2305 1434 2374 filii
1461 2307 1608 2394 guidoni
1633 2306 1839 2375 fideiussore
1866 2307 1956 2374 mihi
1982 2310 2175 2392 posuerunt
2198 2322 2282 2374 raco
2304 2323 2419 2377 comes

568 2458 667 2528 fitius
691 2458 880 2548 grimoaldi
905 2478 985 2527 cum
1013 2458 1089 2546 ipsa
1113 2461 1259 2545 atoara,
1284 2478 1460 2528 unacum
1485 2463 1599 2547 ipsum
1623 2465 1746 2546 petrus
1775 2459 1921 2528 essendo
1944 2464 2139 2546 posuerunt
2162 2459 2252 2526 mihi
2278 2459 2423 2529 fideius-

568 2627 652 2680 sore
668 2611 842 2681 iohannes
858 2629 986 2699 comes,
1002 2611 1077 2680 thio
1093 2611 1206 2698 ipsius
1221 2611 1361 2680 mulieri
1386 2614 1455 2680 hac
1472 2611 1567 2679 filius
1590 2611 1767 2698 quondam
1784 2609 1891 2698 petri,
1910 2615 1948 2680 ut
1963 2613 1995 2680 si
2011 2610 2133 2680 taliter
2149 2612 2269 2680 omnia
2291 2630 2418 2698 supra·

567 2760 703 2849 scripta
725 2781 789 2849 per
812 2762 1016 2849 supradicio
1039 2762 1188 2830 hordine
1212 2761 1283 2830 iltis
1306 2767 1343 2832 et
1365 2760 1441 2830 suis
1463 2763 1653 2832 heredibus
1682 2762 1770 2830 mihi
1799 2763 1959 2850 meisque
1985 2761 2174 2830 heredibus
2207 2780 2278 2830 non
2303 2764 2418 2833 adim-

565 2913 743 3002 pleberint
770 2919 806 2984 et
829 2913 960 3002 aliquit
985 2915 1067 2984 inde
1090 2915 1406 3002 contradixerint,
1435 2933 1495 3001 per
1519 2915 1597 3001 ipsa
1629 2912 1765 3002 guadia
1801 2933 1862 3000 per
1885 2915 2183 2985 combenientiem
2206 2935 2415 3004 componere

565 3065 818 3154 obligaberunt
840 3085 877 3136 se
901 3069 974 3154 ipse
999 3069 1186 3155 iohannes,
1211 3067 1337 3154 stipsi
1361 3067 1426 3134 filii
1450 3066 1611 3152 guidoni,
1636 3071 1672 3134 et
1696 3068 1774 3154 ipsa
1796 3068 1931 3154 aloara,
1956 3077 1992 3136 et
2016 3025 2158 3136 iliorum
2187 3071 2335 3160 eredes,
2360 3074 2416 3140 ta-

566 3237 646 3289 men
664 3237 833 3288 unacum
852 3217 929 3304 ipsa
945 3215 1068 3287 aloara
1083 3222 1174 3286 esset
1190 3215 1303 3305 ipsum
1321 3224 1453 3307 petrus,
1470 3238 1678 3307 componere
1704 3221 1791 3288 mihi
1809 3221 1985 3290 nominati
2003 3221 2173 3291 romoaldi
2190 3223 2330 3309 meique
2347 3225 2411 3292 he·

563 3373 708 3442 redibus
730 3373 875 3442 tricenti
894 3373 963 3441 tari
990 3371 1092 3441 solidi
1115 3373 1323 3451 costantini,
1348 3377 1384 3440 et
1405 3375 1526 3442 omnia
1549 3375 1790 3461 suprascripte
1813 3391 1876 3460 per
1890 3373 2137 3460 supradictum
2160 3372 2345 3442 hordinem
2375 3375 2421 3443 it·

562 3523 608 3591 tis
631 3526 667 3592 et
691 3520 832 3591 illorum
856 3521 979 3590 eredes
1001 3523 1091 3592 mihi
1117 3525 1257 3611 meique
1290 3523 1456 3594 eredihus
1489 3525 1737 3611 adimplerent.
1770 3530 2015 3595 verumtamen
2039 3533 2076 3595 et
2097 3528 2176 3614 ipsa
2199 3532 2294 3597 sorte
2317 3527 2413 3614 quod

565 3677 859 3762 comprehensero
883 3693 949 3764 ego
973 3651 1181 3746 nominatus
1205 3677 1406 3745 romoaldus
1429 3676 1471 3744 de
1498 3679 1574 3764 ipsa
1598 3680 1703 3746 rebus
1724 3697 1869 3766 asuper
1893 3683 1970 3767 ipsa
1996 3682 2055 3752 bia
2077 3682 2124 3752 da
2148 3683 2416 3769 marinianum,

563 3831 658 3896 sieut
681 3827 976 3915 supradiximus,
1006 3831 1125 3896 omnia
1151 3827 1233 3896 inde
1260 3829 1388 3898 faciam
1412 3849 1481 3918 ego
1504 3837 1540 3900 et
1562 3849 1655 3899 meos
1679 3834 1824 3902 heredes
1847 3834 1937 3921 quod
1964 3836 2130 3922 votuero;
2158 3847 2194 3906 et
2217 3858 2257 3906 oc
2282 3840 2410 3909 receti·

562 3998 653 4066 mus,
678 3983 716 4048 ut
739 3997 804 4068 ego
827 3985 863 4050 et
887 3981 1002 4068 ipsum
1034 3984 1205 4050 iohannes
1227 3991 1259 4050 et
1284 3985 1433 4070 predicti
1457 3986 1523 4054 iiiii
1547 3987 1694 4074 guidoni
1718 3993 1754 4057 et
1769 3991 1881 4076 ipsum
1906 3993 2038 4077 petrus,
2062 3991 2125 4079 qui
2143 3997 2200 4059 est
2217 3991 2313 4062 iltius
2330 4012 2412 4064 are·

562 4130 675 4220 ghisi,
700 4150 763 4219 pro
788 4132 865 4201 vice
889 4132 1001 4220 ipsius
1026 4131 1149 4204 aloare
1174 4137 1308 4220 pariter
1330 4154 1435 4225 super
1461 4140 1566 4206 rebus
1591 4138 1669 4226 ipsa
1693 4158 1882 4228 pergamus
1906 4161 1985 4210 cum
2003 4143 2156 4212 iudicem
2179 4151 2216 4213 et
2232 4146 2410 4232 sapientes

564 4283 702 4352 omines
724 4287 761 4352 et
786 4285 904 4372 ibique
929 4303 1073 4372 presens
1097 4285 1139 4356 de
1163 4286 1241 4374 ipsa
1263 4291 1368 4358 rebus
1391 4290 1564 4358 faciamus
1587 4292 1716 4379 omnia,
1742 4295 1835 4363 sicut
1857 4299 2021 4382 superius
2041 4297 2202 4386 tegitur,
2228 4300 2267 4366 in
2291 4317 2417 4386 supra·

562 4434 661 4507 dicta
686 4439 841 4526 ratione,
866 4437 958 4525 qnod
982 4439 1108 4528 scripsi
1132 4457 1197 4528 ego
1220 4442 1415 4527 myrandns
1438 4443 1597 4515 notarius
1623 4445 1684 4534 qui
1709 4446 1869 4516 interfui.

609 4559 640 4678 †
668 4591 743 4677 Ego
768 4591 830 4677 qui
855 4609 964 4679 supra
987 4596 1129 4662 amatus
1152 4592 1269 4662 iudex.

1284 4845 1658 4861 m

1371 5075 1604 5159 CMXIII

1334 5371 1393 5446 A.
1422 5374 1476 5448 D.
1506 5373 1624 5450 1036

603 5599 639 5740 †
662 5652 702 5719 In
727 5653 870 5722 nomine
893 5653 1025 5724 domini
1050 5658 1278 5727 nonodecimo
1301 5678 1397 5728 anno
1420 5662 1643 5750 principatus
1666 5664 1786 5734 domni
1804 5667 1917 5735 nostri
1934 5669 2115 5754 guaimari
2134 5667 2286 5757 glorioso
2303 5671 2406 5757 prin·

555 5805 644 5893 cipe,
669 5806 736 5876 ulii
761 5809 937 5894 quondam
960 5810 1078 5881 domni
1102 5813 1321 5902 guaimarii,
1346 5833 1466 5885 mense
1489 5819 1700 5910 sebtemher,
1724 5818 1850 5906 quinta
1876 5821 2082 5894 indictioni.
2108 5829 2398 5899 memoratorium
2420 5899 2429 5910 ,
