5402 7088
883 589 885 594 ·
1004 569 1414 654 nlllolla‘llcts
1876 681 1878 686 Ι
2039 581 2095 686 te,
2134 604 2139 611 ·

289 799 459 869 aeficium
486 803 616 872 retinet
639 803 683 872 da
709 824 792 893 pars
816 805 929 891 ipsius
953 807 1100 874 ecclesie
1125 825 1186 893 per
1210 825 1249 874 ec
1273 807 1356 874 fluis
1387 811 1422 875 et
1446 806 1661 874 mensariis:
1695 817 1717 874 a
1751 823 1835 916 pars
1869 808 2134 892 septemtrionis

281 953 360 1021 tine
383 954 443 1024 bia
465 955 609 1042 puplica
633 958 693 1043 qui
718 958 836 1044 pergit
859 959 902 1027 ad
929 958 995 1045 ipsi
1020 959 1113 1027 turri
1138 965 1173 1028 ct
1196 961 1240 1030 ed
1265 960 1332 1046 ipsi
1355 960 1482 1046 pariti,
1510 964 1594 1027 sunt
1618 958 1700 1026 inde
1726 977 1787 1045 per
1821 960 2000 1028 mensoria
2037 957 2135 1046 passi

285 1105 493 1191 octoagiuta
516 1107 599 1204 duos
624 1127 646 1175 a
670 1128 753 1194 pars
772 1062 984 1206 'occidedlis
1008 1110 1180 1197 quomodo
1203 1109 1316 1176 limite
1339 1113 1374 1177 et
1397 1129 1478 1196 sepe
1500 1108 1683 1194 discernit,
1701 1109 1772 1176 line
1789 1107 1831 1176 de
1847 1108 1969 1176 eredes
1988 1112 2136 1196 magbe-

285 1254 386 1343 nolli,
411 1255 614 1343 indepassi
639 1260 881 1348 quadraginta
902 1285 910 1328 :
935 1281 957 1330 a
980 1280 1064 1347 pars
1089 1259 1238 1328 meridie
1262 1259 1432 1344 quomodo
1456 1257 1538 1345 poiu
1562 1257 1734 1360 discernit
1748 1307 1757 1344 ,
1795 1258 1876 1326 inde
1904 1277 2024 1345 passos
2048 1278 2138 1344 qua-

285 1404 458 1492 draginta
480 1406 669 1494 quadtuor,
695 1409 898 1510 rebolbeute
921 1407 1081 1477 saliendo
1105 1407 1143 1474 in
1168 1407 1332 1494 partibus
1356 1407 1503 1508 meridie
1528 1425 1638 1492 usquc
1662 1406 1708 1474 ad
1733 1405 1809 1492 ipso
1826 1406 1937 1475 limite
1952 1411 2037 1475 sunt
2056 1388 2140 1476 inde

285 1558 382 1644 passi
406 1557 574 1626 similiter
598 1560 839 1647 quadraginta
862 1560 1068 1646 quadtuor3
1095 1560 1225 1628 iterum
1248 1578 1270 1626 a
1295 1565 1396 1646 parte
1410 1559 1581 1702 ³meridie,
1613 1539 1784 1645 quemodo
1802 1561 1917 1646 ipsum
1939 1559 2138 1646 predictum

152 1691 163 1706 ⁰
285 1705 397 1774 limite
421 1707 618 1795 discernit,
644 1711 715 1776 line
739 1710 897 1796 predicte
920 1711 1066 1780 ecclesie
1090 1711 1207 1780 sancti
1232 1711 1405 1786 maximi,
1431 1713 1516 1778 sunt
1547 1710 1628 1778 inde
1664 1712 1757 1795 passi
1795 1711 1954 1797 biginti:
1991 1732 2014 1781 a
2050 1730 2135 1798 pars

286 1862 436 1930 orientis
460 1863 531 1931 line
554 1873 651 1934 terra
674 1865 787 1950 ipsius
810 1865 981 1952 ecclesie,
1006 1833 1090 1934 sunt
1113 1866 1196 1934 inde
1220 1867 1316 1952 passi
1352 1864 1559 1952 octoaginta
1585 1871 1663 1932 octo
1698 1871 1734 1932 et
1770 1884 1807 1932 se
1843 1867 2070 1952 reconiuugit
2094 1867 2134 1934 in

242 2077 250 2090 .
288 2017 369 2100 ipsa
393 2017 454 2088 bia
477 2019 620 2104 puplica
643 2021 705 2106 qui
729 2025 783 2088 est
807 2019 926 2106 priore
947 2021 1030 2088 fine.
1067 2024 1190 2088 Totum
1215 2038 1276 2106 per
1301 2021 1367 2087 isle
1390 2020 1473 2087 linis
1496 2019 1541 2088 ad
1566 2019 1658 2087 iusto
1680 2036 1822 2104 passum
1847 2021 1959 2087 omini
1996 2039 2135 2088 mensu·

289 2173 410 2239 ratum
435 2173 546 2238 totum
571 2177 606 2264 et
628 2171 791 2240 inclitum
816 2173 898 2240 illut
922 2173 1031 2242 michi
1057 2173 1132 2260 ipse
1156 2179 1276 2270 petrus
1300 2172 1473 2258 presbiter
1497 2189 1559 2258 per
1582 2170 1894 2240 demandationem
1918 2171 1960 2238 de
1986 2172 2060 2258 ipso
2075 2175 2137 2240 ab·

290 2327 372 2392 bate
397 2326 442 2394 ad
467 2326 699 2394 laborandum
723 2324 880 2414 tradidi,
905 2327 998 2394 unde
1022 2318 1084 2414 pro
1108 2327 1229 2396 taliter
1253 2326 1387 2413 guadia
1410 2326 1497 2394 mibi
1522 2325 1629 2412 dedit,
1646 2333 1682 2394 et
1705 2325 1934 2396 mediatorem
1950 2329 2056 2395 michi
2076 2347 2165 2414 po··

289 2480 363 2546 suit
388 2479 570 2565 iaquintus
593 2479 764 2547 diaconus
788 2478 883 2546 lilius
906 2446 1083 2576 qnondam
1106 2479 1282 2568 gaudiosi,
1310 2480 1373 2547 tali
1399 2481 1536 2564 ordine,
1562 2483 1602 2546 ut
1625 2479 1748 2548 amodo
1771 2485 1807 2548 et
1823 2497 1934 2565 usque
1951 2481 2139 2564 quadtuor

292 2634 379 2701 anni
405 2633 569 2718 completi
596 2633 708 2700 licead
733 2652 788 2700 mc
812 2638 846 2699 et
870 2631 957 2699 meis
980 2631 1147 2699 eredibus
1171 2641 1206 2702 et
1228 2636 1376 2720 omineS,
1400 2653 1507 2720 quernw
1520 2633 1649 2701 ibidem
1674 2633 1888 2720 miserimus,
1914 2639 1989 2702 tota
2013 2653 2139 2720 supra·

293 2788 433 2874 scripta
455 2786 553 2854 illius
579 2787 789 2855 tradictione
813 2793 931 2855 nostre
956 2786 1143 2872 potestatis
1167 2792 1291 2854 tenere
1314 2795 1350 2855 et
1372 2787 1579 2873 dominare,
1602 2792 1639 2856 et
1662 2805 1720 2854 eos
1743 2790 1877 2873 totum,
1911 2787 1971 2854 ubi
2003 2806 2139 2856 merue-

288 2941 364 3026 rit,
389 2939 574 3012 cludamus
588 2989 597 3026 ,
622 2945 657 3008 et
680 2939 774 3007 abtis
797 2941 1013 3027 temporibus
1037 2942 1222 3007 arbustum
1247 2893 1363 3027 ipsum
1385 2942 1428 3009 de
1452 2959 1557 3028 super
1588 2941 1688 3009 etde
1719 2943 1840 3008 subter
1874 2941 2077 3024 labmemus
2101 2947 2138 3010 et
2199 3027 2207 3044 ·

287 3094 471 3181 callemus,
496 3077 588 3162 sicut
612 3095 706 3162 locus
730 3097 804 3180 ipse
828 3097 1014 3181 meruerit,
1041 3105 1078 3162 ut
1095 3085 1272 3180 'proficiad
1297 3101 1333 3161 et
1359 3113 1429 3160 non
1453 3081 1653 3192 disperead,
1671 3099 1719 3180 et,
1739 3094 1799 3161 urbi
1823 3073 2016 3182 meruerit,
2041 3096 2139 3165 infra

288 3253 398 3315 tolum
423 3248 498 3334 ipso
520 3249 705 3315 arbustum
732 3254 828 3317 astas
852 3255 886 3316 et
911 3249 1002 3314 bites
1026 3247 1239 3333 plantemus,
1264 3255 1312 3334 el,
1340 3250 1397 3315 ubi
1425 3250 1606 3334 meruerit,
1632 3249 1722 3314 bites
1747 3253 1932 3335 tragamus
1955 3252 1991 3316 et
2023 3253 2139 3317 totum

250 3397 255 3404 '
288 3418 346 3468 eos
369 3395 582 3486 laboremus,
606 3393 699 3467 sicut
721 3401 953 3486 diximus,·et
978 3400 1090 3468 licead
1116 3419 1178 3468 nos
1203 3403 1300 3470 sobee
1325 3411 1361 3468 et
1384 3403 1499 3469 omnis
1523 3407 1645 3470 nostra
1662 3401 1821 3471 utilitate
1849 3402 2139 3477 instaurationem

287 3552 419 3620 ibidem
444 3553 577 3639 lacere,
602 3559 638 3620 et
662 3553 884 3637 annualiter,
909 3552 1050 3638 quando
1074 3555 1274 3638 meruerit,
1299 3553 1482 3620 arbustum
1510 3553 1625 3637 ipsum
1650 3551 1912 3624 rationabiliter
1947 3552 2142 3630 bindemie·

288 3723 392 3791 mus,
416 3709 453 3773 et
477 3723 539 3792 per
563 3705 740 3796 bindemie
777 3707 951 3774 faciamus
975 3705 1067 3772 scire
1091 3705 1207 3790 ipsum
1232 3706 1398 3772 abbatem
1423 3665 1477 3770 uel
1502 3721 1586 3788 pars
1610 3701 1722 3788 ipsius
1747 3701 1920 3786 ecclesie,
1946 3708 1986 3770 ut
2009 3703 2141 3771 ibidem

288 3861 431 3950 dirigad
454 3863 601 3931 missum
623 3882 727 3930 suum
741 3912 751 3950 ,
776 3870 812 3932 et
834 3869 946 3932 totum
970 3861 1048 3949 ipso
1070 3861 1196 3928 binum
1221 3861 1350 3940 ibidem
1376 3861 1421 3928 ad
1446 3859 1663 3946 palmentum
1698 3877 1761 3945 per
1796 3858 2021 3929 medietatem
2056 3857 2155 3930 illut.

291 4013 382 4082 inter
405 4032 477 4090 nos,
493 4014 711 4084 dibidamus:
737 4016 885 4084 missum
908 4014 1066 4108 predicte
1090 4013 1236 4082 ecclesie
1259 4011 1369 4081 tollad
1388 4009 1472 4078 illut
1488 4007 1727 4098 medietatem,
1752 4013 1789 4078 et
1813 4028 1877 4078 nos
1894 4012 2138 4090 medietatem

190 4223 192 4226 .
287 4171 323 4236 et
344 4166 450 4255 quale
473 4185 668 4254 organeum
692 4169 738 4238 da
760 4169 884 4236 binum
908 4169 1010 4235 nobis
1033 4165 1306 4254 adsignaberint
1330 4165 1376 4234 ad
1398 4161 1598 4250 cellarium,
1621 4181 1690 4251 quo
1708 4162 1839 4232 ibidem
1853 4183 1938 4252 pars
1955 4166 2066 4253 ipsius
2082 4185 2140 4236 ec·
2230 4205 2234 4214 ·

287 4319 393 4388 clesie
417 4321 500 4388 abet
522 4319 567 4388 ad
590 4317 656 4407 ipsi
682 4320 805 4407 parili,
829 4337 893 4388 nos
916 4323 1036 4390 autem
1059 4335 1254 4405 organeum
1280 4319 1395 4405 ipsum
1417 4316 1619 4384 conciemus
1642 4317 1793 4402 bonum,
1819 4316 1912 4385 sicut
1936 4319 2141 4409 meruerit,

288 4475 322 4540 et
345 4473 424 4558 ipsa
448 4471 603 4540 sortione
625 4471 669 4540 de
692 4473 768 4560 ipso
792 4471 914 4539 binum
937 4471 1049 4558 ipsius
1072 4469 1218 4539 ecclesie
1241 4469 1372 4538 ibidem
1396 4469 1626 4554 adducamus,
1642 4471 1804 4537 ettotum
1822 4467 1897 4555 ipso
1912 4469 2034 4536 binum
2066 4487 2143 4539 sor-

288 4623 420 4690 tionem
444 4642 547 4693 suam
571 4622 706 4692 ibidem·
727 4624 766 4690 in
790 4623 866 4710 ipso
889 4639 1084 4710 organeum
1107 4621 1311 4709 mittamus,
1337 4627 1373 4690 et
1397 4623 1473 4707 ipso
1497 4620 1642 4688 missum
1678 4621 1836 4707 predicte
1859 4621 2026 4708 ecclesie,
2050 4622 2136 4692 dum

289 4776 419 4860 ibidem
442 4775 610 4844 steterint
634 4795 697 4863 pro
718 4775 795 4862 ipse
818 4774 995 4844 bindemie
1018 4775 1271 4862 reponendum,
1296 4791 1360 4841 nos
1376 4779 1497 4843 autern
1514 4772 1831 4856 illumnutriemus
1858 4775 2054 4844 secuudum
2072 4753 2138 4844 no·

288 4935 363 4999 stra
384 4927 655 5016 possibilitatem
674 4949 683 5014 ;
708 4928 809 4998 etde
832 4927 924 5014 quod
946 4928 1153 4995 anntraliter
1178 4927 1218 4994 in
1248 4925 1324 5014 ipsa
1343 4897 1454 4996 rebus
1486 4891 1808 5015 seminaberimus,
1845 4929 1968 5014 demus
1998 4931 2138 5036 ¹exinde

290 5081 418 5151 ibidem
443 5081 488 5151 ad
513 5082 660 5150 missum
684 5081 796 5168 ipsius
818 5082 967 5149 ecclesie
990 5077 1201 5148 terraticum
1225 5079 1733 5149 secundumconsuetudinem
1757 5080 1800 5147 de
1823 5081 1901 5168 ipso
1927 5081 2056 5170 locum;
2090 5084 2137 5152 ad

287 5231 452 5319 completi
476 5231 546 5321 ipsi
570 5233 747 5319 quadtuor
770 5233 858 5300 anni
882 5231 998 5300 licead
1021 5249 1084 5299 nos
1107 5235 1143 5304 et
1168 5234 1299 5301 nostris
1322 5233 1487 5302 eredibus
1512 5233 1594 5302 inde
1617 5236 1718 5302 exire
1741 5252 1822 5301 cum
1859 5186 1973 5303 omnis
2012 5242 2134 5306 nostra
2261 5211 2269 5228 ’

288 5405 396 5457 causa
420 5390 457 5455 et
479 5383 533 5454 ire
557 5385 619 5452 ubi
643 5383 860 5452 boluerimus
874 5433 883 5470 ,
908 5385 986 5451 siue
1009 5383 1200 5453 cuiuslibet
1224 5386 1478 5455 contrarietate
1501 5387 1557 5454 vel
1582 5387 1838 5473 requisitione,
1864 5394 1899 5454 et
1923 5385 2052 5456 inclita
2079 5406 2139 5456 su·
2168 5343 2172 5348 Ι

286 5538 449 5626 pradicta
473 5539 579 5606 rebus
604 5535 802 5605 laboratum
828 5541 863 5603 et
885 5535 1022 5602 clusum
1047 5535 1268 5604 remittamus
1293 5537 1337 5605 ad
1361 5541 1533 5622 potestate
1559 5538 1670 5624 ipsius
1693 5540 1859 5626 ecclesie,
1886 5543 1921 5607 et
1945 5558 2008 5626 per
2042 5541 2135 5608 bona

288 5690 549 5762 combenientia
572 5709 635 5778 per
658 5691 737 5777 ipsa
760 5687 894 5777 'guadia
918 5688 1092 5776 obligabit
1115 5707 1152 5756 se
1176 5689 1251 5774 ipse
1276 5687 1387 5757 abbas
1398 5669 1447 5756 ’et
1470 5705 1685 5756 successores
1717 5705 1824 5775 suos,
1848 5693 1884 5757 et
1908 5707 1993 5775 pars
2018 5688 2130 5775 ipsius

287 5846 438 5915 ecclesie
462 5844 585 5914 amodo
610 5848 643 5912 et
670 5860 780 5929 usque
803 5841 873 5930 ipsi
897 5841 1074 5927 qundtuor
1098 5839 1183 5908 anni
1209 5843 1272 5908 etc.
1305 5842 1453 5908 Statuta
1486 5842 1619 5909 cardeto
1645 5805 1793 5927 'viciati
1818 5843 1904 5909 cart
1940 5842 2138 5910 solidorum
