5456 7096
1002 483 1423 588 nrrnouarrous'
1487 551 1494 564 -
2025 510 2082 626 aa¹

283 746 443 823 ecclesie,
469 744 668 814 laciendum
693 743 775 812 inde
798 741 890 829 quod
908 739 1096 809 voluerint.
1116 740 1214 810 Unde
1230 760 1292 827 pro
1308 739 1431 809 taliter
1453 759 1515 827 per
1528 737 1784 807 convenientia
1801 736 1936 823 guadia
1953 736 2041 804 mihi
2060 735 2128 825 ipsi

276 902 453 968 iohannes
476 901 512 966 et
532 894 733 966 abbalzami
757 913 820 981 pro
844 911 929 982 pars
952 899 988 990 et
1011 895 1087 962 vice
1112 894 1223 980 ipsius
1246 843 1392 962 ecclesie
1417 851 1604 978 dederunt,
1631 895 1666 959 et
1691 889 1923 957 mediatorem
1949 887 2038 955 mihi
2062 907 2124 976 po-

280 1055 432 1120 suerunt
454 1069 492 1117 se
516 1048 603 1134 ipsis
627 1049 799 1117 iohannes
823 1051 859 1114 et
883 1045 1074 1132 balzamus,
1100 1050 1135 1114 et
1158 1066 1221 1132 per
1243 1001 1366 1115 eadem
1389 1045 1523 1133 guadia
1549 1044 1799 1132 obligaborunt
1823 1063 1862 1111 se
1887 1047 1922 1110 et
1945 1043 2019 1108 suis
2045 1059 2121 1108 ere-

282 1205 397 1291 dibus,
421 1203 513 1291 quod
538 1204 568 1269 si
587 1200 707 1270 taliter
731 1205 799 1267 etc.
826 1201 993 1283 Sequitur
1015 1203 1178 1267 coasaolo
1199 1203 1375 1284 formala.
1402 1203 1654 1276 Berumtamon
1673 1203 1708 1265 et
1724 1215 1795 1264 non
1812 1199 1945 1264 abeant
1963 1195 2037 1310 illis
2053 1193 2124 1262 ali·

280 1359 421 1446 quando
444 1362 602 1444 tempore
625 1357 668 1424 de
693 1359 769 1442 ipsa
792 1354 1006 1423 tradictione
1030 1353 1212 1421 abscidere
1230 1353 1271 1420 de
1288 1354 1362 1439 ips'e
1386 1371 1495 1439 cerze,
1514 1357 1567 1420 set
1584 1369 1721 1438 semper
1738 1351 1798 1418 illc
1816 1349 1947 1418 cultata
1973 1349 2116 1424 abeant,

287 1511 379 1596 quod
402 1512 526 1597 scripsi
554 1529 620 1595 ego
644 1479 846 1576 romoaldus
870 1506 1044 1575 notarius.

330 1635 362 1752 †
388 1665 463 1751 Ego
486 1663 628 1732 alfanus
650 1681 706 1728 me
733 1659 927 1745 subscripsi

327 1791 357 1906 †
385 1821 459 1906 Ego
483 1815 644 1887 alderissi
670 1815 832 1882 notarius
857 1827 912 1881 me
936 1811 1144 1880 subscribsi.

986 2041 1411 2054 m—

965 2281 969 2290 ·
1069 2243 1334 2325 JMXXV-

953 2551 957 2558 ·
1052 2507 1192 2590 A..'D.
1222 2505 1350 2582 1038.

321 2713 356 2854 †
382 2767 421 2830 ln
445 2765 587 2833 nomine
611 2765 745 2833 domini
770 2767 938 2834 vicesimo
962 2784 1056 2833 anno
1080 2764 1301 2850 principatus
1323 2763 1442 2832 domni
1466 2765 1578 2830 nostri
1603 2765 1800 2851 guaimari,
1824 2768 1860 2832 et
1882 2765 1996 2852 primo
2027 2781 2123 2834 anno

276 2921 497 3005 principatus
521 2919 643 2986 domni
662 2919 812 2986 iohanni
830 2921 906 2986 eius
923 2917 1000 3004 filii,
1018 2919 1181 3006 gloriosis
1206 2917 1439 3005 principibus,
1465 2934 1584 3000 mense
1610 2917 1815 3002 ianuariuS,
1832 2922 1936 2996 sexta
1960 2917 2126 2985 indictio·

274 3091 331 3140 ne.
358 3072 647 3140 memoratorium
673 3073 769 3140 sactu
786 3091 808 3139 a
825 3091 880 3138 me
895 3090 1068 3139 maurone
1093 3072 1182 3138 livor
1199 3089 1276 3136 omo
1292 3071 1364 3138 lilio
1383 3073 1543 3158 iohanni,
1563 3072 1710 3156 eoquod
1732 3072 1824 3139 ande
1840 3071 1988 3156 ydoneis
2013 3044 2128 3140 homi-

273 3223 382 3291 nibus
405 3221 615 3291 coniunctus
640 3241 716 3290 sum
737 3243 817 3290 cum
834 3228 957 3308 petrus
975 3225 1179 3291 atrianense
1196 3223 1268 3288 filio
1283 3223 1461 3322 quendam
1479 3225 1591 3310 sergi,
1608 3225 1860 3308 propterquod
1880 3223 1952 3291 iam
1976 3226 2125 3309 preteri-

274 3380 323 3446 tis
341 3397 403 3464 per
421 3379 563 3444 firmum
588 3378 728 3442 brebem
753 3376 791 3442 in
815 3377 987 3462 partionis
1011 3375 1160 3441 hordine
1177 3377 1266 3442 mihi
1286 3377 1457 3444 traditum
1475 3375 1575 3444 abuit
1591 3376 1635 3444 ad
1653 3376 1912 3463 pastenandum
1931 3395 2002 3444 una
2019 3377 2120 3462 peria

272 3531 317 3599 de
341 3535 440 3599 terra
463 3534 500 3597 in
525 3532 640 3598 locum
663 3531 942 3616 transbeneiam,
969 3529 1025 3598 ubi
1052 3535 1175 3616 tegora
1191 3531 1339 3619 dicitur,
1359 3552 1420 3618 per
1439 3551 1477 3600 as
1494 3533 1582 3600 fines
1600 3535 1635 3600 et
1652 3550 1854 3600 mensuras:
1874 3532 1916 3598 de
1934 3550 2005 3600 una
2021 3539 2129 3619 parte
2232 3544 2236 3550 '
2279 3559 2290 3582 π

271 3685 342 3752 fine
365 3685 479 3754 medio
504 3685 659 3772 ballone,
685 3685 767 3752 inde
792 3690 875 3752 sunt
898 3685 992 3770 passi
1018 3686 1188 3752 sedecim:
1215 3687 1261 3752 ab
1284 3685 1420 3753 oriente
1446 3687 1514 3753 fine
1540 3685 1652 3772 ipsius
1672 3685 1775 3772 petri,
1794 3685 1923 3754 abinde
1939 3686 1985 3753 da
2008 3687 2122 3755 medio

274 3840 413 3910 ballone
436 3839 513 3926 ipso
537 3839 687 3908 saliente
712 3843 748 3906 et
770 3839 998 3907 coniuniente
1024 3841 1060 3903 in
1087 3838 1145 3906 via
1168 3839 1320 3924 publica:
1348 3859 1369 3906 a
1393 3844 1494 3925 parte
1518 3840 1779 3925 septemtrionis
1793 3840 1861 3908 line
1880 3839 1956 3925 ipsa
1972 3840 2033 3909 bia
2058 3859 2125 3927 pu·

271 3994 381 4079 blica,
403 3994 485 4061 inde
513 3998 597 4060 sunt
619 3996 712 4079 passi
741 3993 805 4060 alii
829 3992 992 4060 sedecim:
1019 3993 1064 4059 ab
1086 3992 1266 4058 occidente
1283 3987 1452 4059 similiter
1467 3991 1537 4060 line
1555 3991 1666 4078 ipsius
1684 3993 1790 4079 petri,
1806 3993 1962 4078 qualiter
1980 4012 2017 4061 se
2034 4011 2117 4062 eon·

277 4145 396 4231 iungit
421 4145 465 4212 ad
488 4144 603 4211 medio
625 4145 700 4230 ipso
724 4144 875 4230 ballone,
892 4147 1003 4212 totum
1019 4144 1063 4213 ad
1080 4146 1172 4212 iusto
1196 4161 1338 4229 passum
1361 4125 1467 4210 omini
1495 4149 1755 4212 mensuratum.
1777 4147 1831 4233 Et,
1849 4147 1931 4214 dum
1950 4165 2015 4234 ego
2041 4148 2123 4238 ipsa

273 4303 372 4365 terra
389 4317 451 4383 per
469 4299 545 4383 ipsa
568 4297 656 4365 fines
673 4303 709 4364 et
724 4313 909 4364 mensuras
934 4297 1039 4364 vinea
1063 4297 1247 4381 pastenavi
1265 4301 1300 4363 et
1315 4299 1473 4382 operari,
1490 4300 1525 4363 et
1542 4299 1776 4365 constitutum
1800 4300 2012 4385 completum
2038 4306 2123 4371 abe·

270 4471 363 4535 mus,
389 4451 479 4536 quod
507 4452 599 4518 inter
624 4468 687 4516 nos
712 4437 878 4517 debemus
903 4447 981 4515 illut
1004 4449 1172 4533 dividere,
1189 4467 1385 4534 congruum
1404 4454 1504 4518 nobis
1521 4456 1573 4520 est
1591 4455 1668 4537 ipsa
1685 4457 1776 4521 sorte
1793 4459 1929 4539 nostra,
1947 4454 2039 4540 quod
2064 4459 2121 4522 est

270 4605 442 4673 medietas
458 4602 501 4670 de
517 4605 594 4689 ipsa
613 4605 869 4690 pastenatione‚
896 4599 1009 4688 ipsius
1023 4600 1116 4686 petri
1137 4600 1381 4669 vicariationis
1396 4603 1549 4688 tradere,
1564 4561 1604 4672 et
1615 4604 1831 4692 ammittere,
1846 4611 1882 4673 et
1901 4609 2061 4692 recipere
2074 4607 2120 4675 ab

270 4777 349 4826 eum
374 4775 448 4824 una
471 4757 573 4842 pecia
598 4749 761 4825 deterre
785 4775 851 4825 sua
874 4759 990 4824 baeua
1006 4757 1044 4820 in
1061 4757 1135 4841 ipso
1159 4755 1273 4823 locum
1296 4757 1514 4843 trasboneia,
1542 4757 1601 4824 ubi
1626 4758 1789 4844 plagarie
1814 4759 1959 4850 dicitur,
1976 4762 2038 4845 qui
2065 4763 2120 4828 est

269 4931 332 4998 per
359 4931 399 4979 as
423 4912 512 4978 lines
535 4913 570 4977 et
592 4911 790 4978 mensuras:
809 4930 831 4977 a
847 4915 948 4996 parte
973 4909 1120 4976 meridie
1143 4927 1230 4996 erga
1255 4857 1314 4976 bia
1338 4908 1480 5004 publica
1504 4927 1572 5008 que
1598 4911 1717 4996 pergit
1734 4911 1777 4978 ad
1796 4931 1906 4998 mare,
1925 4912 2007 4980 inda
2032 4915 2117 4979 sunt

275 5066 366 5151 passi
391 5067 612 5152 octuaginta:
637 5065 680 5132 de
703 5063 790 5150 pede
813 5065 906 5149 quod
930 5067 984 5132 est
1006 5037 1307 5150 apars'oriantis,
1332 5064 1402 5130 line
1426 5063 1536 5148 ipsius
1561 5067 1664 5149 petri,
1693 5063 1776 5130 inde
1800 5067 1885 5132 sunt
1911 5064 2006 5149 passi
2025 5083 2112 5150 qua·

274 5217 445 5303 draginta
468 5217 557 5284 duo:
583 5221 618 5285 et
634 5237 656 5286 a
673 5173 773 5304 parte
798 5218 1059 5302 septemtrionis
1082 5218 1152 5284 fine
1175 5216 1285 5302 ipsius
1309 5218 1416 5302 petri,
1443 5221 1528 5284 sunt
1553 5215 1637 5283 iude
1663 5177 1757 5301 passi
1783 5219 1976 5302 sexaginta
2000 5217 2113 5304 quad·

270 5375 349 5434 tuor
382 5373 423 5434 et
441 5367 615 5454 appiegad
642 5366 680 5434 in
704 5369 822 5455 capite
845 5371 947 5454 quasi
971 5368 1096 5456 gaida3
1121 5368 1220 5453 pecia
1244 5370 1312 5437 ista
1334 5369 1376 5435 de
1400 5371 1498 5436 terra
1521 5386 1583 5454 per
1609 5367 1794 5440 iamdictas
1817 5369 1906 5436 fines
1923 5376 1958 5438 et
1976 5390 2117 5440 mensu-

273 5538 344 5614 ras,
369 5509 432 5606 pro
456 5523 585 5605 quibus
608 5523 701 5587 sorte
726 5539 805 5588 mea
820 5520 862 5588 de
879 5523 956 5606 ipsa
980 5523 1224 5606 pastenatione
1248 5519 1356 5590 etiam
1381 5521 1474 5606 misi,
1501 5521 1560 5588 ille
1585 5521 1674 5616 mihi
1699 5521 1852 5590 tradidit
1877 5543 1956 5590 cum
1981 5525 2055 5591 vice
2068 5523 2111 5590 de

274 5675 332 5743 via
355 5675 401 5743 ad
424 5675 580 5742 cisterna
604 5673 746 5741 illorum
770 5692 944 5742 conmuue
968 5693 1030 5760 per
1055 5674 1140 5759 pede
1163 5675 1206 5742 de
1222 5673 1290 5741 ista
1307 5675 1407 5740 rebus
1430 5693 1511 5804 epm
1538 5693 1678 5762 vasum,
1696 5695 1802 5762 quem
1822 5695 1899 5744 omo
1917 5682 2011 5764 potet
2034 5697 2112 5765 por·

265 5834 348 5897 tare
369 5830 410 5896 in
431 5831 597 5898 manibus
620 5827 674 5896 vel
690 5830 728 5895 in
745 5845 878 5905 umero,
904 5845 999 5912 aqua
1023 5827 1104 5904 inde
1127 5825 1337 5896 auriendum
1361 5827 1455 5894 iusta
1479 5827 1723 5914 rationem,et
1740 5831 1954 5913 portandum
1970 5829 2015 5899 ad
2033 5831 2112 5916 ipsa
