<?xml version="1.0" encoding="UTF-8"?>
<!DOCTYPE html PUBLIC "-//W3C//DTD XHTML 1.0 Transitional//EN"
    "http://www.w3.org/TR/xhtml1/DTD/xhtml1-transitional.dtd">
<html xmlns="http://www.w3.org/1999/xhtml" xml:lang="en" lang="en">
 <head>
  <title>
</title>
<meta http-equiv="Content-Type" content="text/html;charset=utf-8" />
  <meta name='ocr-system' content='tesseract 3.04.00' />
  <meta name='ocr-capabilities' content='ocr_page ocr_carea ocr_par ocr_line ocrx_word'/>
</head>
<body>
  <div class='ocr_page' id='page_1' title='image "./codexdiplomatic04aragoog_0192.png"; bbox 0 0 5456 7096; ppageno 0'>
   <div class='ocr_carea' id='block_1_1' title="bbox 626 527 1775 606">
    <p class='ocr_par' dir='ltr' id='par_1_1' title="bbox 626 527 1775 606">
     <span class='ocr_line' id='line_1_1' title="bbox 626 527 1775 606; baseline -0.004 -1"><span class='ocrx_word' id='word_1_1' title='bbox 626 532 694 605; x_wconf 74' lang='lat'>152</span> <span class='ocrx_word' id='word_1_2' title='bbox 1300 531 1476 606; x_wconf 83' lang='lat' dir='ltr'>CODEX</span> <span class='ocrx_word' id='word_1_3' title='bbox 1509 527 1775 606; x_wconf 77' lang='lat' dir='ltr'><strong>GAVENSIS</strong></span> 
     </span>
    </p>
   </div>
   <div class='ocr_carea' id='block_1_2' title="bbox 532 735 2424 2526">
    <p class='ocr_par' dir='ltr' id='par_1_2' title="bbox 532 735 2424 2526">
     <span class='ocr_line' id='line_1_2' title="bbox 578 735 2420 850; baseline -0.017 -17"><span class='ocrx_word' id='word_1_4' title='bbox 578 780 644 833; x_wconf 87' lang='lat' dir='ltr'>nes</span> <span class='ocrx_word' id='word_1_5' title='bbox 679 763 839 832; x_wconf 84' lang='lat' dir='ltr'>homines</span> <span class='ocrx_word' id='word_1_6' title='bbox 874 762 1067 850; x_wconf 89' lang='lat' dir='ltr'>homniqne</span> <span class='ocrx_word' id='word_1_7' title='bbox 1090 759 1278 848; x_wconf 83' lang='lat' dir='ltr'>partibus3</span> <span class='ocrx_word' id='word_1_8' title='bbox 1300 763 1337 828; x_wconf 90' lang='lat' dir='ltr'>ot</span> <span class='ocrx_word' id='word_1_9' title='bbox 1358 755 1498 846; x_wconf 90' lang='lat' dir='ltr'>quando</span> <span class='ocrx_word' id='word_1_10' title='bbox 1521 772 1583 842; x_wconf 88' lang='lat' dir='ltr'>per</span> <span class='ocrx_word' id='word_1_11' title='bbox 1606 757 1640 822; x_wconf 89' lang='lat' dir='ltr'>te</span> <span class='ocrx_word' id='word_1_12' title='bbox 1662 748 1848 820; x_wconf 82' lang='lat' dir='ltr'>volueritis</span> <span class='ocrx_word' id='word_1_13' title='bbox 1870 746 1953 815; x_wconf 91' lang='lat' dir='ltr'>inde</span> <span class='ocrx_word' id='word_1_14' title='bbox 1976 761 2052 813; x_wconf 86' lang='lat' dir='ltr'>esse</span> <span class='ocrx_word' id='word_1_15' title='bbox 2074 743 2221 811; x_wconf 84' lang='lat' dir='ltr'>auctore</span> <span class='ocrx_word' id='word_1_16' title='bbox 2243 742 2280 808; x_wconf 91' lang='lat' dir='ltr'>et</span> <span class='ocrx_word' id='word_1_17' title='bbox 2301 735 2420 806; x_wconf 83' lang='lat' dir='ltr'>delen·</span> 
     </span>
     <span class='ocr_line' id='line_1_3' title="bbox 575 890 2419 1002; baseline -0.014 -20"><span class='ocrx_word' id='word_1_18' title='bbox 575 933 705 1002; x_wconf 86' lang='lat' dir='ltr'>sorem,</span> <span class='ocrx_word' id='word_1_19' title='bbox 731 933 812 983; x_wconf 92' lang='lat' dir='ltr'>cum</span> <span class='ocrx_word' id='word_1_20' title='bbox 836 915 906 983; x_wconf 83' lang='lat' dir='ltr'>isla</span> <span class='ocrx_word' id='word_1_21' title='bbox 928 911 1068 983; x_wconf 84' lang='lat' dir='ltr'>cartula</span> <span class='ocrx_word' id='word_1_22' title='bbox 1091 915 1127 983; x_wconf 88' lang='lat' dir='ltr'>et</span> <span class='ocrx_word' id='word_1_23' title='bbox 1150 929 1228 980; x_wconf 92' lang='lat' dir='ltr'>cum</span> <span class='ocrx_word' id='word_1_24' title='bbox 1251 911 1357 998; x_wconf 88' lang='lat' dir='ltr'>quale</span> <span class='ocrx_word' id='word_1_25' title='bbox 1381 908 1455 978; x_wconf 90' lang='lat' dir='ltr'>alia</span> <span class='ocrx_word' id='word_1_26' title='bbox 1471 908 1649 974; x_wconf 88' lang='lat' dir='ltr'>monimen</span> <span class='ocrx_word' id='word_1_27' title='bbox 1665 907 1702 973; x_wconf 90' lang='lat' dir='ltr'>et</span> <span class='ocrx_word' id='word_1_28' title='bbox 1718 901 1871 987; x_wconf 86' lang='lat' dir='ltr'>ratione,</span> <span class='ocrx_word' id='word_1_29' title='bbox 1887 917 1978 985; x_wconf 88' lang='lat' dir='ltr'>quas</span> <span class='ocrx_word' id='word_1_30' title='bbox 1994 895 2078 965; x_wconf 89' lang='lat' dir='ltr'>inde</span> <span class='ocrx_word' id='word_1_31' title='bbox 2094 897 2201 964; x_wconf 85' lang='lat' dir='ltr'>abere</span> <span class='ocrx_word' id='word_1_32' title='bbox 2216 890 2419 978; x_wconf 86' lang='lat' dir='ltr'>potueritis,</span> 
     </span>
     <span class='ocr_line' id='line_1_4' title="bbox 575 1039 2422 1149; baseline -0.015 -14"><span class='ocrx_word' id='word_1_33' title='bbox 575 1069 614 1136; x_wconf 92' lang='lat' dir='ltr'>in</span> <span class='ocrx_word' id='word_1_34' title='bbox 638 1066 803 1135; x_wconf 90' lang='lat' dir='ltr'>omnibus</span> <span class='ocrx_word' id='word_1_35' title='bbox 827 1065 908 1134; x_wconf 90' lang='lat' dir='ltr'>inde</span> <span class='ocrx_word' id='word_1_36' title='bbox 932 1081 1083 1134; x_wconf 82' lang='lat' dir='ltr'><strong>causare</strong></span> <span class='ocrx_word' id='word_1_37' title='bbox 1105 1068 1142 1132; x_wconf 89' lang='lat' dir='ltr'>et</span> <span class='ocrx_word' id='word_1_38' title='bbox 1164 1065 1234 1130; x_wconf 86' lang='lat' dir='ltr'>fine</span> <span class='ocrx_word' id='word_1_39' title='bbox 1258 1063 1387 1149; x_wconf 86' lang='lat' dir='ltr'>lacere,</span> <span class='ocrx_word' id='word_1_40' title='bbox 1411 1063 1504 1128; x_wconf 85' lang='lat' dir='ltr'>sicut</span> <span class='ocrx_word' id='word_1_41' title='bbox 1526 1056 1650 1145; x_wconf 87' lang='lat' dir='ltr'>vultis,</span> <span class='ocrx_word' id='word_1_42' title='bbox 1674 1052 1765 1143; x_wconf 92' lang='lat' dir='ltr'>quod</span> <span class='ocrx_word' id='word_1_43' title='bbox 1789 1056 1819 1120; x_wconf 89' lang='lat' dir='ltr'>si</span> <span class='ocrx_word' id='word_1_44' title='bbox 1840 1043 1965 1118; x_wconf 86' lang='lat' dir='ltr'>omnia</span> <span class='ocrx_word' id='word_1_45' title='bbox 1988 1046 2235 1134; x_wconf 87' lang='lat' dir='ltr'>suprascripta</span> <span class='ocrx_word' id='word_1_46' title='bbox 2251 1039 2334 1110; x_wconf 93' lang='lat' dir='ltr'>illut</span> <span class='ocrx_word' id='word_1_47' title='bbox 2355 1043 2422 1109; x_wconf 85' lang='lat' dir='ltr'>tivi</span> 
     </span>
     <span class='ocr_line' id='line_1_5' title="bbox 578 1194 2418 1307; baseline -0.015 -18"><span class='ocrx_word' id='word_1_48' title='bbox 578 1220 702 1307; x_wconf 91' lang='lat' dir='ltr'>tuique</span> <span class='ocrx_word' id='word_1_49' title='bbox 724 1219 915 1289; x_wconf 82' lang='lat' dir='ltr'><strong>heredibus</strong></span> <span class='ocrx_word' id='word_1_50' title='bbox 938 1235 1010 1286; x_wconf 89' lang='lat' dir='ltr'>non</span> <span class='ocrx_word' id='word_1_51' title='bbox 1034 1215 1360 1302; x_wconf 82' lang='lat' dir='ltr'>defensanerimus‚</span> <span class='ocrx_word' id='word_1_52' title='bbox 1385 1219 1448 1283; x_wconf 90' lang='lat' dir='ltr'>aut</span> <span class='ocrx_word' id='word_1_53' title='bbox 1471 1212 1501 1281; x_wconf 90' lang='lat' dir='ltr'>si</span> <span class='ocrx_word' id='word_1_54' title='bbox 1523 1228 1590 1300; x_wconf 83' lang='lat' dir='ltr'>ego</span> <span class='ocrx_word' id='word_1_55' title='bbox 1614 1209 1667 1278; x_wconf 93' lang='lat' dir='ltr'>vel</span> <span class='ocrx_word' id='word_1_56' title='bbox 1693 1209 1781 1276; x_wconf 88' lang='lat' dir='ltr'>meis</span> <span class='ocrx_word' id='word_1_57' title='bbox 1804 1204 1994 1274; x_wconf 84' lang='lat' dir='ltr'>heredibus</span> <span class='ocrx_word' id='word_1_58' title='bbox 2017 1198 2098 1268; x_wconf 91' lang='lat' dir='ltr'>illut</span> <span class='ocrx_word' id='word_1_59' title='bbox 2122 1197 2175 1264; x_wconf 87' lang='lat' dir='ltr'>vel</span> <span class='ocrx_word' id='word_1_60' title='bbox 2198 1195 2329 1264; x_wconf 83' lang='lat' dir='ltr'>exinde</span> <span class='ocrx_word' id='word_1_61' title='bbox 2352 1194 2418 1264; x_wconf 82' lang='lat' dir='ltr'>tivi</span> 
     </span>
     <span class='ocr_line' id='line_1_6' title="bbox 575 1350 2421 1462; baseline -0.013 -22"><span class='ocrx_word' id='word_1_62' title='bbox 575 1375 700 1462; x_wconf 85' lang='lat' dir='ltr'>tuique</span> <span class='ocrx_word' id='word_1_63' title='bbox 724 1373 915 1441; x_wconf 83' lang='lat' dir='ltr'>heredibus</span> <span class='ocrx_word' id='word_1_64' title='bbox 937 1370 1060 1441; x_wconf 89' lang='lat' dir='ltr'>tollere</span> <span class='ocrx_word' id='word_1_65' title='bbox 1083 1374 1147 1438; x_wconf 92' lang='lat' dir='ltr'>aut</span> <span class='ocrx_word' id='word_1_66' title='bbox 1169 1372 1336 1438; x_wconf 89' lang='lat' dir='ltr'>contrare</span> <span class='ocrx_word' id='word_1_67' title='bbox 1368 1363 1616 1453; x_wconf 74' lang='lat' dir='ltr'>quesierimuS,</span> <span class='ocrx_word' id='word_1_68' title='bbox 1647 1360 1969 1448; x_wconf 87' lang='lat' dir='ltr'>quomodocumque</span> <span class='ocrx_word' id='word_1_69' title='bbox 1993 1371 2056 1441; x_wconf 91' lang='lat' dir='ltr'>per</span> <span class='ocrx_word' id='word_1_70' title='bbox 2079 1350 2337 1439; x_wconf 81' lang='lat' dir='ltr'>qualecumque</span> <span class='ocrx_word' id='word_1_71' title='bbox 2361 1365 2421 1416; x_wconf 88' lang='lat' dir='ltr'>ra·</span> 
     </span>
     <span class='ocr_line' id='line_1_7' title="bbox 574 1493 2423 1615; baseline -0.014 -21"><span class='ocrx_word' id='word_1_72' title='bbox 574 1526 694 1615; x_wconf 89' lang='lat' dir='ltr'>tione,</span> <span class='ocrx_word' id='word_1_73' title='bbox 718 1527 797 1596; x_wconf 92' lang='lat' dir='ltr'>ideo</span> <span class='ocrx_word' id='word_1_74' title='bbox 818 1545 881 1613; x_wconf 91' lang='lat' dir='ltr'>per</span> <span class='ocrx_word' id='word_1_75' title='bbox 905 1525 1112 1613; x_wconf 84' lang='lat' dir='ltr'>supradicta</span> <span class='ocrx_word' id='word_1_76' title='bbox 1133 1522 1267 1612; x_wconf 80' lang='lat' dir='ltr'>guadio</span> <span class='ocrx_word' id='word_1_77' title='bbox 1290 1520 1408 1608; x_wconf 82' lang='lat' dir='ltr'>obligo</span> <span class='ocrx_word' id='word_1_78' title='bbox 1431 1536 1486 1586; x_wconf 90' lang='lat' dir='ltr'>me</span> <span class='ocrx_word' id='word_1_79' title='bbox 1509 1521 1545 1585; x_wconf 87' lang='lat' dir='ltr'>et</span> <span class='ocrx_word' id='word_1_80' title='bbox 1568 1493 1656 1584; x_wconf 90' lang='lat' dir='ltr'>meis</span> <span class='ocrx_word' id='word_1_81' title='bbox 1676 1512 1867 1581; x_wconf 88' lang='lat' dir='ltr'>heredibus</span> <span class='ocrx_word' id='word_1_82' title='bbox 1889 1508 1935 1580; x_wconf 87' lang='lat' dir='ltr'>ad</span> <span class='ocrx_word' id='word_1_83' title='bbox 1958 1504 2235 1594; x_wconf 90' lang='lat' dir='ltr'>componendum</span> <span class='ocrx_word' id='word_1_84' title='bbox 2259 1503 2327 1572; x_wconf 82' lang='lat' dir='ltr'>tiri</span> <span class='ocrx_word' id='word_1_85' title='bbox 2351 1501 2423 1570; x_wconf 88' lang='lat' dir='ltr'>tui·</span> 
     </span>
     <span class='ocr_line' id='line_1_8' title="bbox 573 1655 2422 1765; baseline -0.014 -17"><span class='ocrx_word' id='word_1_86' title='bbox 573 1698 642 1765; x_wconf 90' lang='lat' dir='ltr'>que</span> <span class='ocrx_word' id='word_1_87' title='bbox 676 1678 867 1747; x_wconf 82' lang='lat' dir='ltr'>heredibus</span> <span class='ocrx_word' id='word_1_88' title='bbox 900 1677 1055 1765; x_wconf 83' lang='lat' dir='ltr'>triginta</span> <span class='ocrx_word' id='word_1_89' title='bbox 1090 1677 1172 1746; x_wconf 86' lang='lat' dir='ltr'>auri</span> <span class='ocrx_word' id='word_1_90' title='bbox 1207 1672 1336 1742; x_wconf 90' lang='lat' dir='ltr'>solidos</span> <span class='ocrx_word' id='word_1_91' title='bbox 1359 1670 1602 1740; x_wconf 88' lang='lat' dir='ltr'>constantinos</span> <span class='ocrx_word' id='word_1_92' title='bbox 1625 1670 1663 1733; x_wconf 89' lang='lat' dir='ltr'>et</span> <span class='ocrx_word' id='word_1_93' title='bbox 1685 1663 1807 1732; x_wconf 87' lang='lat' dir='ltr'>omnia</span> <span class='ocrx_word' id='word_1_94' title='bbox 1830 1663 2073 1749; x_wconf 85' lang='lat' dir='ltr'>suprascripta</span> <span class='ocrx_word' id='word_1_95' title='bbox 2102 1659 2185 1725; x_wconf 91' lang='lat' dir='ltr'>illut</span> <span class='ocrx_word' id='word_1_96' title='bbox 2206 1655 2270 1725; x_wconf 90' lang='lat' dir='ltr'>tivi</span> <span class='ocrx_word' id='word_1_97' title='bbox 2296 1655 2422 1743; x_wconf 90' lang='lat' dir='ltr'>tuique</span> 
     </span>
     <span class='ocr_line' id='line_1_9' title="bbox 573 1810 2424 1916; baseline -0.012 -17"><span class='ocrx_word' id='word_1_98' title='bbox 573 1829 764 1899; x_wconf 86' lang='lat' dir='ltr'>heredibus</span> <span class='ocrx_word' id='word_1_99' title='bbox 787 1827 1057 1916; x_wconf 83' lang='lat' dir='ltr'>adimpleamus,</span> <span class='ocrx_word' id='word_1_100' title='bbox 1081 1846 1163 1895; x_wconf 90' lang='lat' dir='ltr'>cum</span> <span class='ocrx_word' id='word_1_101' title='bbox 1186 1825 1306 1894; x_wconf 88' lang='lat' dir='ltr'>omnia</span> <span class='ocrx_word' id='word_1_102' title='bbox 1331 1827 1425 1892; x_wconf 88' lang='lat' dir='ltr'>intro</span> <span class='ocrx_word' id='word_1_103' title='bbox 1447 1839 1485 1890; x_wconf 88' lang='lat' dir='ltr'>se</span> <span class='ocrx_word' id='word_1_104' title='bbox 1500 1817 1687 1888; x_wconf 90' lang='lat' dir='ltr'>abentibus</span> <span class='ocrx_word' id='word_1_105' title='bbox 1704 1815 1936 1901; x_wconf 89' lang='lat' dir='ltr'>omnibusque</span> <span class='ocrx_word' id='word_1_106' title='bbox 1953 1811 2030 1880; x_wconf 90' lang='lat' dir='ltr'>suis</span> <span class='ocrx_word' id='word_1_107' title='bbox 2043 1810 2275 1898; x_wconf 87' lang='lat' dir='ltr'>pertinentiis</span> <span class='ocrx_word' id='word_1_108' title='bbox 2289 1813 2325 1879; x_wconf 92' lang='lat' dir='ltr'>et</span> <span class='ocrx_word' id='word_1_109' title='bbox 2341 1827 2424 1878; x_wconf 89' lang='lat' dir='ltr'>cum</span> 
     </span>
     <span class='ocr_line' id='line_1_10' title="bbox 577 1961 2424 2066; baseline -0.01 -18"><span class='ocrx_word' id='word_1_110' title='bbox 577 1981 655 2050; x_wconf 87' lang='lat' dir='ltr'>vice</span> <span class='ocrx_word' id='word_1_111' title='bbox 678 1981 723 2050; x_wconf 87' lang='lat' dir='ltr'>de</span> <span class='ocrx_word' id='word_1_112' title='bbox 746 1982 805 2048; x_wconf 89' lang='lat' dir='ltr'>via</span> <span class='ocrx_word' id='word_1_113' title='bbox 828 1999 907 2066; x_wconf 89' lang='lat' dir='ltr'>sua,</span> <span class='ocrx_word' id='word_1_114' title='bbox 931 1998 994 2065; x_wconf 91' lang='lat' dir='ltr'>per</span> <span class='ocrx_word' id='word_1_115' title='bbox 1017 1978 1222 2064; x_wconf 90' lang='lat' dir='ltr'>supradicta</span> <span class='ocrx_word' id='word_1_116' title='bbox 1246 1974 1380 2062; x_wconf 82' lang='lat' dir='ltr'>guadio</span> <span class='ocrx_word' id='word_1_117' title='bbox 1402 1977 1439 2041; x_wconf 91' lang='lat' dir='ltr'>et</span> <span class='ocrx_word' id='word_1_118' title='bbox 1461 1970 1621 2056; x_wconf 84' lang='lat' dir='ltr'>obligata</span> <span class='ocrx_word' id='word_1_119' title='bbox 1643 1987 1749 2056; x_wconf 89' lang='lat' dir='ltr'>pena,</span> <span class='ocrx_word' id='word_1_120' title='bbox 1772 1985 1882 2053; x_wconf 89' lang='lat' dir='ltr'>quam</span> <span class='ocrx_word' id='word_1_121' title='bbox 1907 1971 1943 2036; x_wconf 90' lang='lat' dir='ltr'>ta</span> <span class='ocrx_word' id='word_1_122' title='bbox 1960 1967 2134 2034; x_wconf 89' lang='lat' dir='ltr'>iohannes</span> <span class='ocrx_word' id='word_1_123' title='bbox 2156 1964 2319 2033; x_wconf 89' lang='lat' dir='ltr'>notarius</span> <span class='ocrx_word' id='word_1_124' title='bbox 2336 1961 2424 2033; x_wconf 88' lang='lat' dir='ltr'>scri·</span> 
     </span>
     <span class='ocr_line' id='line_1_11' title="bbox 579 2131 1228 2220; baseline -0.014 -17"><span class='ocrx_word' id='word_1_125' title='bbox 579 2135 662 2203; x_wconf 90' lang='lat' dir='ltr'>bere</span> <span class='ocrx_word' id='word_1_126' title='bbox 685 2133 902 2220; x_wconf 83' lang='lat' dir='ltr'>rogavimus,</span> <span class='ocrx_word' id='word_1_127' title='bbox 926 2135 1045 2200; x_wconf 88' lang='lat' dir='ltr'>actum</span> <span class='ocrx_word' id='word_1_128' title='bbox 1069 2131 1228 2199; x_wconf 83' lang='lat' dir='ltr'>nuceria.</span> 
     </span>
     <span class='ocr_line' id='line_1_12' title="bbox 625 2257 932 2374; baseline -0.01 -19"><span class='ocrx_word' id='word_1_129' title='bbox 625 2257 656 2372; x_wconf 93' lang='lat'>†</span> <span class='ocrx_word' id='word_1_130' title='bbox 681 2289 755 2374; x_wconf 83' lang='lat' dir='ltr'>Ego</span> <span class='ocrx_word' id='word_1_131' title='bbox 779 2289 932 2354; x_wconf 79' lang='lat' dir='ltr'>amatus</span> 
     </span>
     <span class='ocr_line' id='line_1_13' title="bbox 532 2409 967 2526; baseline -0.005 -21"><span class='ocrx_word' id='word_1_132' title='bbox 532 2457 539 2470; x_wconf 94' lang='lat'><strong>·</strong></span> <span class='ocrx_word' id='word_1_133' title='bbox 623 2409 653 2526; x_wconf 94' lang='lat'>†</span> <span class='ocrx_word' id='word_1_134' title='bbox 677 2440 752 2526; x_wconf 82' lang='lat' dir='ltr'>Ego</span> <span class='ocrx_word' id='word_1_135' title='bbox 780 2439 967 2506; x_wconf 89' lang='lat' dir='ltr'>iohannes.</span> 
     </span>
    </p>
   </div>
   <div class='ocr_carea' id='block_1_3' title="bbox 1285 2681 1706 2700">
    <p class='ocr_par' dir='ltr' id='par_1_3' title="bbox 1285 2681 1706 2700">
     <span class='ocr_line' id='line_1_14' title="bbox 1285 2681 1706 2700; baseline 0.01 -4"><span class='ocrx_word' id='word_1_136' title='bbox 1285 2681 1706 2700; x_wconf 54' lang='lat' dir='ltr'>-n—-ffl</span> 
     </span>
    </p>
   </div>
   <div class='ocr_carea' id='block_1_4' title="bbox 1342 2981 1664 3066">
    <p class='ocr_par' dir='ltr' id='par_1_4' title="bbox 1342 2981 1664 3066">
     <span class='ocr_line' id='line_1_15' title="bbox 1342 2981 1664 3066; baseline -0.025 -2"><span class='ocrx_word' id='word_1_137' title='bbox 1342 2981 1664 3066; x_wconf 83' lang='lat' dir='ltr'>CMLXXII.</span> 
     </span>
    </p>
   </div>
   <div class='ocr_carea' id='block_1_5' title="bbox 1316 3227 1648 3319">
    <p class='ocr_par' dir='ltr' id='par_1_5' title="bbox 1316 3227 1648 3319">
     <span class='ocr_line' id='line_1_16' title="bbox 1316 3227 1648 3319; baseline -0.015 0"><span class='ocrx_word' id='word_1_138' title='bbox 1316 3227 1319 3234; x_wconf 41' lang='lat'>¹</span> <span class='ocrx_word' id='word_1_139' title='bbox 1352 3245 1410 3319; x_wconf 92' lang='lat' dir='ltr'>A.</span> <span class='ocrx_word' id='word_1_140' title='bbox 1439 3243 1494 3316; x_wconf 92' lang='lat' dir='ltr'>D.</span> <span class='ocrx_word' id='word_1_141' title='bbox 1523 3243 1648 3318; x_wconf 87' lang='grc'><strong>1041.</strong></span> 
     </span>
    </p>
   </div>
   <div class='ocr_carea' id='block_1_6' title="bbox 623 3451 2424 3592">
    <p class='ocr_par' dir='ltr' id='par_1_6' title="bbox 623 3451 2424 3592">
     <span class='ocr_line' id='line_1_17' title="bbox 623 3451 2424 3592; baseline 0.001 -22"><span class='ocrx_word' id='word_1_142' title='bbox 623 3451 658 3592; x_wconf 83' lang='lat'>†</span> <span class='ocrx_word' id='word_1_143' title='bbox 683 3505 722 3570; x_wconf 92' lang='lat' dir='ltr'>ln</span> <span class='ocrx_word' id='word_1_144' title='bbox 746 3507 888 3572; x_wconf 88' lang='lat' dir='ltr'>nomine</span> <span class='ocrx_word' id='word_1_145' title='bbox 911 3501 1042 3570; x_wconf 90' lang='lat' dir='ltr'>domini</span> <span class='ocrx_word' id='word_1_146' title='bbox 1068 3500 1234 3570; x_wconf 86' lang='lat' dir='ltr'>vicesimo</span> <span class='ocrx_word' id='word_1_147' title='bbox 1256 3500 1363 3568; x_wconf 89' lang='lat' dir='ltr'>tertio</span> <span class='ocrx_word' id='word_1_148' title='bbox 1385 3517 1482 3568; x_wconf 89' lang='lat' dir='ltr'>anno</span> <span class='ocrx_word' id='word_1_149' title='bbox 1505 3499 1723 3586; x_wconf 85' lang='lat' dir='ltr'>principatus</span> <span class='ocrx_word' id='word_1_150' title='bbox 1747 3499 1881 3569; x_wconf 90' lang='lat' dir='ltr'>salerni</span> <span class='ocrx_word' id='word_1_151' title='bbox 1906 3497 2024 3568; x_wconf 92' lang='lat' dir='ltr'>domni</span> <span class='ocrx_word' id='word_1_152' title='bbox 2046 3501 2159 3569; x_wconf 85' lang='lat' dir='ltr'>nostri</span> <span class='ocrx_word' id='word_1_153' title='bbox 2175 3502 2368 3588; x_wconf 86' lang='lat' dir='ltr'>guaimari,</span> <span class='ocrx_word' id='word_1_154' title='bbox 2387 3503 2424 3572; x_wconf 89' lang='lat' dir='ltr'>el</span> 
     </span>
    </p>
   </div>
   <div class='ocr_carea' id='block_1_7' title="bbox 574 3650 2428 4800">
    <p class='ocr_par' dir='ltr' id='par_1_7' title="bbox 574 3650 2428 4800">
     <span class='ocr_line' id='line_1_18' title="bbox 576 3650 2428 3741; baseline -0.001 -17"><span class='ocrx_word' id='word_1_155' title='bbox 576 3657 683 3726; x_wconf 87' lang='lat' dir='ltr'>tertio</span> <span class='ocrx_word' id='word_1_156' title='bbox 721 3671 817 3724; x_wconf 88' lang='lat' dir='ltr'>anno</span> <span class='ocrx_word' id='word_1_157' title='bbox 840 3655 1065 3741; x_wconf 83' lang='lat' dir='ltr'>principatus</span> <span class='ocrx_word' id='word_1_158' title='bbox 1088 3653 1165 3720; x_wconf 88' lang='lat' dir='ltr'>eius</span> <span class='ocrx_word' id='word_1_159' title='bbox 1187 3669 1328 3738; x_wconf 88' lang='lat' dir='ltr'>capua,</span> <span class='ocrx_word' id='word_1_160' title='bbox 1352 3668 1460 3735; x_wconf 90' lang='lat' dir='ltr'>quam</span> <span class='ocrx_word' id='word_1_161' title='bbox 1482 3653 1518 3718; x_wconf 89' lang='lat' dir='ltr'>et</span> <span class='ocrx_word' id='word_1_162' title='bbox 1540 3650 1693 3718; x_wconf 89' lang='lat' dir='ltr'>secundo</span> <span class='ocrx_word' id='word_1_163' title='bbox 1716 3668 1812 3718; x_wconf 91' lang='lat' dir='ltr'>anno</span> <span class='ocrx_word' id='word_1_164' title='bbox 1836 3650 1989 3719; x_wconf 89' lang='lat' dir='ltr'>ducatus</span> <span class='ocrx_word' id='word_1_165' title='bbox 2013 3653 2109 3720; x_wconf 90' lang='lat' dir='ltr'>illius</span> <span class='ocrx_word' id='word_1_166' title='bbox 2144 3653 2265 3722; x_wconf 83' lang='lat' dir='ltr'>amalfi</span> <span class='ocrx_word' id='word_1_167' title='bbox 2288 3657 2325 3722; x_wconf 87' lang='lat' dir='ltr'>et</span> <span class='ocrx_word' id='word_1_168' title='bbox 2347 3671 2428 3740; x_wconf 78' lang='lat' dir='ltr'>sur-</span> 
     </span>
     <span class='ocr_line' id='line_1_19' title="bbox 578 3799 2425 3893; baseline 0 -18"><span class='ocrx_word' id='word_1_169' title='bbox 578 3811 735 3891; x_wconf 82' lang='lat' dir='ltr'>rentum,</span> <span class='ocrx_word' id='word_1_170' title='bbox 753 3805 906 3893; x_wconf 83' lang='lat' dir='ltr'>glorioso</span> <span class='ocrx_word' id='word_1_171' title='bbox 919 3805 1098 3892; x_wconf 87' lang='lat' dir='ltr'>princeps,</span> <span class='ocrx_word' id='word_1_172' title='bbox 1111 3821 1210 3871; x_wconf 90' lang='lat' dir='ltr'>mens</span> <span class='ocrx_word' id='word_1_173' title='bbox 1222 3803 1364 3888; x_wconf 88' lang='lat' dir='ltr'>martio,</span> <span class='ocrx_word' id='word_1_174' title='bbox 1378 3818 1474 3869; x_wconf 89' lang='lat' dir='ltr'>nona</span> <span class='ocrx_word' id='word_1_175' title='bbox 1486 3799 1692 3868; x_wconf 90' lang='lat' dir='ltr'>indictione.</span> <span class='ocrx_word' id='word_1_176' title='bbox 1707 3799 1854 3888; x_wconf 86' lang='lat' dir='ltr'>Ideoque</span> <span class='ocrx_word' id='word_1_177' title='bbox 1868 3820 1943 3889; x_wconf 86' lang='lat' dir='ltr'>nos,</span> <span class='ocrx_word' id='word_1_178' title='bbox 1959 3803 1971 3868; x_wconf 93' lang='lat' dir='ltr'>i</span> <span class='ocrx_word' id='word_1_179' title='bbox 1985 3821 2106 3872; x_wconf 90' lang='lat' dir='ltr'>sumus</span> <span class='ocrx_word' id='word_1_180' title='bbox 2120 3807 2242 3891; x_wconf 86' lang='lat' dir='ltr'>petrus</span> <span class='ocrx_word' id='word_1_181' title='bbox 2255 3808 2290 3873; x_wconf 89' lang='lat' dir='ltr'>et</span> <span class='ocrx_word' id='word_1_182' title='bbox 2302 3807 2425 3877; x_wconf 86' lang='lat' dir='ltr'>iohan-</span> 
     </span>
     <span class='ocr_line' id='line_1_20' title="bbox 575 3949 2425 4047; baseline -0.001 -21"><span class='ocrx_word' id='word_1_183' title='bbox 575 3977 623 4027; x_wconf 92' lang='lat' dir='ltr'>ne</span> <span class='ocrx_word' id='word_1_184' title='bbox 636 3962 673 4025; x_wconf 90' lang='lat' dir='ltr'>et</span> <span class='ocrx_word' id='word_1_185' title='bbox 688 3957 859 4041; x_wconf 88' lang='lat' dir='ltr'>ademari,</span> <span class='ocrx_word' id='word_1_186' title='bbox 876 3953 1040 4041; x_wconf 82' lang='lat' dir='ltr'>germani</span> <span class='ocrx_word' id='word_1_187' title='bbox 1057 3953 1124 4021; x_wconf 83' lang='lat' dir='ltr'>dlii</span> <span class='ocrx_word' id='word_1_188' title='bbox 1141 3952 1318 4038; x_wconf 89' lang='lat' dir='ltr'>quondam</span> <span class='ocrx_word' id='word_1_189' title='bbox 1334 3950 1486 4019; x_wconf 80' lang='lat' dir='ltr'>moraldi</span> <span class='ocrx_word' id='word_1_190' title='bbox 1503 3949 1546 4017; x_wconf 89' lang='lat' dir='ltr'>de</span> <span class='ocrx_word' id='word_1_191' title='bbox 1564 3950 1677 4018; x_wconf 91' lang='lat' dir='ltr'>locum</span> <span class='ocrx_word' id='word_1_192' title='bbox 1693 3952 1864 4028; x_wconf 79' lang='lat' dir='ltr'>boccona,</span> <span class='ocrx_word' id='word_1_193' title='bbox 1882 3954 2134 4023; x_wconf 81' lang='lat' dir='ltr'>claresaoimus</span> <span class='ocrx_word' id='word_1_194' title='bbox 2149 3956 2326 4025; x_wconf 90' lang='lat' dir='ltr'>nominati</span> <span class='ocrx_word' id='word_1_195' title='bbox 2342 3977 2425 4047; x_wconf 86' lang='lat' dir='ltr'>ger-</span> 
     </span>
     <span class='ocr_line' id='line_1_21' title="bbox 577 4103 2417 4204; baseline 0.002 -30"><span class='ocrx_word' id='word_1_196' title='bbox 577 4109 691 4196; x_wconf 89' lang='lat' dir='ltr'>mani,</span> <span class='ocrx_word' id='word_1_197' title='bbox 704 4111 873 4204; x_wconf 88' lang='lat' dir='ltr'>quoniam</span> <span class='ocrx_word' id='word_1_198' title='bbox 885 4105 1118 4174; x_wconf 90' lang='lat' dir='ltr'>communiter</span> <span class='ocrx_word' id='word_1_199' title='bbox 1131 4106 1276 4173; x_wconf 87' lang='lat' dir='ltr'>abemus</span> <span class='ocrx_word' id='word_1_200' title='bbox 1288 4107 1325 4172; x_wconf 85' lang='lat' dir='ltr'>et</span> <span class='ocrx_word' id='word_1_201' title='bbox 1338 4103 1555 4190; x_wconf 88' lang='lat' dir='ltr'>possidemus</span> <span class='ocrx_word' id='word_1_202' title='bbox 1568 4105 1674 4172; x_wconf 91' lang='lat' dir='ltr'>rebus</span> <span class='ocrx_word' id='word_1_203' title='bbox 1686 4123 1766 4170; x_wconf 89' lang='lat' dir='ltr'>cum</span> <span class='ocrx_word' id='word_1_204' title='bbox 1779 4103 1937 4173; x_wconf 84' lang='lat' dir='ltr'>arbustis</span> <span class='ocrx_word' id='word_1_205' title='bbox 1948 4106 2075 4173; x_wconf 89' lang='lat' dir='ltr'>bitatis</span> <span class='ocrx_word' id='word_1_206' title='bbox 2089 4125 2207 4193; x_wconf 87' lang='lat' dir='ltr'>apars</span> <span class='ocrx_word' id='word_1_207' title='bbox 2220 4109 2417 4194; x_wconf 86' lang='lat' dir='ltr'>supradicti</span> 
     </span>
     <span class='ocr_line' id='line_1_22' title="bbox 578 4216 2424 4348; baseline 0.002 -21"><span class='ocrx_word' id='word_1_208' title='bbox 578 4259 734 4348; x_wconf 83' lang='lat' dir='ltr'>genitori</span> <span class='ocrx_word' id='word_1_209' title='bbox 758 4259 871 4328; x_wconf 87' lang='lat' dir='ltr'>nostri</span> <span class='ocrx_word' id='word_1_210' title='bbox 897 4263 932 4327; x_wconf 88' lang='lat' dir='ltr'>et</span> <span class='ocrx_word' id='word_1_211' title='bbox 955 4278 1017 4346; x_wconf 88' lang='lat' dir='ltr'>per</span> <span class='ocrx_word' id='word_1_212' title='bbox 1041 4259 1191 4346; x_wconf 84' lang='lat' dir='ltr'>gradum</span> <span class='ocrx_word' id='word_1_213' title='bbox 1215 4216 1405 4344; x_wconf 86' lang='lat' dir='ltr'>parentum</span> <span class='ocrx_word' id='word_1_214' title='bbox 1421 4261 1621 4325; x_wconf 90' lang='lat' dir='ltr'>nostrornm</span> <span class='ocrx_word' id='word_1_215' title='bbox 1645 4257 1684 4324; x_wconf 91' lang='lat' dir='ltr'>in</span> <span class='ocrx_word' id='word_1_216' title='bbox 1703 4255 1815 4325; x_wconf 92' lang='lat' dir='ltr'>locum</span> <span class='ocrx_word' id='word_1_217' title='bbox 1833 4260 1991 4344; x_wconf 86' lang='lat' dir='ltr'>nuceria,</span> <span class='ocrx_word' id='word_1_218' title='bbox 2016 4259 2076 4326; x_wconf 91' lang='lat' dir='ltr'>ubi</span> <span class='ocrx_word' id='word_1_219' title='bbox 2101 4258 2348 4330; x_wconf 86' lang='lat' dir='ltr'>floccanumet</span> <span class='ocrx_word' id='word_1_220' title='bbox 2365 4281 2424 4332; x_wconf 91' lang='lat' dir='ltr'>ca·</span> 
     </span>
     <span class='ocr_line' id='line_1_23' title="bbox 574 4407 2427 4498; baseline 0.002 -20"><span class='ocrx_word' id='word_1_221' title='bbox 574 4409 767 4480; x_wconf 86' lang='lat' dir='ltr'>tamaurici</span> <span class='ocrx_word' id='word_1_222' title='bbox 791 4411 938 4496; x_wconf 88' lang='lat' dir='ltr'>dicitur,</span> <span class='ocrx_word' id='word_1_223' title='bbox 963 4414 1000 4479; x_wconf 91' lang='lat' dir='ltr'>et</span> <span class='ocrx_word' id='word_1_224' title='bbox 1021 4428 1218 4498; x_wconf 82' lang='lat' dir='ltr'>congruum</span> <span class='ocrx_word' id='word_1_225' title='bbox 1234 4413 1288 4478; x_wconf 91' lang='lat' dir='ltr'>est</span> <span class='ocrx_word' id='word_1_226' title='bbox 1302 4410 1403 4477; x_wconf 90' lang='lat' dir='ltr'>nobis</span> <span class='ocrx_word' id='word_1_227' title='bbox 1419 4407 1500 4476; x_wconf 91' lang='lat' dir='ltr'>illut</span> <span class='ocrx_word' id='word_1_228' title='bbox 1515 4407 1645 4476; x_wconf 81' lang='lat' dir='ltr'>exinde</span> <span class='ocrx_word' id='word_1_229' title='bbox 1661 4407 1809 4476; x_wconf 90' lang='lat' dir='ltr'>bindore</span> <span class='ocrx_word' id='word_1_230' title='bbox 1826 4407 2046 4476; x_wconf 84' lang='lat' dir='ltr'>machenollo</span> <span class='ocrx_word' id='word_1_231' title='bbox 2062 4407 2136 4477; x_wconf 86' lang='lat' dir='ltr'>filio</span> <span class='ocrx_word' id='word_1_232' title='bbox 2151 4411 2330 4496; x_wconf 90' lang='lat' dir='ltr'>quondam</span> <span class='ocrx_word' id='word_1_233' title='bbox 2348 4431 2427 4483; x_wconf 91' lang='lat' dir='ltr'>ma·</span> 
     </span>
     <span class='ocr_line' id='line_1_24' title="bbox 576 4558 2422 4647; baseline 0.004 -21"><span class='ocrx_word' id='word_1_234' title='bbox 576 4558 756 4646; x_wconf 84' lang='lat' dir='ltr'>chenolll3</span> <span class='ocrx_word' id='word_1_235' title='bbox 781 4564 817 4629; x_wconf 89' lang='lat' dir='ltr'>et</span> <span class='ocrx_word' id='word_1_236' title='bbox 841 4560 918 4628; x_wconf 86' lang='lat' dir='ltr'>ideo</span> <span class='ocrx_word' id='word_1_237' title='bbox 941 4577 1005 4629; x_wconf 91' lang='lat' dir='ltr'>nos</span> <span class='ocrx_word' id='word_1_238' title='bbox 1028 4561 1269 4647; x_wconf 87' lang='lat' dir='ltr'>prenominati</span> <span class='ocrx_word' id='word_1_239' title='bbox 1292 4559 1457 4647; x_wconf 85' lang='lat' dir='ltr'>germani</span> <span class='ocrx_word' id='word_1_240' title='bbox 1479 4576 1568 4626; x_wconf 90' lang='lat' dir='ltr'>vone</span> <span class='ocrx_word' id='word_1_241' title='bbox 1591 4563 1711 4628; x_wconf 88' lang='lat' dir='ltr'>nostre</span> <span class='ocrx_word' id='word_1_242' title='bbox 1733 4559 1929 4630; x_wconf 87' lang='lat' dir='ltr'>voluntatis</span> <span class='ocrx_word' id='word_1_243' title='bbox 1945 4576 2093 4630; x_wconf 91' lang='lat' dir='ltr'>comune</span> <span class='ocrx_word' id='word_1_244' title='bbox 2109 4579 2318 4634; x_wconf 89' lang='lat' dir='ltr'>consensum</span> <span class='ocrx_word' id='word_1_245' title='bbox 2333 4569 2422 4635; x_wconf 89' lang='lat' dir='ltr'>aute</span> 
     </span>
     <span class='ocr_line' id='line_1_25' title="bbox 576 4710 2425 4800; baseline 0.004 -21"><span class='ocrx_word' id='word_1_246' title='bbox 576 4713 778 4798; x_wconf 81' lang='lat' dir='ltr'>subscripti.</span> <span class='ocrx_word' id='word_1_247' title='bbox 795 4717 903 4781; x_wconf 88' lang='lat' dir='ltr'>testes</span> <span class='ocrx_word' id='word_1_248' title='bbox 925 4732 987 4800; x_wconf 89' lang='lat' dir='ltr'>per</span> <span class='ocrx_word' id='word_1_249' title='bbox 1010 4731 1078 4783; x_wconf 87' lang='lat' dir='ltr'>auc</span> <span class='ocrx_word' id='word_1_250' title='bbox 1101 4712 1278 4782; x_wconf 89' lang='lat' dir='ltr'>carthlam</span> <span class='ocrx_word' id='word_1_251' title='bbox 1303 4710 1586 4780; x_wconf 84' lang='lat' dir='ltr'>benundcdimus</span> <span class='ocrx_word' id='word_1_252' title='bbox 1601 4715 1708 4798; x_wconf 86' lang='lat' dir='ltr'>atque</span> <span class='ocrx_word' id='word_1_253' title='bbox 1725 4711 1770 4780; x_wconf 92' lang='lat' dir='ltr'>ad</span> <span class='ocrx_word' id='word_1_254' title='bbox 1787 4730 1924 4799; x_wconf 89' lang='lat' dir='ltr'>semper</span> <span class='ocrx_word' id='word_1_255' title='bbox 1940 4713 2117 4783; x_wconf 76' lang='lat' dir='ltr'>abundum</span> <span class='ocrx_word' id='word_1_256' title='bbox 2133 4717 2425 4788; x_wconf 88' lang='lat' dir='ltr'>confirmabimus</span> 
     </span>
    </p>
   </div>
   <div class='ocr_carea' id='block_1_8' title="bbox 548 4863 2422 4952">
    <p class='ocr_par' dir='ltr' id='par_1_8' title="bbox 548 4863 2422 4952">
     <span class='ocr_line' id='line_1_26' title="bbox 548 4863 2422 4952; baseline 0.003 -18"><span class='ocrx_word' id='word_1_257' title='bbox 548 4937 551 4942; x_wconf 76' lang='grc'>,</span> <span class='ocrx_word' id='word_1_258' title='bbox 577 4865 644 4934; x_wconf 88' lang='lat' dir='ltr'>tibi</span> <span class='ocrx_word' id='word_1_259' title='bbox 668 4865 835 4934; x_wconf 90' lang='lat' dir='ltr'>iamdicto</span> <span class='ocrx_word' id='word_1_260' title='bbox 859 4863 1069 4934; x_wconf 87' lang='lat' dir='ltr'>machenolfi</span> <span class='ocrx_word' id='word_1_261' title='bbox 1091 4869 1167 4934; x_wconf 90' lang='lat' dir='ltr'>tota</span> <span class='ocrx_word' id='word_1_262' title='bbox 1190 4869 1225 4933; x_wconf 88' lang='lat' dir='ltr'>et</span> <span class='ocrx_word' id='word_1_263' title='bbox 1248 4864 1374 4932; x_wconf 88' lang='lat' dir='ltr'>inclita</span> <span class='ocrx_word' id='word_1_264' title='bbox 1397 4865 1476 4952; x_wconf 87' lang='lat' dir='ltr'>ipsa</span> <span class='ocrx_word' id='word_1_265' title='bbox 1500 4865 1669 4936; x_wconf 86' lang='lat' dir='ltr'>iamdicta</span> <span class='ocrx_word' id='word_1_266' title='bbox 1692 4866 1793 4952; x_wconf 85' lang='lat' dir='ltr'>pecta</span> <span class='ocrx_word' id='word_1_267' title='bbox 1816 4865 1858 4933; x_wconf 91' lang='lat' dir='ltr'>de</span> <span class='ocrx_word' id='word_1_268' title='bbox 1884 4864 2091 4936; x_wconf 79' lang='lat' dir='ltr'>iamdictam</span> <span class='ocrx_word' id='word_1_269' title='bbox 2106 4867 2223 4937; x_wconf 91' lang='lat' dir='ltr'>locum</span> <span class='ocrx_word' id='word_1_270' title='bbox 2240 4874 2422 4942; x_wconf 86' lang='lat' dir='ltr'>catarnau-</span> 
     </span>
    </p>
   </div>
   <div class='ocr_carea' id='block_1_9' title="bbox 577 5017 2558 5113">
    <p class='ocr_par' dir='ltr' id='par_1_9' title="bbox 577 5017 2558 5113">
     <span class='ocr_line' id='line_1_27' title="bbox 577 5017 2558 5113; baseline 0.006 -27"><span class='ocrx_word' id='word_1_271' title='bbox 577 5019 660 5107; x_wconf 88' lang='lat' dir='ltr'>rici,</span> <span class='ocrx_word' id='word_1_272' title='bbox 684 5018 746 5105; x_wconf 92' lang='lat' dir='ltr'>qui</span> <span class='ocrx_word' id='word_1_273' title='bbox 766 5023 820 5088; x_wconf 89' lang='lat' dir='ltr'>est</span> <span class='ocrx_word' id='word_1_274' title='bbox 842 5036 904 5105; x_wconf 90' lang='lat' dir='ltr'>per</span> <span class='ocrx_word' id='word_1_275' title='bbox 927 5035 968 5086; x_wconf 93' lang='lat' dir='ltr'>as</span> <span class='ocrx_word' id='word_1_276' title='bbox 990 5018 1062 5086; x_wconf 90' lang='lat' dir='ltr'>flue</span> <span class='ocrx_word' id='word_1_277' title='bbox 1084 5021 1120 5086; x_wconf 90' lang='lat' dir='ltr'>at</span> <span class='ocrx_word' id='word_1_278' title='bbox 1136 5017 1356 5085; x_wconf 86' lang='lat' dir='ltr'>mensurias:</span> <span class='ocrx_word' id='word_1_279' title='bbox 1373 5037 1396 5086; x_wconf 88' lang='lat' dir='ltr'>a</span> <span class='ocrx_word' id='word_1_280' title='bbox 1412 5035 1496 5106; x_wconf 90' lang='lat' dir='ltr'>pars</span> <span class='ocrx_word' id='word_1_281' title='bbox 1513 5020 1777 5106; x_wconf 90' lang='lat' dir='ltr'>septemtrionis</span> <span class='ocrx_word' id='word_1_282' title='bbox 1800 5019 1871 5088; x_wconf 89' lang='lat' dir='ltr'>flue</span> <span class='ocrx_word' id='word_1_283' title='bbox 1888 5023 2064 5110; x_wconf 87' lang='lat' dir='ltr'>maranci,</span> <span class='ocrx_word' id='word_1_284' title='bbox 2089 5023 2172 5092; x_wconf 88' lang='lat' dir='ltr'>inde</span> <span class='ocrx_word' id='word_1_285' title='bbox 2196 5024 2290 5110; x_wconf 81' lang='lat' dir='ltr'>passi</span> <span class='ocrx_word' id='word_1_286' title='bbox 2314 5025 2427 5113; x_wconf 87' lang='lat' dir='ltr'>quad·</span> <span class='ocrx_word' id='word_1_287' title='bbox 2552 5089 2558 5098; x_wconf 93' lang='lat'><strong><em>.</em></strong></span> 
     </span>
    </p>
   </div>
   <div class='ocr_carea' id='block_1_10' title="bbox 571 5169 2428 5875">
    <p class='ocr_par' dir='ltr' id='par_1_10' title="bbox 571 5169 2428 5875">
     <span class='ocr_line' id='line_1_28' title="bbox 578 5169 2428 5260; baseline 0.002 -22"><span class='ocrx_word' id='word_1_288' title='bbox 578 5174 662 5239; x_wconf 89' lang='lat' dir='ltr'>tuor</span> <span class='ocrx_word' id='word_1_289' title='bbox 687 5175 723 5238; x_wconf 89' lang='lat' dir='ltr'>st</span> <span class='ocrx_word' id='word_1_290' title='bbox 744 5169 872 5256; x_wconf 78' lang='lat' dir='ltr'>gubitu</span> <span class='ocrx_word' id='word_1_291' title='bbox 894 5187 1032 5238; x_wconf 89' lang='lat' dir='ltr'>unum:</span> <span class='ocrx_word' id='word_1_292' title='bbox 1056 5171 1103 5240; x_wconf 90' lang='lat' dir='ltr'>ab</span> <span class='ocrx_word' id='word_1_293' title='bbox 1124 5169 1305 5239; x_wconf 89' lang='lat' dir='ltr'>occidente</span> <span class='ocrx_word' id='word_1_294' title='bbox 1328 5171 1400 5240; x_wconf 85' lang='lat' dir='ltr'>flue</span> <span class='ocrx_word' id='word_1_295' title='bbox 1424 5169 1575 5239; x_wconf 92' lang='lat' dir='ltr'>maraldi</span> <span class='ocrx_word' id='word_1_296' title='bbox 1598 5173 1635 5240; x_wconf 90' lang='lat' dir='ltr'>et</span> <span class='ocrx_word' id='word_1_297' title='bbox 1657 5169 1701 5237; x_wconf 92' lang='lat' dir='ltr'>de</span> <span class='ocrx_word' id='word_1_298' title='bbox 1723 5171 1886 5255; x_wconf 85' lang='lat' dir='ltr'>germani</span> <span class='ocrx_word' id='word_1_299' title='bbox 1911 5171 1993 5258; x_wconf 89' lang='lat' dir='ltr'>sui,</span> <span class='ocrx_word' id='word_1_300' title='bbox 2028 5177 2113 5240; x_wconf 87' lang='lat' dir='ltr'>sunt</span> <span class='ocrx_word' id='word_1_301' title='bbox 2136 5171 2219 5242; x_wconf 86' lang='lat' dir='ltr'>inde</span> <span class='ocrx_word' id='word_1_302' title='bbox 2241 5171 2337 5260; x_wconf 88' lang='lat' dir='ltr'>passi</span> <span class='ocrx_word' id='word_1_303' title='bbox 2361 5174 2428 5243; x_wconf 91' lang='lat' dir='ltr'>tri·</span> 
     </span>
     <span class='ocr_line' id='line_1_29' title="bbox 575 5320 2422 5412; baseline 0.003 -22"><span class='ocrx_word' id='word_1_304' title='bbox 575 5323 684 5410; x_wconf 80' lang='lat' dir='ltr'>ginta</span> <span class='ocrx_word' id='word_1_305' title='bbox 688 5370 802 5390; x_wconf 88' lang='grc'><strong>.....</strong></span> <span class='ocrx_word' id='word_1_306' title='bbox 825 5323 917 5391; x_wconf 90' lang='lat' dir='ltr'>sicut</span> <span class='ocrx_word' id='word_1_307' title='bbox 939 5322 1023 5392; x_wconf 90' lang='lat' dir='ltr'>inde</span> <span class='ocrx_word' id='word_1_308' title='bbox 1045 5322 1126 5410; x_wconf 89' lang='lat' dir='ltr'>potu</span> <span class='ocrx_word' id='word_1_309' title='bbox 1149 5327 1186 5391; x_wconf 91' lang='lat' dir='ltr'>et</span> <span class='ocrx_word' id='word_1_310' title='bbox 1207 5342 1289 5409; x_wconf 87' lang='lat' dir='ltr'>sepe</span> <span class='ocrx_word' id='word_1_311' title='bbox 1312 5321 1516 5408; x_wconf 89' lang='lat' dir='ltr'>descernit,</span> <span class='ocrx_word' id='word_1_312' title='bbox 1541 5321 1623 5389; x_wconf 89' lang='lat' dir='ltr'>inde</span> <span class='ocrx_word' id='word_1_313' title='bbox 1645 5320 1740 5406; x_wconf 88' lang='lat' dir='ltr'>passi</span> <span class='ocrx_word' id='word_1_314' title='bbox 1762 5320 1913 5390; x_wconf 88' lang='lat' dir='ltr'>trideci:</span> <span class='ocrx_word' id='word_1_315' title='bbox 1940 5321 2143 5393; x_wconf 89' lang='lat' dir='ltr'>rcbolvente</span> <span class='ocrx_word' id='word_1_316' title='bbox 2165 5323 2204 5393; x_wconf 90' lang='lat' dir='ltr'>in</span> <span class='ocrx_word' id='word_1_317' title='bbox 2228 5331 2329 5412; x_wconf 86' lang='lat' dir='ltr'>parte</span> <span class='ocrx_word' id='word_1_318' title='bbox 2351 5329 2422 5396; x_wconf 93' lang='lat' dir='ltr'>ori·</span> 
     </span>
     <span class='ocr_line' id='line_1_30' title="bbox 576 5473 2423 5564; baseline 0.002 -20"><span class='ocrx_word' id='word_1_319' title='bbox 576 5474 670 5544; x_wconf 86' lang='lat' dir='ltr'>entis</span> <span class='ocrx_word' id='word_1_320' title='bbox 694 5493 757 5561; x_wconf 88' lang='lat' dir='ltr'>per</span> <span class='ocrx_word' id='word_1_321' title='bbox 780 5475 851 5541; x_wconf 83' lang='lat' dir='ltr'>fine</span> <span class='ocrx_word' id='word_1_322' title='bbox 875 5474 1036 5544; x_wconf 89' lang='lat' dir='ltr'>radoaldi</span> <span class='ocrx_word' id='word_1_323' title='bbox 1060 5480 1144 5544; x_wconf 86' lang='lat' dir='ltr'>sunt</span> <span class='ocrx_word' id='word_1_324' title='bbox 1166 5477 1260 5561; x_wconf 87' lang='lat' dir='ltr'>passi</span> <span class='ocrx_word' id='word_1_325' title='bbox 1283 5474 1481 5561; x_wconf 86' lang='lat' dir='ltr'>quadtuor:</span> <span class='ocrx_word' id='word_1_326' title='bbox 1506 5474 1636 5542; x_wconf 84' lang='lat' dir='ltr'>iterum</span> <span class='ocrx_word' id='word_1_327' title='bbox 1660 5473 1861 5543; x_wconf 87' lang='lat' dir='ltr'>rebolvente</span> <span class='ocrx_word' id='word_1_328' title='bbox 1885 5475 2026 5562; x_wconf 79' lang='lat' dir='ltr'>inipso</span> <span class='ocrx_word' id='word_1_329' title='bbox 2050 5495 2134 5564; x_wconf 88' lang='lat' dir='ltr'>pars</span> <span class='ocrx_word' id='word_1_330' title='bbox 2156 5478 2423 5549; x_wconf 87' lang='lat' dir='ltr'>sebtemtrionis</span> 
     </span>
     <span class='ocr_line' id='line_1_31' title="bbox 571 5601 2420 5723; baseline 0.003 -27"><span class='ocrx_word' id='word_1_331' title='bbox 571 5601 650 5696; x_wconf 59' lang='lat' dir='ltr'>&#39;due</span> <span class='ocrx_word' id='word_1_332' title='bbox 674 5627 839 5715; x_wconf 89' lang='lat' dir='ltr'>maraldi,</span> <span class='ocrx_word' id='word_1_333' title='bbox 865 5627 949 5697; x_wconf 88' lang='lat' dir='ltr'>inde</span> <span class='ocrx_word' id='word_1_334' title='bbox 971 5628 1066 5715; x_wconf 84' lang='lat' dir='ltr'>passi</span> <span class='ocrx_word' id='word_1_335' title='bbox 1090 5630 1229 5714; x_wconf 87' lang='lat' dir='ltr'>nobem,</span> <span class='ocrx_word' id='word_1_336' title='bbox 1253 5633 1290 5696; x_wconf 91' lang='lat' dir='ltr'>et</span> <span class='ocrx_word' id='word_1_337' title='bbox 1310 5629 1357 5697; x_wconf 90' lang='lat' dir='ltr'>ab</span> <span class='ocrx_word' id='word_1_338' title='bbox 1379 5626 1517 5697; x_wconf 88' lang='lat' dir='ltr'>oriente</span> <span class='ocrx_word' id='word_1_339' title='bbox 1540 5629 1611 5699; x_wconf 88' lang='lat' dir='ltr'>fine</span> <span class='ocrx_word' id='word_1_340' title='bbox 1633 5629 1747 5716; x_wconf 90' lang='lat' dir='ltr'>ipsius</span> <span class='ocrx_word' id='word_1_341' title='bbox 1770 5629 1935 5717; x_wconf 87' lang='lat' dir='ltr'>maraldi,</span> <span class='ocrx_word' id='word_1_342' title='bbox 1960 5629 2044 5699; x_wconf 90' lang='lat' dir='ltr'>inde</span> <span class='ocrx_word' id='word_1_343' title='bbox 2066 5631 2162 5719; x_wconf 88' lang='lat' dir='ltr'>passi</span> <span class='ocrx_word' id='word_1_344' title='bbox 2186 5633 2316 5723; x_wconf 82' lang='lat' dir='ltr'>bigiuti</span> <span class='ocrx_word' id='word_1_345' title='bbox 2340 5651 2420 5704; x_wconf 84' lang='lat' dir='ltr'>sex:</span> 
     </span>
     <span class='ocr_line' id='line_1_32' title="bbox 580 5779 2420 5875; baseline 0.004 -29"><span class='ocrx_word' id='word_1_346' title='bbox 580 5781 693 5850; x_wconf 89' lang='lat' dir='ltr'>totum</span> <span class='ocrx_word' id='word_1_347' title='bbox 717 5785 963 5849; x_wconf 84' lang='lat' dir='ltr'>mensuratum</span> <span class='ocrx_word' id='word_1_348' title='bbox 981 5783 1019 5849; x_wconf 87' lang='lat' dir='ltr'>at</span> <span class='ocrx_word' id='word_1_349' title='bbox 1035 5782 1137 5849; x_wconf 87' lang='lat' dir='ltr'>iuxto</span> <span class='ocrx_word' id='word_1_350' title='bbox 1152 5797 1259 5868; x_wconf 88' lang='lat' dir='ltr'>passu</span> <span class='ocrx_word' id='word_1_351' title='bbox 1274 5779 1454 5865; x_wconf 90' lang='lat' dir='ltr'>ominum;</span> <span class='ocrx_word' id='word_1_352' title='bbox 1479 5780 1568 5848; x_wconf 90' lang='lat' dir='ltr'>istut</span> <span class='ocrx_word' id='word_1_353' title='bbox 1583 5799 1646 5869; x_wconf 92' lang='lat' dir='ltr'>per</span> <span class='ocrx_word' id='word_1_354' title='bbox 1663 5779 1829 5875; x_wconf 78' lang='lat' dir='ltr'>iamdicto</span> <span class='ocrx_word' id='word_1_355' title='bbox 1847 5779 1932 5848; x_wconf 85' lang='lat' dir='ltr'>finis</span> <span class='ocrx_word' id='word_1_356' title='bbox 1946 5783 1983 5850; x_wconf 88' lang='lat' dir='ltr'>et</span> <span class='ocrx_word' id='word_1_357' title='bbox 1998 5799 2062 5868; x_wconf 90' lang='lat' dir='ltr'>per</span> <span class='ocrx_word' id='word_1_358' title='bbox 2077 5781 2156 5870; x_wconf 86' lang='lat' dir='ltr'>ipsa</span> <span class='ocrx_word' id='word_1_359' title='bbox 2171 5783 2355 5853; x_wconf 87' lang='lat' dir='ltr'>mensoria</span> <span class='ocrx_word' id='word_1_360' title='bbox 2368 5789 2420 5853; x_wconf 89' lang='lat' dir='ltr'>to-</span> 
     </span>
    </p>
   </div>
   <div class='ocr_carea' id='block_1_11' title="bbox 0 0 2732 7092">
    <p class='ocr_par' dir='ltr' id='par_1_11' title="bbox 0 0 2732 7092">
     <span class='ocr_line' id='line_1_33' title="bbox 0 0 2732 7092; baseline 0 0"><span class='ocrx_word' id='word_1_361' title='bbox 0 0 2732 7092; x_wconf 95' lang='lat' dir='ltr'> </span> 
     </span>
    </p>
   </div>
  </div>
 </body>
</html>
