5456 7096
1034 508 1448 586 nlntunnnlcus
2046 511 2115 584 lla

310 744 436 828 tatem,
460 743 496 808 et
521 731 599 828 ipsa
622 739 777 807 sortione
802 737 943 808 illorum
969 738 1012 807 de
1036 739 1109 826 ipso
1133 739 1214 808 vino
1237 758 1299 808 nos
1323 739 1403 828 illut
1426 743 1605 827 portemus
1636 758 1746 826 usque
1782 739 1827 809 ad
1864 740 1938 827 ipso
1974 739 2124 810 cellario
2148 785 2174 824 ,a

312 893 403 980 quod
429 893 496 980 ipsi
523 893 687 982 germani
713 894 828 961 abunt
852 894 890 962 in
914 893 1121 963 iamdictam
1146 893 1260 961 locum
1284 892 1428 960 nucerie
1452 892 1650 980 propinque
1673 890 1743 963 alle
1766 891 1863 960 turri
1877 941 1886 980 ‚
1913 895 1950 960 et
1975 891 2050 979 ipso
2076 892 2158 992 virro

314 1048 506 1115 mittamus
530 1047 567 1112 in
592 1059 788 1132 organeum
814 1044 968 1135 illorum,
993 1047 1054 1133 qui
1079 1065 1141 1133 per
1165 1065 1229 1114 nos
1252 1041 1330 1116 stad
1354 1049 1482 1114 bonum
1513 1045 1713 1115 conciatura
1747 1051 1784 1115 et
1817 1046 2042 1134 studiatum,
2068 1049 2163 1116 sicut

316 1201 500 1283 meruerit,
525 1197 577 1265 sic
601 1197 684 1267 inde
708 1198 908 1267 studiemus
932 1201 1009 1286 ipso
1032 1216 1222 1284 organeum
1248 1201 1522 1287 perlationem,
1547 1201 1640 1268 sicut
1663 1200 1745 1268 inde
1772 1203 1855 1266 vino
1890 1201 2044 1268 exierit:
2083 1201 2166 1269 mis-

314 1371 392 1420 sum
418 1350 560 1420 illorum
586 1371 690 1439 quem
717 1351 847 1420 ibidem
871 1353 1039 1420 steterint
1063 1371 1126 1438 pro
1151 1353 1228 1438 ipsa
1252 1353 1444 1438 vindemia,
1469 1371 1533 1420 nos
1559 1351 1661 1420 illum
1678 1370 1801 1420 eorum
1818 1355 2019 1421 nutriemus
2036 1371 2161 1422 secun·

316 1505 399 1574 dum
425 1513 549 1574 nostra
573 1505 812 1607 possirilitate
838 1511 873 1574 et
896 1507 1019 1574 demus
1043 1506 1184 1574 illorum
1210 1506 1498 1594 palmentaticum
1524 1509 1616 1578 iusta
1640 1508 1789 1594 ratione;
1816 1509 1906 1577 etde
1921 1511 2013 1596 quod
2033 1509 2162 1580 ibidem

318 1658 628 1746 seminaberimus,
654 1659 777 1727 demus
801 1659 883 1741 inde
908 1659 1050 1728 illorum
1073 1660 1280 1728 terraticum
1305 1659 1497 1727 secundum
1521 1659 1777 1741 consuetudine
1802 1662 1844 1730 de
1876 1665 1991 1750 ipsum
2024 1665 2166 1750 locum3

317 1817 355 1880 et
376 1811 405 1878 si
432 1811 689 1897 qualecumque
712 1815 867 1897 tempore
890 1827 955 1878 nos
978 1811 1032 1879 vel
1057 1815 1187 1881 nostris
1209 1811 1400 1881 heredibus
1425 1779 1504 1898 ipsa
1528 1815 1633 1881 rebus
1656 1819 1777 1884 tenere
1800 1819 1836 1883 et
1861 1814 2023 1887 lavorare
2047 1817 2170 1887 nolue-

319 1969 432 2034 rimus
456 1971 520 2034 aut
543 1983 613 2032 non
638 1965 867 2052 potuerimus
894 1965 1023 2056 inclita
1045 1965 1122 2052 ipsa
1147 1969 1253 2036 rebus
1276 1969 1467 2053 pastenata
1490 1969 1527 2034 et
1543 1965 1677 2035 cultata
1695 1968 1918 2034 remittamus
1932 1967 1979 2035 ad
1994 1972 2170 2052 potestate

322 2121 478 2207 ipsorum
503 2121 668 2210 germani
695 2117 748 2186 rel
775 2120 812 2186 in
837 2122 1002 2206 partibus
1025 2121 1327 2208 archiepiscopio,
1365 2124 1401 2188 et
1434 2119 1547 2188 licead
1571 2137 1634 2189 nos
1658 2117 1741 2188 inde
1765 2119 1886 2187 tollere
1909 2121 2031 2188 omnis
2060 2139 2173 2190 causa

320 2280 443 2344 nostra
468 2274 612 2344 movilia
637 2274 728 2362 quod
754 2274 827 2342 illis
851 2273 974 2342 diebus
998 2276 1126 2344 itidem
1150 2278 1368 2344 abuerimus.
1406 2275 1497 2344 unde
1523 2277 1560 2342 in
1584 2292 1624 2342 eo
1658 2274 1783 2342 ordine
1818 2292 1880 2361 per
1906 2278 1999 2343 bona
2033 2279 2171 2345 combe-

324 2427 462 2496 oientia
485 2429 619 2514 guadia
642 2429 743 2496 nobis
770 2427 837 2515 ipsi
862 2430 1025 2516 gernmni
1051 2429 1226 2498 dederunt
1248 2436 1284 2514 et
1307 2430 1538 2499 mediatorem
1562 2432 1662 2500 nobis
1686 2437 1882 2518 posuerunt
1906 2431 2048 2500 cicerus
2075 2431 2172 2500 tilius

327 2581 503 2667 quondam
529 2583 700 2668 landoni3
736 2589 772 2650 et
807 2602 869 2670 per
906 2583 984 2668 ipsa
1018 2583 1152 2670 guadia
1182 2583 1432 2670 obligaverunt
1454 2599 1491 2648 se
1513 2589 1548 2651 et
1571 2601 1653 2669 pars
1676 2585 1843 2668 episcopii
1868 2583 2113 2652 antistandum
2137 2589 2173 2652 et

326 2732 581 2802 defensandum
606 2736 707 2802 nobis
731 2725 935 2823 obstrisque
959 2735 1149 2804 heredibus
1172 2741 1246 2804 tota
1268 2741 1304 2804 et
1332 2735 1457 2805 inolita
1480 2737 1723 2824 suprascripta
1748 2737 1888 2804 illorum
1913 2711 2109 2806 traditione
2125 2738 2172 2808 da

328 2905 449 2956 omnes
473 2889 633 2956 homines
657 2889 823 2976 omnique
847 2891 1007 2976 partibus
1031 2892 1068 2956 in
1094 2889 1260 2958 iamdicto
1283 2887 1434 2976 ordine;
1459 2891 1547 2958 etsi
1571 2889 1691 2958 taliter
1715 2889 1847 2977 omnia,
1873 2897 1912 2960 ut
1935 2892 2100 2976 superius
2126 2867 2180 2958 ui'-

324 3049 425 3114 ctum
450 3049 519 3131 est,
544 3045 648 3111 uobis
672 3045 859 3130 nostrique
882 3045 1070 3112 heredibus
1093 3063 1163 3110 non
1187 3043 1462 3130 adimpleberint
1484 3049 1520 3112 et
1542 3043 1672 3131 aliquit
1696 3045 1777 3112 inde
1793 3063 1852 3113 eos
1868 3046 2170 3132 contradixerint,

328 3219 392 3289 per
417 3199 496 3286 ipsa
519 3198 652 3286 guadia
676 3197 928 3283 obligaverunt
951 3216 988 3265 se
1012 3197 1065 3265 vel
1091 3198 1370 3286 archiepiscopio
1394 3198 1439 3268 ad
1463 3198 1739 3284 componendum
1764 3199 1865 3266 nobis
1888 3199 2090 3285 nostrisque
2117 3202 2176 3267 he·

334 3353 480 3421 redibus
503 3353 634 3440 viginti
661 3353 740 3420 auri
766 3351 868 3419 solidi
893 3353 1179 3437 constantini,et
1202 3369 1271 3418 unc
1296 3353 1436 3419 brebem
1460 3351 1585 3438 scripsi
1621 3369 1687 3436 ego
1711 3352 1883 3418 iohannes
1918 3351 2081 3420 notarius
2116 3353 2180 3438 qui

335 3507 507 3576 interluit.

377 3635 408 3749 †
433 3663 507 3750 Ego
539 3663 737 3731 romoaldus

379 3787 409 3904 †
436 3817 510 3904 Ego
533 3816 727 3885 dauferius.

1099 4335 1422 4420 CMLXVII.

1109 4605 1167 4679 A.
1195 4605 1250 4678 D.
1280 4603 1406 4677 1041.

383 4845 419 4986 †
444 4899 483 4964 ln
509 4897 654 4964 nomine
677 4895 810 4963 domini
834 4897 889 4964 dei
915 4896 1086 4966 salvatori
1111 4897 1211 4963 ihesu
1236 4895 1362 4965 christi
1388 4893 1553 4962 vicesimo
1577 4894 1682 4961 tertio
1700 4909 1795 4960 anno
1812 4892 2038 4978 principatus
2054 4889 2191 4959 salerni

340 5051 458 5120 domni
483 5051 597 5118 nostri
623 5049 826 5137 guaymarii
851 5049 995 5137 gloriosi
1021 5049 1206 5137 principia
1224 5057 1259 5116 et
1275 5049 1382 5116 tertio
1397 5065 1492 5117 armo
1508 5045 1731 5133 principatus
1747 5045 1824 5113 eius
1840 5063 1968 5132 capue,
1981 5049 2017 5112 et
2033 5043 2190 5113 secundo

341 5223 437 5274 anno
460 5205 608 5273 ducatus
633 5203 734 5271 illius
757 5205 877 5274 amelii
895 5209 931 5272 et
946 5204 1155 5290 sirrentum,
1173 5201 1230 5268 die
1247 5203 1373 5270 octaba
1390 5203 1523 5269 mensis
1538 5199 1713 5286 ianuarii,
1732 5199 1924 5267 indictione
1943 5216 2038 5268 nona
2055 5197 2188 5267 amalfi.

340 5359 433 5426 Certi
459 5377 582 5426 sumus
605 5376 669 5425 nos
693 5361 809 5426 maria
834 5358 959 5426 relicta
982 5357 1199 5425 constantini
1226 5359 1286 5442 qui
1311 5355 1442 5424 dicitur
1459 5358 1673 5442 acaranoba,
1688 5374 1795 5442 quam
1813 5359 1848 5422 et
1864 5371 1928 5421 nos
1946 5370 2050 5421 ursus
2065 5357 2101 5422 et
2119 5370 2194 5422 ser·

341 5478 626 5599 gius'germani,
650 5515 713 5600 qui
738 5530 859 5579 sumus
883 5510 1045 5598 genitrix
1068 5515 1104 5579 et
1129 5510 1225 5596 filiis,
1249 5533 1270 5580 a
1296 5510 1452 5596 presenti
1476 5510 1533 5578 die
1556 5487 2192 5596 pruntissimavoluntatevenunde-

343 5666 458 5734 dimus
484 5673 520 5734 et
544 5667 826 5736 contradidimus
852 5665 949 5742 robis
972 5666 1099 5734 domno
1124 5665 1214 5733 leoni
1241 5665 1316 5732 filio
1340 5664 1460 5733 domni
1486 5663 1650 5732 iohannis
1672 5662 1715 5730 de
1740 5663 1966 5730 constantino
1998 5661 2041 5730 de
2069 5661 2192 5749 lupino

344 5823 387 5891 de
412 5826 641 5894 constantino
664 5826 706 5893 de
733 5824 830 5891 leone
856 5826 996 5908 comite,
1024 5823 1115 5890 idest
1138 5821 1302 5908 plenaria
1326 5826 1362 5888 et
1386 5823 1528 5906 integra
1554 5818 1629 5906 ipsa
1647 5816 1838 5886 medietate
1854 5821 1990 5904 nostra,
2008 5835 2112 5904 quem
2131 5821 2194 5887 ha·
