5408 7108
986 504 1377 583 DlPLOMdTlOUS
1805 523 1808 527 ·
1983 503 2049 577 231

249 733 330 804 nati
354 751 552 822 congruum
577 741 644 821 est,
662 735 751 802 bone
767 739 886 802 nostre
903 733 1097 802 boluutatis
1114 754 1176 822 per
1193 737 1285 804 hanc
1308 737 1445 803 cartam
1470 738 1553 801 ante
1570 731 1750 816 presentia
1774 731 1885 799 amati
1906 728 2016 818 iudici
2034 747 2097 814 per

252 889 442 975 largietate
465 893 501 956 et
525 889 782 958 absolutionem
806 889 1010 974 supradicte
1038 889 1190 975 gloriose
1223 888 1423 972 potestatis,
1449 903 1552 970 qoem
1577 885 1679 950 nobis
1709 883 1865 952 dandum
1889 880 2010 950 direxi
2037 899 2100 967 per

254 1041 368 1124 ipsum
394 1037 513 1124 iudex,
541 1040 830 1108 venumdedimus
852 1040 916 1107 tivi
941 1041 1060 1107 domni
1087 1042 1234 1107 iohanni
1260 1035 1461 1107 venerabili
1487 1038 1609 1107 abbati
1637 1038 1786 1123 predicti
1804 1037 2013 1105 monasterii
2037 1055 2101 1122 pro

255 1194 359 1276 parte
382 1191 494 1276 ipsius
518 1191 725 1258 monasterii
750 1191 874 1260 inclite
898 1193 972 1278 ipse
996 1197 1116 1258 nostre
1140 1193 1310 1260 sortionis
1327 1193 1370 1260 (10
1389 1197 1466 1280 1000
1483 1198 1583 1260 10110
1606 1181 1807 1278 cnm'casa,
1826 1208 1890 1256 nos
1907 1189 1966 1276 qui
1993 1207 2104 1276 supra

256 1339 384 1428 allani,
409 1346 445 1410 01
469 1343 572 1430 petri,
599 1346 634 1411 et
657 1345 830 1428 iohannes
860 1345 987 1412 damus
1014 1344 1080 1412 tivi
1110 1343 1237 1413 inclita
1262 1349 1339 1430 ipsa
1368 1348 1492 1414 nostra
1521 1348 1651 1430 quarta
1678 1363 1757 1431 pars
1773 1346 1811 1412 in
1829 1348 1929 1429 parte
1953 1343 2103 1410 orientis

252 1493 449 1563 coniuncta
473 1495 517 1564 ad
542 1496 612 1563 fine
636 1496 748 1581 ipsius
771 1495 1009 1583 monasterii,
1033 1501 1069 1564 et
1092 1515 1157 1583 ego
1181 1497 1364 1584 predictus
1389 1498 1460 1564 riso
1484 1497 1692 1564 venumdedi
1717 1499 1783 1564 tibi
1807 1499 1875 1583 ipsi
1901 1500 1974 1564 tres
2003 1495 2106 1582 pedes

256 1647 299 1714 (10
323 1645 475 1716 latitudo
499 1648 537 1714 111
561 1649 655 1716 omni
682 1649 757 1714 loco
780 1654 816 1716 et
839 1649 1033 1736 longitud,
1058 1650 1151 1715 sicut
1174 1647 1267 1735 dixi,
1292 1649 1389 1714 iusta
1416 1647 1494 1733 ipsa
1522 1651 1652 1733 quarta
1669 1665 1738 1733 que
1754 1648 1821 1714 tibi
1838 1645 2015 1713 dederuut
2039 1646 2107 1730 ipsi

257 1797 407 1884 predicti
431 1801 585 1867 consorti
610 1801 691 1867 mei.
718 1801 885 1868 inclitum
913 1801 1005 1884 illut,
1031 1801 1187 1887 qualiter
1211 1799 1457 1886 supradictum
1480 1806 1545 1879 est,
1571 1799 1693 1868 taliter
1718 1799 1799 1866 illut
1817 1797 1882 1866 tivi
1902 1799 2019 1865 domui
2046 1801 2110 1866 ab·

256 1949 331 2016 bati
355 1951 648 2018 venumdedimus
672 1971 734 2037 pro
758 1958 860 2039 parte
885 1954 1039 2039 predicti
1066 1954 1273 2022 monasterii
1300 1971 1380 2020 cum
1405 1956 1481 2022 vice
1510 1954 1552 2020 (10
1578 1954 1636 2022 via
1659 1959 1783 2020 suaet
1806 1971 1885 2020 cum
1909 1955 2031 2020 omnia
2055 1953 2109 2020 in-

258 2107 319 2167 tra
342 2119 380 2168 se
402 2103 559 2189 01100100,
577 2104 621 2172 ad
638 2105 812 2172 securiter
836 2111 871 2172 et
894 2105 1046 2173 firmiter
1070 2104 1152 2173 illut
1175 2107 1301 2173 amodo
1332 2112 1369 2174 01
1394 2125 1546 2192 00111001Ι
1564 2123 1626 2191 010
1651 2124 1734 2192 0010
1761 2105 1873 2191 100110
1896 2106 2109 2172 monasterii

258 2231 435 2324 abendum
460 2264 496 2324 01
518 2261 639 2327 omnia
665 2259 747 2330 iude
770 2259 974 2326 faciendum
1000 2261 1093 2345 quod
1117 2261 1283 2347 boluerit,
1312 2263 1446 2346 absque
1469 2263 1563 2326 omni
1589 2264 1711 2326 nostra
1734 2266 1769 2326 et
1789 2259 1831 2326 de
1847 2259 1986 2326 nostris
2009 2262 2113 2326 here·

258 2409 363 2477 dibus
386 2411 640 2479 contrarietate
666 2411 720 2478 vel
746 2413 990 2498 requisitione.
1015 2413 1114 2480 Unde
1137 2429 1200 2498 pro
1224 2411 1527 2478 confirmationem
1553 2405 1633 2476 nius
1658 2409 1871 2476 venditionis
1896 2429 1917 2476 a
1942 2412 2109 2494 presente

255 2565 477 2648 suscepimus
500 2580 564 2629 nos
587 2567 647 2650 qui
673 2583 782 2649 supra
804 2565 931 2646 allani,
957 2569 992 2632 et
1016 2571 1147 2651 petrus,
1172 2570 1208 2632 et
1231 2565 1406 2634 iohannes
1422 2586 1444 2632 a
1460 2569 1494 2632 te
1517 2567 1577 2651 qui
1603 2582 1712 2648 supra
1736 2563 1884 2631 domnus
1909 2567 2019 2632 abbas
2044 2582 2109 2650 pro

259 2721 362 2802 parte
387 2715 498 2801 ipsius
521 2717 742 2804 monasterii,
767 2718 779 2784 i
803 2722 887 2785 sunt
910 2719 1064 2804 triginta
1089 2717 1169 2786 auri
1184 2719 1255 2786 tari
1274 2719 1368 2804 boni,
1386 2722 1421 2784 et
1438 2736 1503 2804 ego
1520 2718 1701 2802 predictus
1717 2719 1789 2785 riso
1805 2689 2025 2811 suscepimus
2044 2736 2108 2805 pro

258 2875 360 2955 parte
385 2870 535 2955 predicti
561 2871 768 2938 monasterii
793 2875 936 2937 tarenos
960 2888 1088 2939 aureos
1104 2874 1212 2938 bonos
1235 2871 1541 2957 quadtuordecim:
1560 2873 1701 2938 finitum
1717 2875 1873 2957 pretium
1889 2873 2007 2958 ipsum
2025 2877 2114 2958 aput

258 3039 336 3110 nos,
360 3022 514 3109 qualiter
538 3025 632 3090 111101
650 3041 714 3091 1100
730 3023 910 3110 convenit,
936 3025 988 3092 Ea
1003 3027 1143 3092 ratione
1166 3043 1229 3111 per
1255 3025 1512 3093 convenientia
1535 3025 1669 3111 gnadia
1684 3027 1749 3093 tivi
1773 3025 1891 3093 domni
1911 3027 2033 3093 abbati
2056 3026 2114 3093 (10-

255 3176 379 3244 dimus
402 3194 465 3243 nos
488 3178 552 3244 toti
578 3177 829 3262 prenominati,
846 3185 881 3244 01
898 3177 1129 3244 mediatorem
1157 3179 1223 3244 tibi
1254 3177 1433 3262 posuimus
1460 3195 1523 3244 1100
1550 3177 1780 3245 mediatorem
1804 3178 1892 3263 ipsis
1914 3197 1977 3264 pro
2008 3181 2110 3264 parte

259 3331 496 3415 suprascripti
523 3329 733 3396 monasterii
756 3334 879 3396 sancte
903 3329 1001 3412 sotie;
1027 3333 1062 3394 et
1085 3347 1147 3412 per
1171 3329 1248 3413 1000
1272 3327 1406 3413 guadia
1429 3328 1666 3413 obligavimus
1690 3345 1754 3394 nos
1786 3345 1908 3395 omnes
1933 3329 2113 3414 prenomi-

264 3483 344 3550 nati
369 3487 404 3550 et
426 3482 557 3550 nostris
581 3483 771 3550 heredibus
795 3483 919 3552 amodo
942 3487 977 3548 et
1001 3499 1139 3565 semper
1163 3479 1349 3547 defensare
1373 3477 1517 3564 integra
1541 3478 1747 3565 supradicta
1762 3485 1884 3548 nostra
1908 3481 2115 3550 venditione

263 3651 345 3700 cum
361 3637 437 3701 vice
460 3634 503 3703 (10
527 3633 586 3702 via
610 3651 675 3702 sua
701 3634 739 3700 in
763 3637 865 3720 parte
889 3632 1037 3719 predicti
1060 3631 1268 3699 monasterii
1295 3630 1341 3699 da
1365 3647 1486 3698 omnes
1509 3633 1669 3699 homines
1694 3632 1861 3717 omnique
1877 3631 2054 3718 partibuS,
2078 3636 2115 3700 et

264 3787 406 3874 quando
430 3806 515 3874 pars
539 3787 691 3874 predicti
714 3787 920 3856 monasterii
944 3803 1008 3873 per
1025 3803 1062 3853 se
1078 3785 1231 3852 1101110111
1257 3785 1442 3854 defensare
1469 3782 1536 3851 sivi
1561 3786 1640 3870 ipsa
1663 3788 1785 3852 nostra
1811 3783 2030 3871 venditione,
2056 3804 2117 3873 po-

258 3945 423 4013 testatem
447 3944 552 4010 abeat
576 3942 661 4011 inde
684 3942 849 4009 omnibus
872 3940 985 4008 modis
1014 3955 1162 4009 causare
1190 3938 1349 4007 0111110111
1375 3939 1505 4024 facere,
1532 3936 1689 4024 qualiter
1713 3937 1879 4023 boluerit,
1897 3956 1979 4004 cum
2002 3939 2114 4024 quale
2198 3988 2202 3996 .

258 4093 440 4162 monimen
463 4099 500 4162 01
523 4095 665 4164 ratione
691 4093 775 4160 inde
798 4092 983 4198 ostendere
1007 4091 1171 4160 boluerit.
1199 4091 1233 4159 Si
1271 4097 1390 4160 autem
1414 4109 1478 4160 nos
1510 4094 1545 4159 01
1569 4093 1699 4160 11001110
1722 4091 1886 4161 eredibns
1909 4094 2031 4162 omnia
2059 4113 2117 4162 su-

259 4245 431 4331 pradicta
446 4243 570 4312 inclita
595 4213 695 4330 parte
720 4243 870 4330 predicti
895 4247 1104 4314 monasterii
1128 4262 1201 4312 non
1223 4244 1537 4330 adimpleberimus
1564 4247 1601 4313 et
1632 4245 1764 4332 aliquit
1786 4245 1829 4314 (10
1852 4248 2116 4335 suprascriptis

259 4398 315 4467 vel
340 4400 469 4468 exinde
494 4400 690 4485 remobere,
715 4403 779 4467 aut
802 4399 1048 4468 contradicere
1072 4397 1309 4484 quesierimus
1335 4399 1594 4486 qualecumque
1612 4401 1812 4490 ingenium,
1829 4422 1892 4488 per
1909 4405 2121 4490 supradicta

196 4625 201 4635 ,
260 4551 392 4636 guadia
416 4568 622 4638 componere
645 4551 846 4636 obligamus
862 4567 926 4616 nos
943 4553 1004 4635 qui
1020 4568 1131 4636 supra
1153 4549 1309 4639 altanus,
1327 4556 1362 4620 et
1379 4557 1514 4638 petrus,
1532 4559 1568 4622 01
1583 4553 1770 4643 iohannes,
1788 4559 1824 4623 01
1840 4558 1913 4624 1100
1928 4561 1964 4626 01
1980 4559 2115 4627 nostris

258 4705 427 4774 eredibus
451 4707 489 4772 in
513 4723 598 4792 pars
622 4704 776 4791 predicti
800 4703 1009 4773 monasterii
1034 4709 1178 4773 centum
1194 4705 1275 4774 auri
1299 4704 1427 4774 solidos
1442 4709 1762 4776 constantinianas.
1780 4713 2036 4780 Verumtamen
2053 4715 2117 4782 hoc

266 4876 517 4944 memoramus,
534 4858 621 4944 quia
643 4857 720 4944 ipsa
743 4863 867 4924 nostra
890 4855 1047 4925 venditio
1070 4863 1124 4925 est
1146 4860 1244 4928 intra
1272 4861 1366 4928 hanc
1390 4860 1648 4932 salernitanam
1672 4864 1856 4932 cibitatem
1880 4883 1903 4933 a
1932 4867 2058 4934 subtus
2082 4873 2119 4935 et

258 5015 491 5084 coniunctum
514 5012 557 5082 ad
583 5012 698 5099 ipsum
724 5015 979 5082 monasterium
1007 5015 1149 5081 etcum
1175 5031 1256 5082 case
1284 5013 1398 5100 ipsius
1426 5017 1649 5102 monasterii,
1674 5021 1710 5086 et
1733 5019 1853 5086 taliter
1878 5019 2120 5102 scriberero

263 5165 433 5250 gabimus
457 5169 492 5234 te
516 5166 692 5234 iohannes
714 5164 847 5232 scriba.

317 5287 347 5404 †
373 5319 449 5404 Ego
471 5319 533 5404 qui
560 5335 669 5404 supra
694 5315 1000 5426 01110111011111011.Ι
