5406 7090
968 515 1381 592 nrnnonrrrcus
1481 496 1489 504 ”
1994 518 2066 597 ase

265 747 369 812 cocta
392 763 480 832 una,
505 762 569 812 nos
593 747 713 814 autem
739 764 860 814 omnes
884 743 1079 836 supradicti
1105 743 1251 814 animali
1269 747 1306 812 et
1320 743 1516 830 predictum
1533 743 1661 812 mobile
1677 762 1757 810 cnm
1775 761 1897 814 omnes
1914 746 1986 815 alia
2011 766 2124 816 causa

265 899 472 986 pertinente
497 901 610 988 ipsius
633 900 804 971 aecclesie
827 905 865 970 61
888 921 966 970 cunr
999 901 1104 968 rebus
1133 897 1289 984 predicte
1318 893 1464 964 ecclesie
1495 895 1606 981 ipsius
1636 896 1764 965 lameri
1791 898 2007 966 tradidimus
2031 918 2116 970 cnm

265 1052 346 1141 ipsa
369 1053 545 1123 aecclesia
567 1055 611 1122 ad
636 1054 829 1122 tenendum
852 1058 888 1122 et
910 1051 1198 1142 gubernandum,
1221 1049 1372 1117 6116666
1394 1052 1432 1116 et
1453 1045 2116 1122 666666666111116116166166611666

153 1237 156 1243 ¹
266 1209 352 1278 inde
368 1215 413 1278 ‘et
439 1208 569 1276 ibidem
595 1208 796 1278 laciendum
821 1207 945 1276 diebus
969 1209 1041 1274 vite
1065 1223 1150 1292 sue,
1175 1208 1212 1273 et
1235 1206 1343 1274 liceat
1366 1203 1467 1271 illum
1489 1205 1651 1272 homines
1674 1203 1713 1271 in
1741 1204 1819 1290 ipsa
1842 1205 1949 1272 rebus
1973 1205 2120 1274 mittere

258 1367 296 1433 et
325 1362 370 1431 ad
394 1363 606 1433 abitandum
630 1367 667 1432 et
691 1362 925 1433 laborandum
950 1360 1076 1448 quanti
1101 1365 1137 1428 et
1159 1358 1330 1446 quomodo
1352 1355 1527 1442 voluerit,
1552 1359 1588 1424 61
1611 1355 1817 1425 annualiter
1842 1361 1926 1444 apto
1951 1369 2112 1445 tempore

260 1517 373 1587 saciat
397 1514 562 1586 laborare
584 1523 621 1586 61
643 1535 792 1604 6666666
809 1516 888 1604 ipsa
904 1516 1024 1600 rebus,
1050 1515 1143 1582 sicut
1167 1514 1366 1598 meruerit,
1392 1511 1438 1580 ud
1462 1529 1601 1598 semper
1632 1513 1726 1580 bona
1750 1515 1876 1599 pareat
1899 1513 2056 1582 studiata
2079 1517 2117 1584 61

261 1670 451 1756 laborata,
476 1675 512 1739 et
533 1670 630 1738 omni
653 1673 810 1758 tempore
834 1673 970 1739 abeant
997 1667 1128 1736 ibidem
1158 1687 1269 1738 unum
1297 1667 1475 1754 presbiter
1503 1667 1566 1753 qui
1593 1667 1724 1735 officiet
1753 1685 1834 1735 cum
1867 1685 1948 1735 eum
1973 1671 2011 1734 in
2035 1669 2115 1756 ipsa

258 1821 410 1894 ecclesia
423 1873 434 1912 ‚
458 1825 552 1894 sicut
573 1821 748 1893 meruerit
773 1823 932 1892 officiare
957 1821 1106 1892 ecclesia
1130 1841 1152 1890 a
1176 1821 1272 1890 foras
1295 1821 1457 1906 civitate,
1475 1821 1557 1889 etsi
1585 1818 1739 1888 boluerit
1766 1803 2116 1891 ibidem'mcnachos

257 1977 421 2065 midtere,
446 1977 554 2048 liceat
577 1997 673 2066 eum,
707 1983 742 2048 et
774 1982 912 2065 quanta
936 1977 1059 2046 offerta
1080 1982 1117 2042 61
1141 1971 1320 2042 botatione
1344 1979 1381 2040 et
1403 1939 1615 2061 sepultura,
1641 1973 1694 2040 vel
1719 1974 1881 2060 qnalibet
1911 1994 2021 2044 cansa
2046 1993 2120 2043 mo-

257 2131 329 2199 bile
351 2129 391 2198 in
416 2131 494 2217 ipsa
518 2129 668 2198 ecclesia
692 2127 913 2214 intraberit,
939 2129 1062 2196 Totum
1087 2129 1135 2195 sit
1162 2126 1207 2195 ad
1232 2130 1443 2212 potestatem
1469 2091 1584 2212 ipsius
1610 2125 1770 2215 lazzaru,
1799 2128 2001 2196 faciendum
2032 2128 2118 2198 inde

258 2284 351 2372 quod
370 2283 535 2352 voluerit.
561 2285 713 2351 Tantum
739 2282 768 2348 si
796 2279 987 2350 intraberit
1010 2281 1046 2346 in
1078 2281 1154 2365 ipsa
1181 2280 1331 2348 ecclesia
1357 2281 1529 2350 animalia
1556 2282 1636 2349 viva
1653 2281 1707 2349 vel
1724 2282 1884 2368 qualibet
1901 2301 2011 2350 causa
2040 2301 2113 2368 que

254 2441 304 2507 sit
315 2437 360 2507 ad
374 2439 627 2504 ornamentum
640 2434 751 2520 ipsius
766 2434 925 2519 ecclesie,
939 2451 1076 2519 semper
1090 2433 1171 2502 illut
1184 2435 1290 2502 abeat
1302 2434 1347 2500 ad
1361 2432 1554 2520 regendum
1567 2439 1604 2500 61
1619 2434 1892 2520 gubernandum
1906 2434 2000 2520 illut,
2017 2437 2112 2502 61661

257 2592 337 2680 1666
361 2589 437 2658 6116
467 2590 573 2658 rebus
595 2589 754 2674 predicte
778 2587 937 2656 ecclesie.
962 2589 1112 2656 Tantum
1137 2607 1200 2674 per
1223 2604 1343 2655 omnes
1370 2605 1506 2656 annum
1534 2605 1597 2674 pro
1624 2607 1768 2656 censum
1791 2588 1834 2655 de
1860 2589 1939 2674 ipsa
1963 2587 2113 2656 ecclesia

254 2749 363 2818 deant
385 2749 502 2836 nobis,
527 2748 582 2816 vel
606 2749 650 2818 ad
675 2753 826 2834 nostros,
850 2745 1009 2833 heredes,
1034 2751 1097 2814 aut
1120 2744 1282 2833 dirigant
1306 2743 1403 2812 intus
1418 2762 1458 2810 ec
1474 2761 1583 2812 causa
1606 2744 1649 2811 de
1666 2743 1759 2811 domi
1785 2747 1903 2811 nostre
1921 2744 1956 2809 in
1976 2744 2113 2810 nativi·

259 2904 316 2968 tas
340 2899 477 2966 domini
503 2897 598 2966 etin
625 2897 838 2965 resurrectio
861 2897 996 2964 domini
1022 2895 1136 2964 tribus
1159 2897 1262 2983 paria
1292 2896 1334 2964 de
1369 2895 1487 2964 oblate
1517 2903 1552 2963 et
1585 2899 1656 2962 tres
1686 2913 1790 2962 cerea
1818 2894 1861 2962 de
1889 2895 2015 2980 gubita
2047 2911 2114 2980 per

255 3054 496 3140 unusquisque
521 3053 715 3122 festivitate
729 3103 740 3140 ‚
764 3056 800 3122 et
823 3072 945 3120 omnes
969 3055 1104 3120 victum
1128 3060 1163 3120 et
1186 3055 1306 3121 vinum
1331 3051 1424 3139 quod
1447 3052 1490 3120 de
1514 3053 1592 3138 ipsa
1616 3052 1722 3118 rebus
1745 3050 1902 3137 predicte
1934 3049 2110 3118 aecclesie

249 3211 357 3279 abere
380 3210 536 3296 potuerit
559 3215 595 3276 et
618 3226 736 3296 poma,
760 3210 882 3277 Totum
907 3207 988 3276 illut
1004 3207 1069 3274 sivi
1086 3209 1231 3294 abeant,
1247 3207 1331 3273 dum
1348 3207 1449 3274 vibus
1472 3205 1592 3272 fuerit.
1617 3205 1784 3288 Tantum,
1804 3201 1863 3268 ubi
1883 3219 1946 3268 nos
1962 3219 2105 3288 compa·

250 3377 374 3429 ramus
397 3362 496 3428 terra
520 3379 601 3428 cum
626 3361 746 3447 vinea,
769 3361 812 3428 de
837 3359 965 3446 viginti
997 3359 1100 3426 solidi
1129 3361 1168 3426 in
1184 3359 1260 3444 ipsa
1288 3359 1439 3427 ecclesia
1466 3357 1576 3425 deant
1604 3357 1684 3425 inde
1711 3357 1756 3426 ad
1786 3363 1858 3424 tres
1888 3357 2107 3443 presbiteros

252 3515 383 3584 exinde
401 3534 473 3585 ana
489 3515 610 3584 decem
633 3519 670 3585 et
693 3534 809 3586 sarme
824 3515 867 3584 (16
890 3516 1026 3604 vinum,
1051 3515 1097 3584 nd
1113 3514 1268 3584 officient
1284 3515 1321 3581 in
1340 3516 1417 3602 ipsa
1434 3513 1618 3583 aecclesia:
1640 3515 1682 3582 de
1699 3513 1918 3582 animalibus
1935 3515 1995 3598 qui
2014 3516 2105 3598 aput

247 3687 328 3738 enm
353 3670 610 3758 16661616616,
634 3670 830 3740 tollantad
855 3689 957 3738 suam
982 3669 1238 3756 proprietatem
1263 3685 1371 3737 unam
1401 3667 1545 3736 tertiam
1576 3671 1717 3754 partem
1743 3667 1880 3754 relique
1904 3668 1973 3735 due
1997 3667 2105 3734 sortis

249 3825 456 3911 gubernent
470 3823 515 3892 ad
533 3840 621 3909 opus
645 3823 758 3909 ipsius
781 3821 964 3892 aecclesie:
991 3821 1073 3889 bebi
1090 3840 1155 3909 pro
1173 3822 1420 3909 laborandum,
1438 3823 1468 3890 si
1487 3840 1669 3890 necessum
1687 3822 1806 3898 fuerit,
1825 3819 1939 3889 Tollat
1954 3819 1996 3888 de
2009 3837 2107 3887 corn·

249 3998 357 4049 mune
382 3979 424 4048 de
448 3979 527 4066 ipsa
552 3978 739 4066 animalia,
764 3983 798 4046 et
821 3977 999 4047 caballum
1023 3994 1087 4065 666
1110 3975 1395 4080 caballicandum
1420 3973 1584 4042 similiter
1608 3972 1651 4041 de
1674 3991 1858 4040 commune
1884 3972 2014 4040 tollant
2039 3989 2105 4056 pa·

245 4131 335 4202 61661
354 4134 415 4218 qui
433 4152 557 4201 curam
583 4133 692 4200 abent
708 4132 751 4200 de
774 4131 853 4218 ipsa
878 4127 1051 4199 animalia
1074 4127 1117 4196 de
1133 4127 1312 4197 communi
1337 4126 1934 4215 666166616166611666616661616
1959 4126 2098 4194 deant:

254 4284 424 4354 similiter
450 4285 547 4373 porci
574 4289 741 4372 6166666
765 4285 807 4354 de
831 4285 908 4373 ipsa
932 4281 1104 4352 aecclesia
1127 4283 1165 4350 in
1189 4282 1398 4370 supradicto
1423 4281 1573 4349 hordine
1601 4282 1756 4368 abeant,
1781 4286 1815 4348 et
1838 4286 2013 4367 qnantum
2043 4301 2106 4351 ca-

243 4461 323 4510 sum
346 4441 389 4509 de
413 4445 520 4510 bacce
544 4443 645 4511 etde
669 4443 744 4530 ipse
768 4459 875 4527 capre
899 4439 1061 4527 iecerint,
1085 4440 1216 4508 abeant
1240 4436 1321 4522 sivi,
1347 4435 1548 4504 iaciendum
1567 4435 1659 4521 quod
1678 4435 1864 4521 voluerint,
1882 4439 1919 4503 61
1946 4439 2102 4521 potesta·

243 4601 316 4665 tem
340 4597 474 4666 abeant
496 4597 539 4666 de
564 4595 632 4684 ipsi
656 4597 754 4682 porci
779 4614 842 4682 per
867 4613 1002 4664 annum
1028 4594 1177 4661 midtere
1207 4593 1251 4662 ad
1281 4611 1426 4661 manum
1456 4591 1654 4678 propigne3
1679 4596 1714 4660 61
1736 4591 1881 4679 quando
1904 4592 2014 4659 suerit
2038 4609 2101 4659 ne·

244 4768 383 4820 cessum
408 4770 473 4838 pro
497 4751 655 4820 laborem
680 4751 723 4819 de
748 4750 824 4836 ipsa
849 4750 954 4816 rebus
977 4749 1020 4816 de
1044 4750 1122 4834 ipsa
1146 4746 1308 4832 ecclesia,
1334 4746 1440 4814 liceat
1464 4743 1588 4812 tollere
1611 4745 1654 4813 de
1678 4747 1746 4832 ipsi
1772 4744 1867 4831 porci
1894 4744 1997 4812 etde
2023 4745 2103 4831 1666

243 4923 352 4992 capre
377 4923 441 4991 666
466 4903 758 5012 manducandum
779 4903 822 4972 ad
848 4903 962 4988 ipsum
988 4901 1168 4988 laborem3
1192 4906 1228 4969 61
1249 4902 1391 4987 quando
1415 4919 1598 4969 necessum
1621 4898 1729 4966 suerit
1756 4898 1915 4984 coperire
1939 4899 2016 4984 ipsa
2041 4914 2102 4964 ec·

241 5059 352 5130 clesia
374 5065 411 5128 et
435 5059 550 5146 ipsum
575 5059 763 5145 porticum,
793 5057 866 5141 1666
893 5057 1006 5126 saciat
1036 5054 1116 5123 illut
1143 5057 1324 5144 coperire,
1355 5057 1447 5125 sicut
1476 5057 1660 5126 meruerit.
1678 5059 1708 5122 A
1732 5054 1789 5121 die
1814 5054 1957 5122 hobitus
1983 5055 2098 5139 166166

216 5211 368 5282 ,laucari
396 5211 523 5279 inclita
547 5209 793 5298 suprascripta
817 5209 1010 5280 traditione
1034 5209 1131 5278 iusta
1156 5210 1294 5279 ratione
1319 5209 1420 5279 salba
1443 5230 1522 5279 eum
1547 5209 1640 5278 aliut
1663 5207 1769 5296 quod,
1795 5208 1860 5275 deo
1883 5209 2099 5292 adiubante,

241 5369 294 5436 ibi
320 5367 535 5452 accreberit‚
561 5365 605 5436 ad
631 5372 790 5434 nostram
815 5365 869 5433 vel
893 5365 936 5434 de
960 5366 1091 5434 nostris
1114 5363 1304 5434 heredibus
1328 5364 1514 5450 perveniat
1537 5365 1759 5450 potestatem,
1784 5369 1820 5431 et
1844 5363 1918 5449 ipse
1935 5363 2099 5432 lemarus

239 5520 298 5590 vel
323 5521 402 5589 eius
424 5520 571 5591 heredes
595 5523 709 5587 totum
734 5517 814 5586 illut
837 5519 938 5586 nobis
961 5491 1101 5585 salbum
1124 5516 1296 5606 assignet,
1323 5517 1369 5586 ud
1393 5518 1527 5587 iustum
1550 5517 1683 5602 suerit3
1707 5521 1744 5585 et
1775 5516 1849 5605 ipse
1873 5521 1909 5584 et
1931 5514 2089 5582 homini·

236 5677 313 5745 suis
336 5675 398 5761 qui
417 5673 466 5742 ibi
485 5674 634 5753 miserit,
662 5672 768 5742 liceat
783 5671 866 5740 inde
881 5671 982 5741 exire
998 5691 1078 5738 cnm
1096 5689 1204 5740 causa
1229 5669 1368 5738 illorum
1393 5669 1550 5757 mobilia,
1574 5669 1667 5757 quod
1684 5670 1816 5738 iustum
1834 5670 1956 5756 fuerit,
1975 5672 2011 5736 et
2031 5669 2088 5737 ire

238 5834 304 5902 ubi
330 5830 499 5918 voluerit,
523 5845 631 5916 asque
654 5829 750 5897 omni
775 5829 897 5895 nostra
921 5825 974 5894 vel
1000 5825 1043 5892 de
1067 5825 1199 5892 nostris
1221 5822 1410 5890 heredibus
1433 5822 1702 5891 contrarietate.
1719 5823 1871 5890 Tantum
1895 5821 1939 5889 de
1962 5838 2094 5906 supra-
