5408 7108
631 513 702 588 ara
1276 514 1451 590 cooux
1483 515 1749 590 cavensis
1787 481 1790 488 ’

586 747 649 832 per
672 740 736 813 illa
759 740 881 813 datum
904 742 1080 834 paruerit,
1106 744 1141 812 et
1163 740 1271 810 michi
1300 742 1505 811 nominatus
1526 742 1637 810 abbas
1660 745 1696 810 et
1719 744 1758 810 at
1779 756 1874 809 meos
1897 739 2124 826 posteriores,
2141 735 2196 808 vel
2213 741 2251 806 at
2272 753 2432 825 pareno-

586 897 652 966 stri
676 899 881 984 monasteri,
906 895 1109 966 iaciendum
1125 895 1217 983 quod
1235 894 1463 981 voluerimus,
1478 900 1515 964 et
1531 894 1635 964 liceat
1650 893 1723 963 illis
1738 897 1774 964 et
1789 892 1932 963 illorum
1947 893 2110 964 aradibus
2126 891 2210 962 inde
2224 893 2325 962 exire
2342 910 2430 961 oum

586 1048 701 1117 omnis
724 1066 831 1118 causa
857 1048 998 1118 illorum
1026 1047 1172 1118 mobilia
1196 1048 1289 1134 quod
1314 1047 1444 1118 ibidem
1469 1048 1648 1134 abuerint,
1671 1052 1708 1113 et
1725 1048 1795 1115 iret
1809 1063 1892 1115 cum
1908 1044 1988 1114 illut
2003 1045 2064 1112 ubi
2080 1045 2242 1114 voluerit.
2261 1046 2355 1114 unde
2369 1062 2434 1132 pro

586 1201 707 1272 taliter
731 1219 796 1288 per·
818 1219 911 1271 vona
934 1198 1196 1270 combenientia
1217 1199 1350 1288 guadia
1377 1200 1478 1268 nobis
1502 1200 1570 1288 ipsi
1594 1218 1716 1269 omnes
1739 1200 1974 1287 suprascripti
1996 1199 2231 1270 communiter
2254 1198 2427 1270 dederunt

587 1355 695 1422 michi
721 1356 904 1424 nominato
927 1354 1104 1443 guaimari
1127 1372 1191 1442 pro
1214 1354 1292 1424 vice
1314 1373 1452 1442 gemme
1474 1356 1586 1423 sorori
1604 1358 1743 1442 mee,et
1766 1372 1838 1424 una
1853 1371 1989 1422 mecum
2003 1354 2066 1441 qui
2089 1372 2195 1440 supra
2216 1355 2327 1424 abbas
2342 1353 2424 1424 ade·

588 1515 650 1579 xat
675 1510 848 1578 iohannes
871 1508 1052 1578 castaldus
1076 1513 1257 1578 atvocator
1280 1507 1436 1576 eiusdem
1459 1507 1571 1576 nostri
1594 1507 1801 1577 monasterii
1823 1511 1859 1576 et
1876 1505 2108 1576 mediatorem
2124 1506 2226 1574 nobis
2241 1511 2436 1593 posuerunt

586 1664 770 1735 maraldus
791 1664 889 1733 filius
912 1665 1089 1753 quondam
1113 1664 1241 1732 atelani
1266 1663 1309 1732 da
1332 1662 1447 1732 locum
1470 1662 1631 1742 turricle;
1656 1669 1692 1732 et
1714 1682 1777 1751 per
1802 1664 1879 1751 ipsa
1899 1663 2031 1752 guadia
2046 1663 2299 1751 obligaberunt
2321 1680 2359 1732 se
2373 1665 2434 1733 het

589 1815 732 1885 illorum
756 1817 951 1905 aradibus,
975 1821 1016 1886 ut
1038 1815 1068 1884 si
1093 1815 1212 1885 omnia
1235 1817 1475 1903 suprascripta
1498 1819 1597 1886 nobis
1621 1835 1693 1885 non
1717 1817 1990 1904 adimpleverint
2019 1822 2055 1884 et
2085 1815 2214 1903 aliquit
2246 1815 2331 1884 inde
2354 1833 2437 1883 con-

588 1970 806 2055 tradixerit,
830 1988 894 2056 per
918 1971 995 2056 ipsa
1018 1925 1153 2056 guadia
1175 1969 1424 2056 obligaberunt
1445 1988 1483 2038 se
1506 1973 1566 2039 het
1590 1971 1733 2038 illorum
1756 1971 1922 2040 aradibus
1944 1976 1984 2041 at
2012 1969 2290 2057 componendum
2325 1969 2436 2038 michi

586 2121 769 2190 nominato
791 2121 972 2209 guaimari
997 2124 1116 2190 comiti
1140 2125 1176 2191 et
1200 2125 1238 2190 at
1260 2123 1349 2189 meis
1371 2120 1562 2207 aradibus,
1587 2140 1650 2190 sau
1672 2125 1711 2190 at
1733 2123 1812 2208 ipsa
1834 2140 1976 2210 gemma
2003 2127 2040 2191 et
2063 2129 2101 2192 at
2135 2139 2217 2190 suos
2240 2121 2424 2192 eredeset

586 2274 694 2344 michi
730 2277 915 2346 nominato
940 2279 1052 2346 abbas
1075 2281 1110 2344 et
1133 2282 1171 2344 at
1194 2293 1289 2344 meos
1310 2295 1527 2346 successores
1550 2277 1602 2344 vel
1627 2283 1665 2346 at
1689 2296 1772 2365 pars
1795 2277 1909 2346 nostri
1943 2277 2164 2355 monasteri,
2194 2276 2249 2344 vel
2271 2239 2333 2346 cui
2358 2297 2430 2347 unc

587 2433 729 2500 brebem
747 2433 784 2500 in
803 2449 949 2500 manum
973 2433 1149 2530 peruasit,
1173 2431 1304 2520 bigintl
1328 2433 1407 2501 anri
1426 2431 1554 2500 solidos
1570 2431 1891 2501 constantinianos.
1919 2433 2164 2500 berumtamen
2190 2446 2430 2500 memoramus

587 2585 795 2670 potestatem
818 2584 879 2651 bet
902 2581 1085 2653 licentiam
1108 2585 1240 2652 abeant
1263 2581 1336 2650 illis
1358 2587 1393 2650 et
1416 2580 1557 2649 illorum
1580 2583 1744 2650 aradibus
1759 2582 1798 2648 in
1814 2584 1888 2669 ipse
1912 2582 2145 2652 tradiotionas
2167 2583 2324 2652 ominem
2341 2583 2436 2654 mid·

587 2739 663 2804 tere
685 2741 724 2805 at
748 2736 985 2806 lavorandum
1010 2735 1114 2826 quale
1139 2737 1328 2824 vetuerint,
1351 2735 1445 2822 quod
1471 2736 1599 2822 scripsi
1622 2753 1689 2822 ego
1711 2738 1832 2822 patrus
1854 2733 2119 2822 protonotarius
2142 2736 2205 2824 qui
2230 2737 2390 2806 interlui.

635 2861 665 2978 †
690 2891 766 2978 Ego
794 2891 966 2960 Iohannes
1886 2857 1890 2866 ¹

635 3015 667 3132 †
691 3046 731 3111 In
756 3061 796 3111 oe
818 3060 883 3130 ego
907 3046 1030 3129 petrus
1053 3041 1203 3111 affirmo.

1419 3671 1620 3754 MV111.

1365 3963 1423 4040 A·
1450 3963 1505 4042 D.
1536 3961 1664 4040 1042.

635 4199 671 4341 †
696 4253 735 4318 ln
759 4251 904 4318 nomine
930 4249 1061 4318 domini
1089 4249 1254 4320 vicesimo
1278 4249 1403 4338 quinto
1427 4267 1521 4320 anno
1544 4251 1773 4340 principatus
1804 4255 1939 4326 salerni
1963 4257 2083 4328 domni
2117 4262 2232 4330 nostri
2255 4259 2440 4350 guaimari

591 4407 767 4494 gloriosus
791 4404 946 4492 princes,
964 4408 1000 4474 et
1018 4406 1144 4492 quinto
1166 4423 1263 4474 anno
1297 4406 1531 4500 principatus
1556 4408 1634 4477 eius
1658 4427 1805 4498 capue,
1828 4415 1864 4480 et
1885 4417 2014 4500 quarto
2036 4432 2132 4484 anno
2165 4413 2320 4486 ducatus
2343 4418 2440 4488 illius

590 4558 713 4630 amalfi
735 4562 772 4627 et
797 4559 978 4644 surrentu,
1004 4561 1041 4626 et
1058 4555 1174 4644 primo
1198 4574 1294 4626 anno
1316 4561 1635 4648 suprascriptorum
1658 4562 1924 4649 principatuum
1947 4567 1983 4634 et
2013 4564 2207 4635 ducatuum
2235 4567 2356 4636 domni
2380 4571 2433 4657 gi·

589 4715 666 4787 solii
689 4719 769 4786 eius
792 4717 859 4784 filii
883 4714 1010 4784 eximii
1033 4715 1208 4804 principis
1230 4721 1266 4786 et
1289 4718 1412 4807 ducis,
1436 4737 1557 4787 manse
1580 4720 1788 4805 september,
1813 4715 2001 4789 undecima
2025 4719 2234 4791 indictione.
2260 4723 2335 4809 Ego
2359 4721 2440 4792 lan·

593 4872 731 4941 damari
755 4888 872 4938 comes
896 4869 996 4970 illius
1021 4867 1197 4974 quondam
1222 4868 1387 4956 maraldi,
1410 4868 1503 4939 sieut
1526 4870 1635 4939 michi
1656 4886 1853 4958 congruum
1869 4873 1936 4957 est,
1948 4886 2041 4939 vona
2064 4888 2143 4939 mea
2158 4871 2352 4940 bolumtate
2368 4889 2432 4959 per

445 5016 451 5029 '
589 5040 659 5093 ane
682 5023 861 5094 cartulam
884 5027 968 5092 anto
992 5021 1174 5109 presentia
1197 5023 1309 5091 amati
1332 5021 1443 5090 iudici
1467 5021 1558 5089 dono
1580 5021 1696 5110 adque
1718 5021 1764 5091 ad
1787 5040 1924 5110 semper
1947 5024 2123 5095 ebandum
2139 5025 2310 5094 confirmo
2333 5026 2431 5095 bobis

590 5177 774 5247 mansonis
797 5183 833 5246 at
856 5177 970 5266 leonis
993 5177 1182 5247 comitibus
1205 5177 1369 5262 germani
1392 5175 1458 5244 filii
1482 5177 1660 5264 quondam
1684 5181 1844 5248 mansoni
1867 5181 2014 5250 castaldi
2034 5180 2161 5250 inclita
2185 5183 2377 5255 medietate
2390 5187 2432 5256 de

590 5350 664 5402 una
689 5331 791 5419 pacia
814 5329 857 5398 de
879 5337 980 5402 terra
1003 5335 1133 5420 bacua,
1152 5331 1244 5419 quod
1260 5347 1408 5399 comune
1430 5330 1542 5400 habeo
1564 5350 1646 5400 cum
1668 5331 1845 5402 landolfus
1866 5353 2060 5422 germanus
2084 5355 2185 5405 meus
2208 5357 2231 5407 a
2255 5339 2352 5410 foras
2367 5359 2432 5410 ano

589 5485 752 5574 cibitate,
778 5485 839 5554 ubi
863 5483 1025 5556 andralle
1046 5485 1178 5555 dicitur
1203 5485 1401 5574 propinquo
1424 5483 1531 5553 flubio
1555 5485 1660 5570 lirno,
1685 5503 1753 5572 que
1769 5493 1823 5557 est
1839 5507 1903 5577 per
1925 5507 1966 5560 as
1987 5491 2088 5559 fines:
2106 5510 2128 5561 a
2144 5495 2247 5580 parte
2269 5491 2430 5564 occiden-

589 5638 637 5708 tis
659 5639 744 5707 finis
766 5641 855 5726 via;
879 5657 902 5707 a
925 5641 1029 5726 parte
1052 5639 1315 5726 septemtrionis
1337 5640 1408 5707 fine
1432 5639 1544 5708 siconi
1567 5645 1604 5708 et
1626 5641 1717 5727 petri
1741 5641 1904 5728 germani
1935 5641 2004 5711 fllii
2032 5645 2211 5731 quondam
2244 5647 2373 5735 gosleni
2396 5653 2429 5719 et
2505 5689 2517 5705 ·

590 5792 816 5881 aliquantum
839 5812 902 5881 per
925 5795 995 5863 tine
1019 5793 1063 5863 de
1088 5794 1193 5864 rebus
1218 5797 1408 5880 vestraque
1431 5795 1605 5882 germani,
1622 5795 1716 5864 sicut
1731 5794 1848 5866 media
1862 5813 1944 5884 sepe
1960 5797 2143 5870 disseruit:
2160 5820 2183 5870 a
2200 5807 2302 5890 parte
2319 5806 2432 5875 orian-
