5402 7088
996 505 1417 581 DIPLOMATICUS
1857 577 1860 584 ,
2030 505 2078 582 33

275 729 397 800 dictus
421 733 546 822 abbas,
570 733 625 802 vel
650 753 735 823 pars
759 736 871 822 ipsius
894 734 1040 806 ecclesie
1063 735 1252 806 debeamus
1268 753 1342 804 una
1357 733 1400 804 de
1415 734 1490 822 ipse
1506 734 1625 822 sortis,
1643 733 1750 821 quale
1765 733 1982 802 boluerimus
1999 733 2125 806 tollere

277 903 350 954 una
373 888 481 972 sorte,
505 889 541 954 et
564 886 641 974 ipsa
662 887 764 957 halia
786 889 881 957 sorte
903 889 995 976 quod
1018 889 1148 958 exinde
1172 890 1397 975 remanserit,
1421 887 1495 956 illis
1518 891 1555 958 et
1576 889 1651 956 suis
1674 885 1842 956 eredibus
1859 905 1924 955 sue
1940 888 2124 974 potestatis

279 1035 362 1108 illut
386 1041 509 1108 tenere
533 1057 644 1127 usque
676 1041 838 1128 completi
864 1041 930 1129 ipsi
956 1040 1087 1130 biginti
1111 1043 1236 1110 nobem
1259 1041 1375 1128 anni,
1400 1039 1473 1109 illis
1496 1039 1629 1108 ibidem
1662 1038 1888 1108 residendum
1911 1043 1947 1109 et
1969 1038 2015 1108 ad
2038 1017 2126 1110 resi·

274 1192 428 1263 dendum
455 1192 535 1261 illut
557 1193 644 1264 dare
666 1194 772 1282 quale
795 1193 962 1284 boluerit,
985 1201 1021 1264 et
1043 1213 1105 1264 sue
1128 1191 1298 1262 utilitatis
1322 1191 1418 1260 iusta
1442 1192 1581 1261 ratione
1600 1191 1731 1262 ibidem
1747 1193 1879 1282 lacare;
1898 1192 1943 1264 ad
1959 1192 2126 1280 completi

275 1349 397 1416 autem
423 1343 491 1432 ipsi
517 1343 651 1432 biginti
678 1348 803 1415 nobem
826 1347 915 1417 anni
941 1347 1048 1416 liceat
1072 1346 1143 1414 illis
1165 1350 1201 1415 et
1224 1345 1299 1412 suis
1322 1343 1513 1433 eredibus,
1538 1350 1574 1415 61
1598 1347 1759 1416 homines
1781 1345 1874 1434 quod
1899 1345 2031 1416 ibidem
2055 1346 2127 1416 illis

273 1497 443 1585 miserit,
469 1497 512 1566 de
536 1499 615 1585 ipsa
638 1515 722 1568 casa
745 1497 828 1567 inde
851 1499 952 1568 exire
975 1519 1054 1567 cum
1078 1499 1193 1567 omnis
1215 1517 1280 1567 sua
1303 1517 1412 1569 causa
1435 1497 1601 1577 movilia,
1627 1518 1695 1587 que
1720 1501 1820 1569 intus
1843 1500 1923 1588 ipsa
1945 1517 2029 1570 casa
2052 1499 2125 1568 illis

163 1733 169 1740 ‚
274 1652 432 1750 abuerit,
456 1657 493 1721 61
519 1653 572 1722 116
597 1671 677 1721 cum
703 1652 804 1721 illum
827 1653 913 1720 hubi
939 1652 1106 1739 boluerit,
1130 1653 1207 1720 sine
1229 1651 1484 1721 contrarietate
1507 1650 1551 1719 (16
1575 1669 1659 1738 pars
1684 1650 1797 1738 ipsius
1813 1651 1975 1738 ecclesie,
1993 1655 2029 1721 61
2046 1652 2126 1738 ipsa

277 1807 377 1874 16116
400 1824 481 1874 cum
507 1825 592 1876 casa
615 1765 772 1894 coperta,
796 1811 833 1876 61
855 1807 967 1894 clusa,
991 1806 1052 1874 ubi
1075 1806 1262 1892 meruerit,
1286 1807 1323 1871 et
1345 1823 1425 1872 cum
1450 1803 1637 1873 mineanea
1654 1807 1691 1871 et
1708 1821 1788 1872 cum
1804 1805 1912 1893 scale,
1932 1805 2037 1893 quale
2053 1806 2125 1876 illis

279 1956 406 2027 diebus
430 1957 554 2046 fuerit,
579 1962 743 2029 rabertar
766 1959 811 2030 ad
835 1963 1045 2047 potestatem
1069 1960 1181 2047 ipsius
1201 1959 1360 2046 ecclesie,
1385 1958 1679 2047 faciendumque
1703 1960 1870 2028 boluerit.
1900 1959 1944 2029 de
1967 1980 2039 2048 qua
2062 1979 2127 2049 per

273 2115 541 2187 combenienlia
564 2115 698 2204 guadia
717 2075 811 2184 mihi
835 2116 905 2204 ipsi
929 2116 1130 2186 domnellus
1153 2118 1330 2204 presbiter
1353 2123 1389 2186 et
1412 2117 1550 2189 11661611
1575 2135 1747 2205 germano
1770 2135 1834 2185 suo
1857 2123 1894 2186 61
1917 2122 2039 2204 petrus
2063 2118 2123 2188 de·

274 2267 434 2356 derunt,
458 2273 496 2337 et
519 2267 714 2338 mediatore
736 2269 826 2337 mibi
849 2273 1046 2356 posuerunt
1069 2271 1215 2340 iannaci
1243 2271 1450 2342 atrianense
1474 2271 1550 2340 11116
1573 2271 1669 2358 sergi
1693 2269 1736 2338 de
1762 2290 1874 2358 urso,
1898 2275 1934 2340 et
1958 2290 2021 2360 per
2045 2273 2125 2359 ipsa

272 2421 879 2521 3661116611166161111166616616
902 2423 1080 2510 eredibus,
1104 2427 1145 2490 ut
1168 2421 1199 2489 si
1222 2422 1346 2491 taliter
1369 2423 1490 2492 omnia
1515 2425 1763 2512 suprascripta
1780 2424 1818 2492 in
1835 2425 2045 2521 supradicta
2065 2444 2124 2494 ra·

272 2575 372 2642 tione
396 2574 497 2662 mihi,
523 2575 576 2642 vel
601 2575 637 2642 in
661 2593 744 2662 pars
769 2575 881 2661 ipsius
904 2575 1051 2643 66616616
1073 2593 1145 2642 non
1167 2573 1416 2663 adimpleverit
1437 2579 1473 2644 et
1503 2574 1636 2662 aliquit
1660 2523 1743 2643 inde
1766 2551 2043 2664 contradixerit,
2061 2594 2124 2664 per

278 2727 542 2798 combenientia
566 2746 629 2816 per
652 2728 730 2816 ipsa
752 2727 885 2816 guadia
919 2744 1128 2813 componere
1160 2725 1412 2814 obligaberunt
1438 2744 1476 2794 66
1498 2731 1534 2794 61
1558 2726 1634 2794 suis
1658 2726 1851 2816 eredibus,
1876 2728 1967 2796 mihi
1992 2730 2124 2800 autad

279 2899 503 2950 successores
525 2899 635 2968 meos,
658 2881 713 2949 vel
737 2879 775 2947 iu
799 2899 883 2969 pars
906 2880 1019 2968 ipsius
1041 2879 1198 2966 ecclesie,
1223 2877 1354 2966 biginti
1379 2878 1460 2946 auri
1484 2876 1588 2945 solidi
1615 2879 1849 2948 constantini.
1877 2885 2123 2951 verumtamen

279 3034 314 3099 61
339 3033 378 3100 in
404 3033 506 3100 ambe
530 3032 606 3118 ipse
628 3031 797 3100 sortionis
819 3031 863 3100 de
886 3033 964 3117 ipsa
987 3049 1072 3100 casa
1095 3031 1190 3100 intro
1214 3031 1289 3119 ipse
1313 3031 1384 3118 pilo
1408 3028 1481 3100 illis
1504 3029 1640 3101 iaciant
1664 2981 1751 3100 selle
1774 3031 1819 3100 ad
1844 3032 1974 3120 161616,
1999 3038 2039 3102 ut
2072 3034 2127 3103 di-

280 3191 450 3254 scurrant
472 3186 548 3272 ipse
572 3185 657 3254 66116
681 3187 720 3254 in
743 3171 820 3273 i'psa
843 3185 981 3254 clavica
1003 3188 1093 3256 bone
1116 3185 1222 3272 sacta,
1239 3189 1279 3253 ut
1300 3185 1506 3253 discurrant
1530 3184 1604 3270 ipse
1627 3183 1713 3253 selle
1739 3203 1800 3272 per
1824 3185 1903 3272 ipsa
1926 3187 2065 3256 clavica
2089 3193 2126 3258 et

276 3334 439 3404 conciale
463 3338 553 3406 bone
577 3336 682 3423 lacte,
706 3338 797 3404 sicut
819 3338 1004 3425 meruerit,
1028 3343 1064 3407 61
1086 3341 1182 3406 hunc
1205 3338 1347 3405 brebem
1371 3335 1496 3422 scripsi
1521 3354 1587 3423 ego
1611 3336 1771 3406 ademari
1796 3338 1971 3408 notarius.

323 3459 354 3578 †
378 3507 445 3576 ego
466 3488 627 3562 ademari
653 3461 814 3558 notarius
837 3507 894 3557 me
918 3489 1110 3577 subscripsi
1835 3459 1838 3466 ¹

323 3611 354 3728 †
379 3658 446 3729 ego
471 3639 619 3710 ioannes
642 3659 698 3710 me
723 3641 929 3729 subscripsi.

966 3928 1441 3944 m

1013 4253 1381 4338 DCCGXCIII.

1050 4553 1107 4628 A.
1135 4550 1190 4626 D.
1219 4549 1345 4626 1035.

318 4803 353 4937 Τ
379 4849 419 4914 ln
444 4844 587 4915 nomine
609 4842 743 4912 domini
766 4841 915 4929 septimo
935 4841 1070 4911 decimo
1093 4829 1189 4909 anno
1211 4839 1431 4928 principatus
1454 4839 1574 4908 domni
1599 4837 1712 4906 nostri
1739 4837 1935 4926 guaimarii
1960 4840 2122 4928 glorioso

272 5002 454 5091 princeps,
477 4999 574 5068 filius
597 4997 773 5087 quondam
796 4993 915 5065 domni
938 4995 1130 5083 guaimari,
1153 5011 1273 5062 mense
1296 4991 1429 5080 iunius,
1446 4992 1557 5062 tertia
1583 4991 1792 5061 indictione.
1817 4994 2122 5100 ¹Memoratorium

269 5157 406 5226 lactum
428 5172 522 5226 ame
544 5153 648 5223 alferi
672 5149 802 5220 clerico
823 5155 861 5219 61
884 5151 1014 5217 abbata
1036 5147 1189 5217 66616616
1211 5107 1329 5216 sancti
1354 5143 1505 5215 maximi
1531 5148 1616 5214 ante
1639 5147 1822 5232 presentia
1845 5145 2038 5233 grimoaldi
2063 5163 2120 5214 co·

267 5311 346 5380 miti
370 5315 408 5380 et
431 5308 543 5378 iudici
567 5325 629 5396 per
652 5309 747 5375 bona
769 5301 1131 5390 combenientia,uua
1146 5318 1284 5370 mecum
1307 5305 1398 5368 esset
1421 5301 1563 5368 amatus
1587 5297 1696 5367 iudex
1718 5296 1910 5368 adbocator
1928 5299 2119 5402 166166166-

270 5464 378 5532 616616
402 5460 518 5532 sancti
544 5458 706 5545 maximi,
730 5456 776 5526 ad
799 5454 991 5524 tenendum
1013 5459 1050 5524 et
1072 5454 1298 5524 residendum
1321 5453 1470 5523 tradidit
1491 5451 1686 5524 costantini
1704 5451 1779 5522 filio
1798 5453 1962 5537 iohanni,
1979 5450 2042 5538 qui
2059 5451 2114 5519 di·

270 5617 365 5684 citur
389 5631 544 5700 russum,
569 5616 668 5682 terra
691 5627 771 5678 cum
795 5625 880 5678 casa
903 5605 1087 5695 lingnitia,
1110 5607 1202 5716 quod
1227 5606 1286 5675 ille
1309 5606 1490 5676 edificavit
1513 5606 1557 5674 de
1580 5609 1702 5673 monte
1725 5605 1825 5674 intus
1851 5603 2115 5674 salernitanam

271 5769 454 5838 civitatem
477 5767 540 5854 qui
562 5769 615 5835 est
639 5761 877 5851 pertinentem
900 5760 1015 5847 ipsius
1036 5757 1184 5829 66616616
1206 5762 1321 5829 sancti
1346 5761 1519 5860 maximi,
1544 5765 1582 5832 et
1604 5764 1659 5830 661
1681 5778 1705 5829 6
1727 5776 1833 5846 super
1858 5759 1937 5845 ipsa
1960 5757 2114 5829 ecclesia
2187 5843 2192 5850 ι

342 5954 412 6014 Tot.
435 5967 476 6011 vr.
607 5957 614 5970 ·
1931 5947 1948 6006 5
