<?xml version="1.0" encoding="UTF-8"?>
<!DOCTYPE html PUBLIC "-//W3C//DTD XHTML 1.0 Transitional//EN"
    "http://www.w3.org/TR/xhtml1/DTD/xhtml1-transitional.dtd">
<html xmlns="http://www.w3.org/1999/xhtml" xml:lang="en" lang="en">
 <head>
  <title>
</title>
<meta http-equiv="Content-Type" content="text/html;charset=utf-8" />
  <meta name='ocr-system' content='tesseract 3.04.00' />
  <meta name='ocr-capabilities' content='ocr_page ocr_carea ocr_par ocr_line ocrx_word'/>
</head>
<body>
  <div class='ocr_page' id='page_1' title='image "./codexdiplomatic04aragoog_0134.png"; bbox 0 0 5456 7096; ppageno 0'>
   <div class='ocr_carea' id='block_1_1' title="bbox 589 503 1709 613">
    <p class='ocr_par' dir='ltr' id='par_1_1' title="bbox 589 503 1709 613">
     <span class='ocr_line' id='line_1_1' title="bbox 589 503 1709 613; baseline -0.003 0"><span class='ocrx_word' id='word_1_1' title='bbox 589 540 637 613; x_wconf 81' lang='lat' dir='ltr'>sr</span> <span class='ocrx_word' id='word_1_2' title='bbox 1235 503 1409 611; x_wconf 87' lang='lat' dir='ltr'>uonnx</span> <span class='ocrx_word' id='word_1_3' title='bbox 1442 537 1709 613; x_wconf 81' lang='lat' dir='ltr'>uuvnusrs</span> 
     </span>
    </p>
   </div>
   <div class='ocr_carea' id='block_1_2' title="bbox 443 767 2391 862">
    <p class='ocr_par' dir='ltr' id='par_1_2' title="bbox 443 767 2391 862">
     <span class='ocr_line' id='line_1_2' title="bbox 443 767 2391 862; baseline -0.004 -19"><span class='ocrx_word' id='word_1_4' title='bbox 443 773 449 782; x_wconf 90' lang='lat'>&#39;</span> <span class='ocrx_word' id='word_1_5' title='bbox 553 789 697 862; x_wconf 87' lang='lat' dir='ltr'>passum</span> <span class='ocrx_word' id='word_1_6' title='bbox 719 768 830 839; x_wconf 89' lang='lat' dir='ltr'>omini</span> <span class='ocrx_word' id='word_1_7' title='bbox 853 771 1113 840; x_wconf 88' lang='lat' dir='ltr'>mensuratum.</span> <span class='ocrx_word' id='word_1_8' title='bbox 1138 787 1178 837; x_wconf 89' lang='lat' dir='ltr'>ee</span> <span class='ocrx_word' id='word_1_9' title='bbox 1194 785 1277 837; x_wconf 87' lang='lat' dir='ltr'>vero</span> <span class='ocrx_word' id='word_1_10' title='bbox 1300 769 1404 838; x_wconf 87' lang='lat' dir='ltr'>ambo</span> <span class='ocrx_word' id='word_1_11' title='bbox 1419 769 1623 858; x_wconf 86' lang='lat' dir='ltr'>supradicte</span> <span class='ocrx_word' id='word_1_12' title='bbox 1646 769 1744 858; x_wconf 81' lang='lat' dir='ltr'>pecie</span> <span class='ocrx_word' id='word_1_13' title='bbox 1768 787 1831 858; x_wconf 88' lang='lat' dir='ltr'>per</span> <span class='ocrx_word' id='word_1_14' title='bbox 1855 768 2025 838; x_wconf 84' lang='lat' dir='ltr'>iamdicta</span> <span class='ocrx_word' id='word_1_15' title='bbox 2048 768 2138 838; x_wconf 85' lang='lat' dir='ltr'>lines</span> <span class='ocrx_word' id='word_1_16' title='bbox 2159 771 2195 838; x_wconf 89' lang='lat' dir='ltr'>et</span> <span class='ocrx_word' id='word_1_17' title='bbox 2210 767 2391 838; x_wconf 78' lang='lat' dir='ltr'><strong>mensurio</strong></span> 
     </span>
    </p>
   </div>
   <div class='ocr_carea' id='block_1_3' title="bbox 465 920 2452 5800">
    <p class='ocr_par' dir='ltr' id='par_1_3' title="bbox 465 920 2452 5800">
     <span class='ocr_line' id='line_1_3' title="bbox 543 920 2395 1013; baseline 0.002 -23"><span class='ocrx_word' id='word_1_18' title='bbox 543 925 713 993; x_wconf 86' lang='lat' dir='ltr'>inclitum</span> <span class='ocrx_word' id='word_1_19' title='bbox 738 921 820 992; x_wconf 92' lang='lat' dir='ltr'>illut</span> <span class='ocrx_word' id='word_1_20' title='bbox 842 922 954 1010; x_wconf 89' lang='lat' dir='ltr'>ipsius</span> <span class='ocrx_word' id='word_1_21' title='bbox 978 921 1127 991; x_wconf 89' lang='lat' dir='ltr'>amoniti</span> <span class='ocrx_word' id='word_1_22' title='bbox 1152 921 1198 990; x_wconf 89' lang='lat' dir='ltr'>ad</span> <span class='ocrx_word' id='word_1_23' title='bbox 1222 920 1457 993; x_wconf 87' lang='lat' dir='ltr'>laborandum</span> <span class='ocrx_word' id='word_1_24' title='bbox 1479 929 1516 993; x_wconf 91' lang='lat' dir='ltr'>et</span> <span class='ocrx_word' id='word_1_25' title='bbox 1537 925 1796 1013; x_wconf 88' lang='lat' dir='ltr'>pastenandum</span> <span class='ocrx_word' id='word_1_26' title='bbox 1821 925 1980 1013; x_wconf 77' lang='lat' dir='ltr'><strong>tradidit,</strong></span> <span class='ocrx_word' id='word_1_27' title='bbox 1998 926 2091 996; x_wconf 88' lang='lat' dir='ltr'>unde</span> <span class='ocrx_word' id='word_1_28' title='bbox 2109 943 2174 1013; x_wconf 88' lang='lat' dir='ltr'>pro</span> <span class='ocrx_word' id='word_1_29' title='bbox 2190 925 2314 996; x_wconf 88' lang='lat' dir='ltr'>taliter</span> <span class='ocrx_word' id='word_1_30' title='bbox 2330 943 2395 1013; x_wconf 91' lang='lat' dir='ltr'>por</span> 
     </span>
     <span class='ocr_line' id='line_1_4' title="bbox 546 1073 2393 1167; baseline 0.003 -27"><span class='ocrx_word' id='word_1_31' title='bbox 546 1089 642 1143; x_wconf 89' lang='lat' dir='ltr'>vona</span> <span class='ocrx_word' id='word_1_32' title='bbox 667 1073 928 1143; x_wconf 88' lang='lat' dir='ltr'>comvenientia</span> <span class='ocrx_word' id='word_1_33' title='bbox 949 1074 1083 1161; x_wconf 87' lang='lat' dir='ltr'>guadia</span> <span class='ocrx_word' id='word_1_34' title='bbox 1107 1075 1197 1142; x_wconf 92' lang='lat' dir='ltr'>mihi</span> <span class='ocrx_word' id='word_1_35' title='bbox 1222 1074 1297 1163; x_wconf 88' lang='lat' dir='ltr'>ipse</span> <span class='ocrx_word' id='word_1_36' title='bbox 1321 1076 1500 1146; x_wconf 89' lang='lat' dir='ltr'>amonitus</span> <span class='ocrx_word' id='word_1_37' title='bbox 1523 1078 1619 1146; x_wconf 85' lang='lat' dir='ltr'><strong>dedit</strong></span> <span class='ocrx_word' id='word_1_38' title='bbox 1641 1083 1678 1148; x_wconf 90' lang='lat' dir='ltr'>et</span> <span class='ocrx_word' id='word_1_39' title='bbox 1699 1078 1929 1148; x_wconf 83' lang='lat' dir='ltr'>mediatorem</span> <span class='ocrx_word' id='word_1_40' title='bbox 1952 1079 2041 1148; x_wconf 91' lang='lat' dir='ltr'>mihi</span> <span class='ocrx_word' id='word_1_41' title='bbox 2065 1079 2182 1167; x_wconf 83' lang='lat' dir='ltr'><strong>posuit</strong></span> <span class='ocrx_word' id='word_1_42' title='bbox 2206 1097 2244 1147; x_wconf 92' lang='lat' dir='ltr'>se</span> <span class='ocrx_word' id='word_1_43' title='bbox 2275 1082 2393 1166; x_wconf 89' lang='lat' dir='ltr'>ipsum</span> 
     </span>
     <span class='ocr_line' id='line_1_5' title="bbox 545 1229 2393 1319; baseline -0.001 -19"><span class='ocrx_word' id='word_1_44' title='bbox 545 1232 739 1316; x_wconf 83' lang='lat' dir='ltr'>amonitus3</span> <span class='ocrx_word' id='word_1_45' title='bbox 764 1232 800 1298; x_wconf 88' lang='lat' dir='ltr'>et</span> <span class='ocrx_word' id='word_1_46' title='bbox 823 1246 886 1318; x_wconf 92' lang='lat' dir='ltr'>per</span> <span class='ocrx_word' id='word_1_47' title='bbox 910 1229 989 1317; x_wconf 92' lang='lat' dir='ltr'>ipsa</span> <span class='ocrx_word' id='word_1_48' title='bbox 1012 1230 1147 1318; x_wconf 84' lang='lat' dir='ltr'>guadia</span> <span class='ocrx_word' id='word_1_49' title='bbox 1170 1231 1343 1317; x_wconf 83' lang='lat' dir='ltr'>obligavit</span> <span class='ocrx_word' id='word_1_50' title='bbox 1365 1248 1403 1298; x_wconf 91' lang='lat' dir='ltr'>se</span> <span class='ocrx_word' id='word_1_51' title='bbox 1426 1249 1576 1317; x_wconf 89' lang='lat' dir='ltr'>suosque</span> <span class='ocrx_word' id='word_1_52' title='bbox 1599 1232 1692 1300; x_wconf 87' lang='lat' dir='ltr'>filios</span> <span class='ocrx_word' id='word_1_53' title='bbox 1715 1233 1838 1302; x_wconf 89' lang='lat' dir='ltr'>eredes</span> <span class='ocrx_word' id='word_1_54' title='bbox 1862 1231 1926 1300; x_wconf 90' lang='lat' dir='ltr'>tali</span> <span class='ocrx_word' id='word_1_55' title='bbox 1953 1229 2092 1319; x_wconf 85' lang='lat' dir='ltr'>ordine,</span> <span class='ocrx_word' id='word_1_56' title='bbox 2118 1235 2157 1300; x_wconf 92' lang='lat' dir='ltr'>ut</span> <span class='ocrx_word' id='word_1_57' title='bbox 2197 1229 2322 1300; x_wconf 91' lang='lat' dir='ltr'>amodo</span> <span class='ocrx_word' id='word_1_58' title='bbox 2356 1232 2393 1299; x_wconf 89' lang='lat' dir='ltr'>et</span> 
     </span>
     <span class='ocr_line' id='line_1_6' title="bbox 553 1383 2391 1474; baseline -0.001 -21"><span class='ocrx_word' id='word_1_59' title='bbox 553 1383 736 1453; x_wconf 84' lang='lat' dir='ltr'>duodecim</span> <span class='ocrx_word' id='word_1_60' title='bbox 760 1385 848 1453; x_wconf 90' lang='lat' dir='ltr'>anni</span> <span class='ocrx_word' id='word_1_61' title='bbox 873 1385 1036 1472; x_wconf 88' lang='lat' dir='ltr'>completi</span> <span class='ocrx_word' id='word_1_62' title='bbox 1060 1385 1106 1453; x_wconf 88' lang='lat' dir='ltr'>ad</span> <span class='ocrx_word' id='word_1_63' title='bbox 1129 1403 1194 1454; x_wconf 91' lang='lat' dir='ltr'>sua</span> <span class='ocrx_word' id='word_1_64' title='bbox 1216 1389 1253 1453; x_wconf 90' lang='lat' dir='ltr'>et</span> <span class='ocrx_word' id='word_1_65' title='bbox 1275 1386 1318 1454; x_wconf 92' lang='lat' dir='ltr'>de</span> <span class='ocrx_word' id='word_1_66' title='bbox 1341 1388 1416 1454; x_wconf 88' lang='lat' dir='ltr'>suis</span> <span class='ocrx_word' id='word_1_67' title='bbox 1438 1384 1602 1454; x_wconf 87' lang='lat' dir='ltr'>eredibus</span> <span class='ocrx_word' id='word_1_68' title='bbox 1626 1387 1700 1454; x_wconf 87' lang='lat' dir='ltr'>sint</span> <span class='ocrx_word' id='word_1_69' title='bbox 1723 1389 1897 1474; x_wconf 75' lang='lat' dir='ltr'>potestate</span> <span class='ocrx_word' id='word_1_70' title='bbox 1919 1403 1979 1453; x_wconf 88' lang='lat' dir='ltr'>eos</span> <span class='ocrx_word' id='word_1_71' title='bbox 2003 1385 2196 1454; x_wconf 89' lang='lat' dir='ltr'>tenendum</span> <span class='ocrx_word' id='word_1_72' title='bbox 2219 1388 2256 1453; x_wconf 91' lang='lat' dir='ltr'>et</span> <span class='ocrx_word' id='word_1_73' title='bbox 2279 1383 2391 1452; x_wconf 91' lang='lat' dir='ltr'>domi·</span> 
     </span>
     <span class='ocr_line' id='line_1_7' title="bbox 548 1537 2392 1629; baseline -0.001 -21"><span class='ocrx_word' id='word_1_74' title='bbox 548 1540 723 1626; x_wconf 87' lang='lat' dir='ltr'>nandum,</span> <span class='ocrx_word' id='word_1_75' title='bbox 748 1543 787 1621; x_wconf 85' lang='lat' dir='ltr'>et¹</span> <span class='ocrx_word' id='word_1_76' title='bbox 807 1539 905 1608; x_wconf 87' lang='lat' dir='ltr'>iobee</span> <span class='ocrx_word' id='word_1_77' title='bbox 929 1543 965 1607; x_wconf 90' lang='lat' dir='ltr'>et</span> <span class='ocrx_word' id='word_1_78' title='bbox 986 1537 1102 1606; x_wconf 89' lang='lat' dir='ltr'>omnis</span> <span class='ocrx_word' id='word_1_79' title='bbox 1124 1558 1187 1608; x_wconf 92' lang='lat' dir='ltr'>sue</span> <span class='ocrx_word' id='word_1_80' title='bbox 1209 1538 1381 1609; x_wconf 84' lang='lat' dir='ltr'>utilitatis</span> <span class='ocrx_word' id='word_1_81' title='bbox 1405 1539 1499 1608; x_wconf 89' lang='lat' dir='ltr'>iusta</span> <span class='ocrx_word' id='word_1_82' title='bbox 1521 1539 1696 1608; x_wconf 90' lang='lat' dir='ltr'>rationem</span> <span class='ocrx_word' id='word_1_83' title='bbox 1723 1539 1853 1608; x_wconf 89' lang='lat' dir='ltr'>ibidem</span> <span class='ocrx_word' id='word_1_84' title='bbox 1877 1539 2028 1629; x_wconf 86' lang='lat' dir='ltr'>faciant,</span> <span class='ocrx_word' id='word_1_85' title='bbox 2053 1541 2181 1626; x_wconf 86' lang='lat' dir='ltr'>etipse</span> <span class='ocrx_word' id='word_1_86' title='bbox 2205 1541 2392 1609; x_wconf 87' lang='lat' dir='ltr'>arbustum</span> 
     </span>
     <span class='ocr_line' id='line_1_8' title="bbox 545 1693 2398 1783; baseline -0.001 -18"><span class='ocrx_word' id='word_1_87' title='bbox 545 1697 765 1783; x_wconf 84' lang='lat' dir='ltr'>temporibus</span> <span class='ocrx_word' id='word_1_88' title='bbox 791 1695 866 1763; x_wconf 90' lang='lat' dir='ltr'>suis</span> <span class='ocrx_word' id='word_1_89' title='bbox 889 1693 1097 1766; x_wconf 86' lang='lat' dir='ltr'>laborarent</span> <span class='ocrx_word' id='word_1_90' title='bbox 1120 1700 1155 1765; x_wconf 89' lang='lat' dir='ltr'>et</span> <span class='ocrx_word' id='word_1_91' title='bbox 1179 1697 1359 1765; x_wconf 88' lang='lat' dir='ltr'>cultarent</span> <span class='ocrx_word' id='word_1_92' title='bbox 1382 1694 1425 1762; x_wconf 92' lang='lat' dir='ltr'>de</span> <span class='ocrx_word' id='word_1_93' title='bbox 1447 1711 1553 1780; x_wconf 91' lang='lat' dir='ltr'>super</span> <span class='ocrx_word' id='word_1_94' title='bbox 1575 1698 1612 1761; x_wconf 89' lang='lat' dir='ltr'>et</span> <span class='ocrx_word' id='word_1_95' title='bbox 1635 1693 1678 1761; x_wconf 86' lang='lat' dir='ltr'>de</span> <span class='ocrx_word' id='word_1_96' title='bbox 1701 1697 1835 1783; x_wconf 90' lang='lat' dir='ltr'>supter,</span> <span class='ocrx_word' id='word_1_97' title='bbox 1859 1694 1951 1764; x_wconf 90' lang='lat' dir='ltr'>sieut</span> <span class='ocrx_word' id='word_1_98' title='bbox 1974 1695 2074 1764; x_wconf 87' lang='lat' dir='ltr'>loeus</span> <span class='ocrx_word' id='word_1_99' title='bbox 2098 1695 2192 1782; x_wconf 90' lang='lat' dir='ltr'>ipse·</span> <span class='ocrx_word' id='word_1_100' title='bbox 2210 1697 2398 1774; x_wconf 90' lang='lat' dir='ltr'>meruerit,</span> 
     </span>
     <span class='ocr_line' id='line_1_9' title="bbox 548 1847 2398 1938; baseline -0.001 -21"><span class='ocrx_word' id='word_1_101' title='bbox 548 1854 730 1937; x_wconf 87' lang='lat' dir='ltr'>quatenus</span> <span class='ocrx_word' id='word_1_102' title='bbox 753 1850 943 1936; x_wconf 82' lang='lat' dir='ltr'>proficiant</span> <span class='ocrx_word' id='word_1_103' title='bbox 965 1853 1001 1918; x_wconf 90' lang='lat' dir='ltr'>et</span> <span class='ocrx_word' id='word_1_104' title='bbox 1025 1867 1096 1918; x_wconf 91' lang='lat' dir='ltr'>non</span> <span class='ocrx_word' id='word_1_105' title='bbox 1121 1849 1338 1938; x_wconf 89' lang='lat' dir='ltr'>dispereant;</span> <span class='ocrx_word' id='word_1_106' title='bbox 1363 1855 1398 1918; x_wconf 87' lang='lat' dir='ltr'>et</span> <span class='ocrx_word' id='word_1_107' title='bbox 1421 1850 1499 1936; x_wconf 87' lang='lat' dir='ltr'>ipsa</span> <span class='ocrx_word' id='word_1_108' title='bbox 1523 1849 1624 1934; x_wconf 82' lang='lat' dir='ltr'>peria</span> <span class='ocrx_word' id='word_1_109' title='bbox 1647 1849 1692 1917; x_wconf 87' lang='lat' dir='ltr'>da</span> <span class='ocrx_word' id='word_1_110' title='bbox 1710 1848 1884 1918; x_wconf 88' lang='lat' dir='ltr'>eolumola</span> <span class='ocrx_word' id='word_1_111' title='bbox 1901 1867 1964 1936; x_wconf 91' lang='lat' dir='ltr'>per</span> <span class='ocrx_word' id='word_1_112' title='bbox 1982 1847 2049 1936; x_wconf 92' lang='lat' dir='ltr'>ipsi</span> <span class='ocrx_word' id='word_1_113' title='bbox 2068 1848 2152 1915; x_wconf 89' lang='lat' dir='ltr'>finis</span> <span class='ocrx_word' id='word_1_114' title='bbox 2168 1851 2203 1916; x_wconf 84' lang='lat' dir='ltr'>et</span> <span class='ocrx_word' id='word_1_115' title='bbox 2217 1848 2398 1919; x_wconf 89' lang='lat' dir='ltr'>mensurie</span> 
     </span>
     <span class='ocr_line' id='line_1_10' title="bbox 545 2002 2394 2093; baseline -0.003 -17"><span class='ocrx_word' id='word_1_116' title='bbox 545 2009 622 2076; x_wconf 88' lang='lat' dir='ltr'>tota</span> <span class='ocrx_word' id='word_1_117' title='bbox 645 2003 879 2093; x_wconf 87' lang='lat' dir='ltr'>pastenarent</span> <span class='ocrx_word' id='word_1_118' title='bbox 903 2006 1090 2074; x_wconf 91' lang='lat' dir='ltr'>arbustum</span> <span class='ocrx_word' id='word_1_119' title='bbox 1114 2006 1157 2074; x_wconf 88' lang='lat' dir='ltr'>de</span> <span class='ocrx_word' id='word_1_120' title='bbox 1180 2023 1270 2072; x_wconf 87' lang='lat' dir='ltr'>veno</span> <span class='ocrx_word' id='word_1_121' title='bbox 1293 2004 1421 2072; x_wconf 91' lang='lat' dir='ltr'>vitinio</span> <span class='ocrx_word' id='word_1_122' title='bbox 1437 2008 1473 2072; x_wconf 89' lang='lat' dir='ltr'>et</span> <span class='ocrx_word' id='word_1_123' title='bbox 1489 2022 1547 2070; x_wconf 89' lang='lat' dir='ltr'>eos</span> <span class='ocrx_word' id='word_1_124' title='bbox 1564 2002 1756 2091; x_wconf 80' lang='lat' dir='ltr'>saltarent,</span> <span class='ocrx_word' id='word_1_125' title='bbox 1773 2007 1867 2072; x_wconf 89' lang='lat' dir='ltr'>siout</span> <span class='ocrx_word' id='word_1_126' title='bbox 1890 2005 2076 2090; x_wconf 90' lang='lat' dir='ltr'>meruerit,</span> <span class='ocrx_word' id='word_1_127' title='bbox 2094 2009 2129 2072; x_wconf 92' lang='lat' dir='ltr'>et</span> <span class='ocrx_word' id='word_1_128' title='bbox 2147 2021 2251 2090; x_wconf 87' lang='lat' dir='ltr'>aquo</span> <span class='ocrx_word' id='word_1_129' title='bbox 2267 2004 2394 2071; x_wconf 86' lang='lat' dir='ltr'>vinum</span> 
     </span>
     <span class='ocr_line' id='line_1_11' title="bbox 552 2141 2383 2244; baseline 0.001 -21"><span class='ocrx_word' id='word_1_130' title='bbox 552 2155 636 2224; x_wconf 90' lang='lat' dir='ltr'>inde</span> <span class='ocrx_word' id='word_1_131' title='bbox 659 2158 802 2243; x_wconf 83' lang='lat' dir='ltr'>exierit,</span> <span class='ocrx_word' id='word_1_132' title='bbox 826 2141 1054 2232; x_wconf 84' lang='lat' dir='ltr'>medietatem</span> <span class='ocrx_word' id='word_1_133' title='bbox 1078 2157 1163 2224; x_wconf 85' lang='lat' dir='ltr'>illut</span> <span class='ocrx_word' id='word_1_134' title='bbox 1184 2158 1285 2224; x_wconf 91' lang='lat' dir='ltr'>nobis</span> <span class='ocrx_word' id='word_1_135' title='bbox 1302 2156 1355 2224; x_wconf 90' lang='lat' dir='ltr'>vel</span> <span class='ocrx_word' id='word_1_136' title='bbox 1373 2157 1419 2226; x_wconf 92' lang='lat' dir='ltr'>ad</span> <span class='ocrx_word' id='word_1_137' title='bbox 1435 2158 1568 2225; x_wconf 90' lang='lat' dir='ltr'>nostris</span> <span class='ocrx_word' id='word_1_138' title='bbox 1583 2155 1746 2226; x_wconf 89' lang='lat' dir='ltr'>eredibus</span> <span class='ocrx_word' id='word_1_139' title='bbox 1769 2156 1869 2244; x_wconf 88' lang='lat' dir='ltr'>dare,</span> <span class='ocrx_word' id='word_1_140' title='bbox 1886 2161 1923 2224; x_wconf 88' lang='lat' dir='ltr'>et</span> <span class='ocrx_word' id='word_1_141' title='bbox 1940 2157 2080 2243; x_wconf 86' lang='lat' dir='ltr'>reliqua</span> <span class='ocrx_word' id='word_1_142' title='bbox 2096 2156 2287 2226; x_wconf 88' lang='lat' dir='ltr'>medietate</span> <span class='ocrx_word' id='word_1_143' title='bbox 2304 2156 2383 2227; x_wconf 92' lang='lat' dir='ltr'>illut</span> 
     </span>
     <span class='ocr_line' id='line_1_12' title="bbox 548 2308 2391 2399; baseline 0.001 -19"><span class='ocrx_word' id='word_1_144' title='bbox 548 2309 620 2380; x_wconf 90' lang='lat' dir='ltr'>sivi</span> <span class='ocrx_word' id='word_1_145' title='bbox 643 2313 763 2380; x_wconf 90' lang='lat' dir='ltr'>abere.</span> <span class='ocrx_word' id='word_1_146' title='bbox 789 2311 834 2380; x_wconf 91' lang='lat' dir='ltr'>ad</span> <span class='ocrx_word' id='word_1_147' title='bbox 858 2311 1023 2399; x_wconf 88' lang='lat' dir='ltr'>completi</span> <span class='ocrx_word' id='word_1_148' title='bbox 1043 2308 1167 2379; x_wconf 90' lang='lat' dir='ltr'>&#39;autem</span> <span class='ocrx_word' id='word_1_149' title='bbox 1190 2311 1258 2398; x_wconf 90' lang='lat' dir='ltr'>ipsi</span> <span class='ocrx_word' id='word_1_150' title='bbox 1283 2309 1467 2379; x_wconf 85' lang='lat' dir='ltr'>duodecim</span> <span class='ocrx_word' id='word_1_151' title='bbox 1491 2315 1578 2382; x_wconf 86' lang='lat' dir='ltr'>anni</span> <span class='ocrx_word' id='word_1_152' title='bbox 1596 2311 1656 2380; x_wconf 91' lang='lat' dir='ltr'>ille</span> <span class='ocrx_word' id='word_1_153' title='bbox 1672 2319 1792 2382; x_wconf 88' lang='lat' dir='ltr'>autem</span> <span class='ocrx_word' id='word_1_154' title='bbox 1807 2310 1862 2380; x_wconf 88' lang='lat' dir='ltr'>vel</span> <span class='ocrx_word' id='word_1_155' title='bbox 1878 2311 1953 2378; x_wconf 90' lang='lat' dir='ltr'>suis</span> <span class='ocrx_word' id='word_1_156' title='bbox 1965 2309 2049 2380; x_wconf 87' lang='lat' dir='ltr'>tiliis</span> <span class='ocrx_word' id='word_1_157' title='bbox 2065 2314 2101 2379; x_wconf 90' lang='lat' dir='ltr'>et</span> <span class='ocrx_word' id='word_1_158' title='bbox 2117 2311 2240 2380; x_wconf 89' lang='lat' dir='ltr'>eredes</span> <span class='ocrx_word' id='word_1_159' title='bbox 2253 2314 2391 2382; x_wconf 89' lang='lat' dir='ltr'>abeant</span> 
     </span>
     <span class='ocr_line' id='line_1_13' title="bbox 547 2464 2387 2555; baseline 0.002 -23"><span class='ocrx_word' id='word_1_160' title='bbox 547 2464 587 2532; x_wconf 90' lang='lat' dir='ltr'>in</span> <span class='ocrx_word' id='word_1_161' title='bbox 611 2468 687 2534; x_wconf 88' lang='lat' dir='ltr'>tota</span> <span class='ocrx_word' id='word_1_162' title='bbox 711 2465 789 2553; x_wconf 93' lang='lat' dir='ltr'>ipsa</span> <span class='ocrx_word' id='word_1_163' title='bbox 811 2471 911 2536; x_wconf 89' lang='lat' dir='ltr'>terra</span> <span class='ocrx_word' id='word_1_164' title='bbox 933 2466 980 2537; x_wconf 89' lang='lat' dir='ltr'>da</span> <span class='ocrx_word' id='word_1_165' title='bbox 1002 2465 1209 2535; x_wconf 85' lang='lat' dir='ltr'>eomlomola</span> <span class='ocrx_word' id='word_1_166' title='bbox 1231 2467 1414 2536; x_wconf 87' lang='lat' dir='ltr'>arbustum</span> <span class='ocrx_word' id='word_1_167' title='bbox 1438 2467 1583 2555; x_wconf 82' lang='lat' dir='ltr'>laetum,</span> <span class='ocrx_word' id='word_1_168' title='bbox 1607 2470 1791 2555; x_wconf 89' lang='lat' dir='ltr'>operatum</span> <span class='ocrx_word' id='word_1_169' title='bbox 1829 2473 1865 2538; x_wconf 91' lang='lat' dir='ltr'>et</span> <span class='ocrx_word' id='word_1_170' title='bbox 1887 2467 2063 2536; x_wconf 88' lang='lat' dir='ltr'>eultatum</span> <span class='ocrx_word' id='word_1_171' title='bbox 2087 2465 2131 2534; x_wconf 88' lang='lat' dir='ltr'>de</span> <span class='ocrx_word' id='word_1_172' title='bbox 2154 2485 2261 2553; x_wconf 87' lang='lat' dir='ltr'>super</span> <span class='ocrx_word' id='word_1_173' title='bbox 2284 2471 2321 2536; x_wconf 89' lang='lat' dir='ltr'>et</span> <span class='ocrx_word' id='word_1_174' title='bbox 2343 2467 2387 2536; x_wconf 90' lang='lat' dir='ltr'>de</span> 
     </span>
     <span class='ocr_line' id='line_1_14' title="bbox 548 2621 2383 2710; baseline 0.001 -22"><span class='ocrx_word' id='word_1_175' title='bbox 548 2625 685 2708; x_wconf 89' lang='lat' dir='ltr'>supter,</span> <span class='ocrx_word' id='word_1_176' title='bbox 710 2622 803 2690; x_wconf 88' lang='lat' dir='ltr'>sicut</span> <span class='ocrx_word' id='word_1_177' title='bbox 825 2621 868 2689; x_wconf 90' lang='lat' dir='ltr'>de</span> <span class='ocrx_word' id='word_1_178' title='bbox 894 2624 1013 2690; x_wconf 89' lang='lat' dir='ltr'>tantos</span> <span class='ocrx_word' id='word_1_179' title='bbox 1037 2639 1150 2691; x_wconf 89' lang='lat' dir='ltr'>annos</span> <span class='ocrx_word' id='word_1_180' title='bbox 1174 2621 1270 2690; x_wconf 88' lang='lat' dir='ltr'>loeus</span> <span class='ocrx_word' id='word_1_181' title='bbox 1295 2623 1369 2710; x_wconf 88' lang='lat' dir='ltr'>ipse</span> <span class='ocrx_word' id='word_1_182' title='bbox 1391 2625 1576 2710; x_wconf 89' lang='lat' dir='ltr'>meruerit,</span> <span class='ocrx_word' id='word_1_183' title='bbox 1604 2627 1642 2692; x_wconf 93' lang='lat' dir='ltr'>ut</span> <span class='ocrx_word' id='word_1_184' title='bbox 1665 2641 1752 2691; x_wconf 89' lang='lat' dir='ltr'>vene</span> <span class='ocrx_word' id='word_1_185' title='bbox 1776 2627 1901 2710; x_wconf 90' lang='lat' dir='ltr'>pareat</span> <span class='ocrx_word' id='word_1_186' title='bbox 1916 2623 2060 2709; x_wconf 86' lang='lat' dir='ltr'>sartum,</span> <span class='ocrx_word' id='word_1_187' title='bbox 2079 2626 2115 2691; x_wconf 91' lang='lat' dir='ltr'>et</span> <span class='ocrx_word' id='word_1_188' title='bbox 2131 2622 2204 2691; x_wconf 88' lang='lat' dir='ltr'>iam</span> <span class='ocrx_word' id='word_1_189' title='bbox 2220 2623 2383 2691; x_wconf 88' lang='lat' dir='ltr'>inantea</span> 
     </span>
     <span class='ocr_line' id='line_1_15' title="bbox 550 2773 2392 2866; baseline 0.002 -25"><span class='ocrx_word' id='word_1_190' title='bbox 550 2774 647 2841; x_wconf 90' lang='lat' dir='ltr'>omni</span> <span class='ocrx_word' id='word_1_191' title='bbox 672 2776 844 2862; x_wconf 91' lang='lat' dir='ltr'>tempore,</span> <span class='ocrx_word' id='word_1_192' title='bbox 868 2774 950 2842; x_wconf 92' lang='lat' dir='ltr'>dum</span> <span class='ocrx_word' id='word_1_193' title='bbox 974 2773 1036 2842; x_wconf 92' lang='lat' dir='ltr'>ille</span> <span class='ocrx_word' id='word_1_194' title='bbox 1059 2774 1114 2842; x_wconf 93' lang='lat' dir='ltr'>vel</span> <span class='ocrx_word' id='word_1_195' title='bbox 1137 2776 1211 2842; x_wconf 89' lang='lat' dir='ltr'>suis</span> <span class='ocrx_word' id='word_1_196' title='bbox 1227 2775 1402 2862; x_wconf 66' lang='lat' dir='ltr'>eredibus</span> <span class='ocrx_word' id='word_1_197' title='bbox 1420 2779 1524 2846; x_wconf 86' lang='lat' dir='ltr'>natos</span> <span class='ocrx_word' id='word_1_198' title='bbox 1535 2779 1715 2866; x_wconf 85' lang='lat' dir='ltr'>nascente,</span> <span class='ocrx_word' id='word_1_199' title='bbox 1728 2782 1804 2847; x_wconf 88' lang='lat' dir='ltr'>tota</span> <span class='ocrx_word' id='word_1_200' title='bbox 1819 2775 2027 2862; x_wconf 83' lang='lat' dir='ltr'>supradicta</span> <span class='ocrx_word' id='word_1_201' title='bbox 2043 2776 2252 2846; x_wconf 86' lang='lat' dir='ltr'>tradictione</span> <span class='ocrx_word' id='word_1_202' title='bbox 2269 2781 2392 2845; x_wconf 89' lang='lat' dir='ltr'>tenere</span> 
     </span>
     <span class='ocr_line' id='line_1_16' title="bbox 548 2927 2396 3016; baseline 0.001 -18"><span class='ocrx_word' id='word_1_203' title='bbox 548 2932 585 2998; x_wconf 89' lang='lat' dir='ltr'>et</span> <span class='ocrx_word' id='word_1_204' title='bbox 609 2927 773 2997; x_wconf 89' lang='lat' dir='ltr'>laborare</span> <span class='ocrx_word' id='word_1_205' title='bbox 797 2928 989 3016; x_wconf 88' lang='lat' dir='ltr'>boluerint,</span> <span class='ocrx_word' id='word_1_206' title='bbox 1014 2933 1128 2998; x_wconf 90' lang='lat' dir='ltr'>totum</span> <span class='ocrx_word' id='word_1_207' title='bbox 1152 2946 1215 2996; x_wconf 91' lang='lat' dir='ltr'>sue</span> <span class='ocrx_word' id='word_1_208' title='bbox 1238 2929 1420 3015; x_wconf 88' lang='lat' dir='ltr'>potestatis</span> <span class='ocrx_word' id='word_1_209' title='bbox 1443 2931 1516 3012; x_wconf 83' lang='lat' dir='ltr'>sint</span> <span class='ocrx_word' id='word_1_210' title='bbox 1539 2949 1597 2998; x_wconf 91' lang='lat' dir='ltr'>eos</span> <span class='ocrx_word' id='word_1_211' title='bbox 1620 2929 1813 2998; x_wconf 89' lang='lat' dir='ltr'>tenendum</span> <span class='ocrx_word' id='word_1_212' title='bbox 1836 2934 1872 2998; x_wconf 90' lang='lat' dir='ltr'>et</span> <span class='ocrx_word' id='word_1_213' title='bbox 1894 2928 2165 3016; x_wconf 89' lang='lat' dir='ltr'>dominandum,</span> <span class='ocrx_word' id='word_1_214' title='bbox 2189 2933 2225 2998; x_wconf 91' lang='lat' dir='ltr'>et</span> <span class='ocrx_word' id='word_1_215' title='bbox 2248 2930 2346 3000; x_wconf 84' lang='lat' dir='ltr'>lobea</span> <span class='ocrx_word' id='word_1_216' title='bbox 2360 2934 2396 3000; x_wconf 90' lang='lat' dir='ltr'>et</span> 
     </span>
     <span class='ocr_line' id='line_1_17' title="bbox 548 3080 2398 3172; baseline 0.003 -24"><span class='ocrx_word' id='word_1_217' title='bbox 548 3082 664 3149; x_wconf 90' lang='lat' dir='ltr'>omnis</span> <span class='ocrx_word' id='word_1_218' title='bbox 688 3100 750 3150; x_wconf 91' lang='lat' dir='ltr'>sue</span> <span class='ocrx_word' id='word_1_219' title='bbox 776 3080 947 3149; x_wconf 84' lang='lat' dir='ltr'>utilitatis</span> <span class='ocrx_word' id='word_1_220' title='bbox 971 3083 1066 3151; x_wconf 87' lang='lat' dir='ltr'>iusta</span> <span class='ocrx_word' id='word_1_221' title='bbox 1089 3081 1264 3150; x_wconf 88' lang='lat' dir='ltr'>rationem</span> <span class='ocrx_word' id='word_1_222' title='bbox 1289 3081 1419 3150; x_wconf 91' lang='lat' dir='ltr'>ibidem</span> <span class='ocrx_word' id='word_1_223' title='bbox 1442 3083 1593 3171; x_wconf 80' lang='lat' dir='ltr'>iaciant,</span> <span class='ocrx_word' id='word_1_224' title='bbox 1616 3088 1652 3152; x_wconf 90' lang='lat' dir='ltr'>et</span> <span class='ocrx_word' id='word_1_225' title='bbox 1675 3089 1788 3152; x_wconf 89' lang='lat' dir='ltr'>totum</span> <span class='ocrx_word' id='word_1_226' title='bbox 1813 3102 1872 3152; x_wconf 90' lang='lat' dir='ltr'>eos</span> <span class='ocrx_word' id='word_1_227' title='bbox 1888 3085 2094 3154; x_wconf 86' lang='lat' dir='ltr'>laborarent</span> <span class='ocrx_word' id='word_1_228' title='bbox 2111 3085 2153 3152; x_wconf 94' lang='lat' dir='ltr'>de</span> <span class='ocrx_word' id='word_1_229' title='bbox 2170 3103 2277 3172; x_wconf 90' lang='lat' dir='ltr'>super</span> <span class='ocrx_word' id='word_1_230' title='bbox 2294 3089 2330 3154; x_wconf 88' lang='lat' dir='ltr'>et</span> <span class='ocrx_word' id='word_1_231' title='bbox 2354 3085 2398 3154; x_wconf 88' lang='lat' dir='ltr'>de</span> 
     </span>
     <span class='ocr_line' id='line_1_18' title="bbox 549 3235 2392 3343; baseline 0.002 -40"><span class='ocrx_word' id='word_1_232' title='bbox 549 3238 684 3324; x_wconf 90' lang='lat' dir='ltr'>supter,</span> <span class='ocrx_word' id='word_1_233' title='bbox 708 3237 803 3305; x_wconf 90' lang='lat' dir='ltr'>sieut</span> <span class='ocrx_word' id='word_1_234' title='bbox 827 3236 923 3305; x_wconf 89' lang='lat' dir='ltr'>locus</span> <span class='ocrx_word' id='word_1_235' title='bbox 946 3235 1021 3323; x_wconf 88' lang='lat' dir='ltr'>ipse</span> <span class='ocrx_word' id='word_1_236' title='bbox 1044 3239 1227 3332; x_wconf 75' lang='lat' dir='ltr'>meruerit,</span> <span class='ocrx_word' id='word_1_237' title='bbox 1253 3241 1293 3306; x_wconf 93' lang='lat' dir='ltr'>ut</span> <span class='ocrx_word' id='word_1_238' title='bbox 1315 3237 1502 3323; x_wconf 87' lang='lat' dir='ltr'>proficiant</span> <span class='ocrx_word' id='word_1_239' title='bbox 1525 3241 1561 3306; x_wconf 88' lang='lat' dir='ltr'>et</span> <span class='ocrx_word' id='word_1_240' title='bbox 1577 3255 1648 3303; x_wconf 92' lang='lat' dir='ltr'>non</span> <span class='ocrx_word' id='word_1_241' title='bbox 1664 3237 1882 3324; x_wconf 84' lang='lat' dir='ltr'>dispereant,</span> <span class='ocrx_word' id='word_1_242' title='bbox 1898 3241 1934 3343; x_wconf 88' lang='lat' dir='ltr'>et</span> <span class='ocrx_word' id='word_1_243' title='bbox 1951 3256 1973 3306; x_wconf 87' lang='lat' dir='ltr'>a</span> <span class='ocrx_word' id='word_1_244' title='bbox 1989 3255 2058 3324; x_wconf 91' lang='lat' dir='ltr'>quo</span> <span class='ocrx_word' id='word_1_245' title='bbox 2076 3238 2202 3307; x_wconf 86' lang='lat' dir='ltr'>vinum</span> <span class='ocrx_word' id='word_1_246' title='bbox 2216 3239 2318 3307; x_wconf 91' lang='lat' dir='ltr'>nobis</span> <span class='ocrx_word' id='word_1_247' title='bbox 2333 3237 2392 3307; x_wconf 87' lang='lat' dir='ltr'>de·</span> 
     </span>
     <span class='ocr_line' id='line_1_19' title="bbox 547 3388 2416 3480; baseline 0 -19"><span class='ocrx_word' id='word_1_248' title='bbox 547 3388 679 3477; x_wconf 87' lang='lat' dir='ltr'>derint,</span> <span class='ocrx_word' id='word_1_249' title='bbox 706 3391 843 3459; x_wconf 84' lang='lat' dir='ltr'>faciant</span> <span class='ocrx_word' id='word_1_250' title='bbox 867 3397 931 3459; x_wconf 87' lang='lat' dir='ltr'>nos</span> <span class='ocrx_word' id='word_1_251' title='bbox 955 3391 1008 3459; x_wconf 88' lang='lat' dir='ltr'>vel</span> <span class='ocrx_word' id='word_1_252' title='bbox 1032 3391 1163 3461; x_wconf 90' lang='lat' dir='ltr'>nostris</span> <span class='ocrx_word' id='word_1_253' title='bbox 1186 3392 1364 3478; x_wconf 84' lang='lat' dir='ltr'>eredibus,</span> <span class='ocrx_word' id='word_1_254' title='bbox 1388 3390 1449 3460; x_wconf 90' lang='lat' dir='ltr'>ille</span> <span class='ocrx_word' id='word_1_255' title='bbox 1473 3391 1528 3459; x_wconf 90' lang='lat' dir='ltr'>vel</span> <span class='ocrx_word' id='word_1_256' title='bbox 1551 3393 1624 3459; x_wconf 89' lang='lat' dir='ltr'>suis</span> <span class='ocrx_word' id='word_1_257' title='bbox 1647 3391 1824 3479; x_wconf 74' lang='lat' dir='ltr'>eredibuS,</span> <span class='ocrx_word' id='word_1_258' title='bbox 1848 3392 1956 3479; x_wconf 89' lang='lat' dir='ltr'>seire,</span> <span class='ocrx_word' id='word_1_259' title='bbox 1981 3396 2022 3461; x_wconf 93' lang='lat' dir='ltr'>ut</span> <span class='ocrx_word' id='word_1_260' title='bbox 2045 3392 2247 3480; x_wconf 86' lang='lat' dir='ltr'>dirigamus</span> <span class='ocrx_word' id='word_1_261' title='bbox 2263 3391 2416 3462; x_wconf 90' lang='lat' dir='ltr'>ibidem&#39;</span> 
     </span>
     <span class='ocr_line' id='line_1_20' title="bbox 547 3543 2395 3650; baseline 0 -38"><span class='ocrx_word' id='word_1_262' title='bbox 547 3543 698 3613; x_wconf 87' lang='lat' dir='ltr'>miss&#39;um</span> <span class='ocrx_word' id='word_1_263' title='bbox 723 3548 898 3633; x_wconf 86' lang='lat' dir='ltr'>nostrum,</span> <span class='ocrx_word' id='word_1_264' title='bbox 923 3551 959 3614; x_wconf 90' lang='lat' dir='ltr'>et</span> <span class='ocrx_word' id='word_1_265' title='bbox 983 3544 1043 3614; x_wconf 88' lang='lat' dir='ltr'>ille</span> <span class='ocrx_word' id='word_1_266' title='bbox 1067 3545 1121 3613; x_wconf 91' lang='lat' dir='ltr'>vel</span> <span class='ocrx_word' id='word_1_267' title='bbox 1145 3547 1219 3613; x_wconf 91' lang='lat' dir='ltr'>suis</span> <span class='ocrx_word' id='word_1_268' title='bbox 1242 3546 1406 3615; x_wconf 90' lang='lat' dir='ltr'>eredibus</span> <span class='ocrx_word' id='word_1_269' title='bbox 1428 3549 1503 3615; x_wconf 89' lang='lat' dir='ltr'>tota</span> <span class='ocrx_word' id='word_1_270' title='bbox 1526 3544 1605 3632; x_wconf 91' lang='lat' dir='ltr'>ipsa</span> <span class='ocrx_word' id='word_1_271' title='bbox 1629 3546 1775 3614; x_wconf 87' lang='lat' dir='ltr'>arbusta</span> <span class='ocrx_word' id='word_1_272' title='bbox 1798 3545 1880 3650; x_wconf 85' lang='lat' dir='ltr'>abto</span> <span class='ocrx_word' id='word_1_273' title='bbox 1913 3547 2071 3630; x_wconf 90' lang='lat' dir='ltr'>tempore</span> <span class='ocrx_word' id='word_1_274' title='bbox 2103 3543 2395 3634; x_wconf 86' lang='lat' dir='ltr'>vindemiarent,</span> 
     </span>
     <span class='ocr_line' id='line_1_21' title="bbox 546 3699 2388 3790; baseline 0 -20"><span class='ocrx_word' id='word_1_275' title='bbox 546 3700 641 3770; x_wconf 89' lang='lat' dir='ltr'>sicut</span> <span class='ocrx_word' id='word_1_276' title='bbox 666 3701 852 3789; x_wconf 89' lang='lat' dir='ltr'>meruerit,</span> <span class='ocrx_word' id='word_1_277' title='bbox 876 3704 912 3770; x_wconf 85' lang='lat' dir='ltr'>et</span> <span class='ocrx_word' id='word_1_278' title='bbox 934 3704 1047 3770; x_wconf 89' lang='lat' dir='ltr'>totum</span> <span class='ocrx_word' id='word_1_279' title='bbox 1071 3699 1147 3788; x_wconf 90' lang='lat' dir='ltr'>ipso</span> <span class='ocrx_word' id='word_1_280' title='bbox 1169 3699 1295 3768; x_wconf 85' lang='lat' dir='ltr'>vinum</span> <span class='ocrx_word' id='word_1_281' title='bbox 1320 3701 1437 3790; x_wconf 87' lang='lat' dir='ltr'>ibique</span> <span class='ocrx_word' id='word_1_282' title='bbox 1460 3702 1505 3771; x_wconf 93' lang='lat' dir='ltr'>ad</span> <span class='ocrx_word' id='word_1_283' title='bbox 1529 3701 1750 3788; x_wconf 88' lang='lat' dir='ltr'>palmentum</span> <span class='ocrx_word' id='word_1_284' title='bbox 1773 3699 1855 3769; x_wconf 90' lang='lat' dir='ltr'>illut</span> <span class='ocrx_word' id='word_1_285' title='bbox 1880 3703 1974 3770; x_wconf 88' lang='lat' dir='ltr'>inter</span> <span class='ocrx_word' id='word_1_286' title='bbox 1999 3717 2063 3768; x_wconf 88' lang='lat' dir='ltr'>nos</span> <span class='ocrx_word' id='word_1_287' title='bbox 2079 3699 2294 3770; x_wconf 87' lang='lat' dir='ltr'>dividamus:</span> <span class='ocrx_word' id='word_1_288' title='bbox 2312 3701 2388 3789; x_wconf 87' lang='lat' dir='ltr'>ipso</span> 
     </span>
     <span class='ocr_line' id='line_1_22' title="bbox 547 3853 2385 3950; baseline -0.001 -26"><span class='ocrx_word' id='word_1_289' title='bbox 547 3857 695 3924; x_wconf 90' lang='lat' dir='ltr'>missum</span> <span class='ocrx_word' id='word_1_290' title='bbox 719 3858 881 3924; x_wconf 91' lang='lat' dir='ltr'>nostrum</span> <span class='ocrx_word' id='word_1_291' title='bbox 897 3855 999 3925; x_wconf 88' lang='lat' dir='ltr'>tollat</span> <span class='ocrx_word' id='word_1_292' title='bbox 1010 3873 1071 3950; x_wconf 82' lang='lat' dir='ltr'>eos</span> <span class='ocrx_word' id='word_1_293' title='bbox 1085 3855 1324 3944; x_wconf 85' lang='lat' dir='ltr'>medietatem,</span> <span class='ocrx_word' id='word_1_294' title='bbox 1341 3859 1377 3924; x_wconf 91' lang='lat' dir='ltr'>et</span> <span class='ocrx_word' id='word_1_295' title='bbox 1393 3853 1465 3923; x_wconf 91' lang='lat' dir='ltr'>illis</span> <span class='ocrx_word' id='word_1_296' title='bbox 1476 3855 1578 3924; x_wconf 87' lang='lat' dir='ltr'>tollat</span> <span class='ocrx_word' id='word_1_297' title='bbox 1595 3855 1734 3943; x_wconf 83' lang='lat' dir='ltr'>reliqua</span> <span class='ocrx_word' id='word_1_298' title='bbox 1752 3855 1953 3944; x_wconf 89' lang='lat' dir='ltr'>medietate,</span> <span class='ocrx_word' id='word_1_299' title='bbox 1967 3861 2003 3926; x_wconf 87' lang='lat' dir='ltr'>at</span> <span class='ocrx_word' id='word_1_300' title='bbox 2018 3855 2246 3944; x_wconf 82' lang='lat' dir='ltr'>adsignemus</span> <span class='ocrx_word' id='word_1_301' title='bbox 2263 3873 2385 3924; x_wconf 88' lang='lat' dir='ltr'>eorum</span> 
     </span>
     <span class='ocr_line' id='line_1_23' title="bbox 547 4007 2396 4097; baseline 0.001 -21"><span class='ocrx_word' id='word_1_302' title='bbox 547 4007 680 4076; x_wconf 89' lang='lat' dir='ltr'>ibidem</span> <span class='ocrx_word' id='word_1_303' title='bbox 697 4007 881 4076; x_wconf 87' lang='lat' dir='ltr'>addemus</span> <span class='ocrx_word' id='word_1_304' title='bbox 897 4026 963 4078; x_wconf 90' lang='lat' dir='ltr'>sua</span> <span class='ocrx_word' id='word_1_305' title='bbox 978 4026 1173 4097; x_wconf 83' lang='lat' dir='ltr'>organeum</span> <span class='ocrx_word' id='word_1_306' title='bbox 1190 4007 1381 4077; x_wconf 85' lang='lat' dir='ltr'>venumda</span> <span class='ocrx_word' id='word_1_307' title='bbox 1397 4009 1533 4094; x_wconf 89' lang='lat' dir='ltr'>vinum,</span> <span class='ocrx_word' id='word_1_308' title='bbox 1551 4013 1587 4078; x_wconf 91' lang='lat' dir='ltr'>et</span> <span class='ocrx_word' id='word_1_309' title='bbox 1599 4009 1670 4077; x_wconf 92' lang='lat' dir='ltr'>illis</span> <span class='ocrx_word' id='word_1_310' title='bbox 1685 4026 1883 4096; x_wconf 82' lang='lat' dir='ltr'>organeum</span> <span class='ocrx_word' id='word_1_311' title='bbox 1897 4011 2011 4096; x_wconf 88' lang='lat' dir='ltr'>ipsum</span> <span class='ocrx_word' id='word_1_312' title='bbox 2024 4010 2155 4077; x_wconf 91' lang='lat' dir='ltr'>bonum</span> <span class='ocrx_word' id='word_1_313' title='bbox 2171 4010 2396 4097; x_wconf 88' lang='lat' dir='ltr'>eonoiarent,</span> 
     </span>
     <span class='ocr_line' id='line_1_24' title="bbox 548 4141 2452 4251; baseline 0.001 -20"><span class='ocrx_word' id='word_1_314' title='bbox 548 4164 643 4234; x_wconf 88' lang='lat' dir='ltr'>sieut</span> <span class='ocrx_word' id='word_1_315' title='bbox 665 4165 853 4251; x_wconf 89' lang='lat' dir='ltr'>meruerit,</span> <span class='ocrx_word' id='word_1_316' title='bbox 876 4168 912 4233; x_wconf 90' lang='lat' dir='ltr'>et</span> <span class='ocrx_word' id='word_1_317' title='bbox 935 4163 1064 4232; x_wconf 88' lang='lat' dir='ltr'>ibidem</span> <span class='ocrx_word' id='word_1_318' title='bbox 1089 4167 1264 4250; x_wconf 88' lang='lat' dir='ltr'>reponant</span> <span class='ocrx_word' id='word_1_319' title='bbox 1288 4163 1366 4247; x_wconf 89' lang='lat' dir='ltr'>ipsa</span> <span class='ocrx_word' id='word_1_320' title='bbox 1388 4165 1511 4232; x_wconf 89' lang='lat' dir='ltr'>nostra</span> <span class='ocrx_word' id='word_1_321' title='bbox 1527 4162 1681 4230; x_wconf 91' lang='lat' dir='ltr'>sortione</span> <span class='ocrx_word' id='word_1_322' title='bbox 1697 4160 1740 4229; x_wconf 91' lang='lat' dir='ltr'>de</span> <span class='ocrx_word' id='word_1_323' title='bbox 1757 4162 1832 4248; x_wconf 90' lang='lat' dir='ltr'>ipso</span> <span class='ocrx_word' id='word_1_324' title='bbox 1849 4161 1985 4249; x_wconf 90' lang='lat' dir='ltr'>vinum,</span> <span class='ocrx_word' id='word_1_325' title='bbox 2003 4169 2039 4231; x_wconf 90' lang='lat' dir='ltr'>et</span> <span class='ocrx_word' id='word_1_326' title='bbox 2054 4163 2194 4232; x_wconf 85' lang='lat' dir='ltr'>faciant</span> <span class='ocrx_word' id='word_1_327' title='bbox 2210 4163 2312 4232; x_wconf 89' lang='lat' dir='ltr'>nobis</span> <span class='ocrx_word' id='word_1_328' title='bbox 2325 4182 2389 4234; x_wconf 90' lang='lat' dir='ltr'>an·</span> <span class='ocrx_word' id='word_1_329' title='bbox 2447 4141 2452 4148; x_wconf 56' lang='grc'>’</span> 
     </span>
     <span class='ocr_line' id='line_1_25' title="bbox 548 4316 2392 4407; baseline -0.003 -19"><span class='ocrx_word' id='word_1_330' title='bbox 548 4319 713 4390; x_wconf 90' lang='lat' dir='ltr'>nualiter</span> <span class='ocrx_word' id='word_1_331' title='bbox 737 4318 813 4406; x_wconf 92' lang='lat' dir='ltr'>ipso</span> <span class='ocrx_word' id='word_1_332' title='bbox 836 4319 961 4387; x_wconf 90' lang='lat' dir='ltr'>vinum</span> <span class='ocrx_word' id='word_1_333' title='bbox 984 4317 1135 4407; x_wconf 88' lang='lat' dir='ltr'>salbum,</span> <span class='ocrx_word' id='word_1_334' title='bbox 1159 4319 1270 4387; x_wconf 90' lang='lat' dir='ltr'>donee</span> <span class='ocrx_word' id='word_1_335' title='bbox 1293 4317 1376 4386; x_wconf 93' lang='lat' dir='ltr'>illut</span> <span class='ocrx_word' id='word_1_336' title='bbox 1398 4317 1481 4386; x_wconf 88' lang='lat' dir='ltr'>inde</span> <span class='ocrx_word' id='word_1_337' title='bbox 1504 4317 1705 4406; x_wconf 87' lang='lat' dir='ltr'>tulerimus,</span> <span class='ocrx_word' id='word_1_338' title='bbox 1730 4319 1863 4404; x_wconf 85' lang='lat' dir='ltr'>absque</span> <span class='ocrx_word' id='word_1_339' title='bbox 1885 4316 2164 4404; x_wconf 84' lang='lat' dir='ltr'>degeneratione</span> <span class='ocrx_word' id='word_1_340' title='bbox 2181 4320 2217 4384; x_wconf 88' lang='lat' dir='ltr'>et</span> <span class='ocrx_word' id='word_1_341' title='bbox 2232 4317 2344 4404; x_wconf 84' lang='lat' dir='ltr'>ingne</span> <span class='ocrx_word' id='word_1_342' title='bbox 2355 4317 2392 4385; x_wconf 91' lang='lat' dir='ltr'>et</span> 
     </span>
     <span class='ocr_line' id='line_1_26' title="bbox 548 4469 2395 4561; baseline -0.001 -19"><span class='ocrx_word' id='word_1_343' title='bbox 548 4491 683 4560; x_wconf 90' lang='lat' dir='ltr'>mures,</span> <span class='ocrx_word' id='word_1_344' title='bbox 708 4477 744 4542; x_wconf 89' lang='lat' dir='ltr'>et</span> <span class='ocrx_word' id='word_1_345' title='bbox 767 4475 843 4561; x_wconf 91' lang='lat' dir='ltr'>ipso</span> <span class='ocrx_word' id='word_1_346' title='bbox 865 4474 1012 4542; x_wconf 91' lang='lat' dir='ltr'>missum</span> <span class='ocrx_word' id='word_1_347' title='bbox 1035 4479 1071 4544; x_wconf 91' lang='lat' dir='ltr'>et</span> <span class='ocrx_word' id='word_1_348' title='bbox 1093 4472 1282 4561; x_wconf 82' lang='lat' dir='ltr'>caballum,</span> <span class='ocrx_word' id='word_1_349' title='bbox 1306 4473 1337 4541; x_wconf 91' lang='lat' dir='ltr'>si</span> <span class='ocrx_word' id='word_1_350' title='bbox 1361 4471 1492 4540; x_wconf 90' lang='lat' dir='ltr'>ibidem</span> <span class='ocrx_word' id='word_1_351' title='bbox 1516 4471 1706 4541; x_wconf 84' lang='lat' dir='ltr'>adduxerit</span> <span class='ocrx_word' id='word_1_352' title='bbox 1729 4471 1804 4558; x_wconf 88' lang='lat' dir='ltr'>ipso</span> <span class='ocrx_word' id='word_1_353' title='bbox 1827 4471 1986 4559; x_wconf 87' lang='lat' dir='ltr'>missum,</span> <span class='ocrx_word' id='word_1_354' title='bbox 2005 4469 2077 4538; x_wconf 90' lang='lat' dir='ltr'>illis</span> <span class='ocrx_word' id='word_1_355' title='bbox 2094 4489 2175 4539; x_wconf 92' lang='lat' dir='ltr'>eum</span> <span class='ocrx_word' id='word_1_356' title='bbox 2191 4471 2328 4539; x_wconf 85' lang='lat' dir='ltr'>nutrire</span> <span class='ocrx_word' id='word_1_357' title='bbox 2340 4487 2395 4540; x_wconf 86' lang='lat' dir='ltr'>se·</span> 
     </span>
     <span class='ocr_line' id='line_1_27' title="bbox 547 4624 2391 4715; baseline -0.003 -17"><span class='ocrx_word' id='word_1_358' title='bbox 547 4629 713 4698; x_wconf 90' lang='lat' dir='ltr'>eumdum</span> <span class='ocrx_word' id='word_1_359' title='bbox 726 4647 793 4698; x_wconf 88' lang='lat' dir='ltr'>sua</span> <span class='ocrx_word' id='word_1_360' title='bbox 808 4627 1090 4715; x_wconf 89' lang='lat' dir='ltr'>possivilitatem,</span> <span class='ocrx_word' id='word_1_361' title='bbox 1104 4630 1141 4696; x_wconf 90' lang='lat' dir='ltr'>et</span> <span class='ocrx_word' id='word_1_362' title='bbox 1151 4627 1280 4698; x_wconf 91' lang='lat' dir='ltr'>darent</span> <span class='ocrx_word' id='word_1_363' title='bbox 1293 4625 1327 4696; x_wconf 92' lang='lat' dir='ltr'>ei</span> <span class='ocrx_word' id='word_1_364' title='bbox 1342 4624 1611 4714; x_wconf 88' lang='lat' dir='ltr'>palmentatioa,</span> <span class='ocrx_word' id='word_1_365' title='bbox 1625 4627 1718 4694; x_wconf 91' lang='lat' dir='ltr'>sieut</span> <span class='ocrx_word' id='word_1_366' title='bbox 1731 4630 1913 4714; x_wconf 88' lang='lat' dir='ltr'>meruerit,</span> <span class='ocrx_word' id='word_1_367' title='bbox 1930 4629 1965 4694; x_wconf 89' lang='lat' dir='ltr'>et</span> <span class='ocrx_word' id='word_1_368' title='bbox 1977 4644 2046 4715; x_wconf 89' lang='lat' dir='ltr'>que</span> <span class='ocrx_word' id='word_1_369' title='bbox 2061 4625 2185 4694; x_wconf 91' lang='lat' dir='ltr'>amodo</span> <span class='ocrx_word' id='word_1_370' title='bbox 2200 4628 2236 4692; x_wconf 92' lang='lat' dir='ltr'>et</span> <span class='ocrx_word' id='word_1_371' title='bbox 2253 4642 2391 4713; x_wconf 88' lang='lat' dir='ltr'>semper</span> 
     </span>
     <span class='ocr_line' id='line_1_28' title="bbox 551 4775 2395 4873; baseline -0.003 -20"><span class='ocrx_word' id='word_1_372' title='bbox 551 4783 683 4853; x_wconf 89' lang='lat' dir='ltr'>ibidem</span> <span class='ocrx_word' id='word_1_373' title='bbox 707 4782 978 4873; x_wconf 88' lang='lat' dir='ltr'>seminaberint‚</span> <span class='ocrx_word' id='word_1_374' title='bbox 1001 4781 1110 4851; x_wconf 89' lang='lat' dir='ltr'>deant</span> <span class='ocrx_word' id='word_1_375' title='bbox 1133 4779 1217 4850; x_wconf 91' lang='lat' dir='ltr'>inde</span> <span class='ocrx_word' id='word_1_376' title='bbox 1240 4778 1343 4848; x_wconf 91' lang='lat' dir='ltr'>nobis</span> <span class='ocrx_word' id='word_1_377' title='bbox 1366 4778 1576 4849; x_wconf 82' lang='lat' dir='ltr'>terraticum</span> <span class='ocrx_word' id='word_1_378' title='bbox 1593 4775 2096 4850; x_wconf 83' lang='lat' dir='ltr'>secundumconsuetudinem</span> <span class='ocrx_word' id='word_1_379' title='bbox 2114 4779 2395 4868; x_wconf 87' lang='lat' dir='ltr'>deipsoloeum;</span> 
     </span>
     <span class='ocr_line' id='line_1_29' title="bbox 548 4934 2389 5038; baseline -0.002 -31"><span class='ocrx_word' id='word_1_380' title='bbox 548 4957 654 5027; x_wconf 88' lang='lat' dir='ltr'>poma</span> <span class='ocrx_word' id='word_1_381' title='bbox 677 4955 772 5027; x_wconf 88' lang='lat' dir='ltr'>vero,</span> <span class='ocrx_word' id='word_1_382' title='bbox 797 4936 828 5005; x_wconf 93' lang='lat' dir='ltr'>si</span> <span class='ocrx_word' id='word_1_383' title='bbox 852 4937 983 5006; x_wconf 89' lang='lat' dir='ltr'>ibidem</span> <span class='ocrx_word' id='word_1_384' title='bbox 1006 4937 1162 5025; x_wconf 89' lang='lat' dir='ltr'>abuerit,</span> <span class='ocrx_word' id='word_1_385' title='bbox 1187 4937 1296 5006; x_wconf 88' lang='lat' dir='ltr'>deant</span> <span class='ocrx_word' id='word_1_386' title='bbox 1319 4936 1420 5004; x_wconf 91' lang='lat' dir='ltr'>nobis</span> <span class='ocrx_word' id='word_1_387' title='bbox 1442 4955 1506 5024; x_wconf 89' lang='lat' dir='ltr'>per</span> <span class='ocrx_word' id='word_1_388' title='bbox 1531 4940 1687 5038; x_wconf 74' lang='lat' dir='ltr'>tempore</span> <span class='ocrx_word' id='word_1_389' title='bbox 1705 4937 1945 5023; x_wconf 87' lang='lat' dir='ltr'>medietatem,</span> <span class='ocrx_word' id='word_1_390' title='bbox 1959 4939 1995 5004; x_wconf 91' lang='lat' dir='ltr'>et</span> <span class='ocrx_word' id='word_1_391' title='bbox 2011 4934 2085 5003; x_wconf 91' lang='lat' dir='ltr'>illis</span> <span class='ocrx_word' id='word_1_392' title='bbox 2101 4937 2234 5005; x_wconf 90' lang='lat' dir='ltr'>abeant</span> <span class='ocrx_word' id='word_1_393' title='bbox 2251 4935 2389 5022; x_wconf 87' lang='lat' dir='ltr'>reliqua</span> 
     </span>
     <span class='ocr_line' id='line_1_30' title="bbox 547 5089 2397 5182; baseline -0.002 -20"><span class='ocrx_word' id='word_1_394' title='bbox 547 5092 751 5170; x_wconf 83' lang='lat' dir='ltr'>medietate3</span> <span class='ocrx_word' id='word_1_395' title='bbox 778 5098 813 5161; x_wconf 92' lang='lat' dir='ltr'>et</span> <span class='ocrx_word' id='word_1_396' title='bbox 835 5094 942 5181; x_wconf 89' lang='lat' dir='ltr'>quale</span> <span class='ocrx_word' id='word_1_397' title='bbox 966 5099 1123 5182; x_wconf 88' lang='lat' dir='ltr'>tempore</span> <span class='ocrx_word' id='word_1_398' title='bbox 1146 5092 1192 5162; x_wconf 91' lang='lat' dir='ltr'>da</span> <span class='ocrx_word' id='word_1_399' title='bbox 1216 5093 1282 5182; x_wconf 88' lang='lat' dir='ltr'>ipsi</span> <span class='ocrx_word' id='word_1_400' title='bbox 1309 5093 1492 5162; x_wconf 89' lang='lat' dir='ltr'>duodecim</span> <span class='ocrx_word' id='word_1_401' title='bbox 1516 5089 1604 5160; x_wconf 90' lang='lat' dir='ltr'>anni</span> <span class='ocrx_word' id='word_1_402' title='bbox 1630 5091 1669 5158; x_wconf 91' lang='lat' dir='ltr'>in</span> <span class='ocrx_word' id='word_1_403' title='bbox 1693 5097 1801 5160; x_wconf 88' lang='lat' dir='ltr'>antea</span> <span class='ocrx_word' id='word_1_404' title='bbox 1826 5093 1903 5178; x_wconf 88' lang='lat' dir='ltr'>ipsa</span> <span class='ocrx_word' id='word_1_405' title='bbox 1918 5090 2089 5160; x_wconf 87' lang='lat' dir='ltr'>tradietio</span> <span class='ocrx_word' id='word_1_406' title='bbox 2111 5095 2233 5158; x_wconf 89' lang='lat' dir='ltr'>tenere</span> <span class='ocrx_word' id='word_1_407' title='bbox 2249 5095 2286 5160; x_wconf 88' lang='lat' dir='ltr'>et</span> <span class='ocrx_word' id='word_1_408' title='bbox 2301 5091 2397 5160; x_wconf 91' lang='lat' dir='ltr'>labo·</span> 
     </span>
     <span class='ocr_line' id='line_1_31' title="bbox 465 5235 2391 5335; baseline -0.002 -21"><span class='ocrx_word' id='word_1_409' title='bbox 465 5271 470 5279; x_wconf 95' lang='lat'><strong>·</strong></span> <span class='ocrx_word' id='word_1_410' title='bbox 548 5263 633 5317; x_wconf 88' lang='lat' dir='ltr'>rare</span> <span class='ocrx_word' id='word_1_411' title='bbox 657 5264 730 5314; x_wconf 92' lang='lat' dir='ltr'>non</span> <span class='ocrx_word' id='word_1_412' title='bbox 754 5245 946 5335; x_wconf 90' lang='lat' dir='ltr'>boluerint,</span> <span class='ocrx_word' id='word_1_413' title='bbox 971 5247 1098 5318; x_wconf 89' lang='lat' dir='ltr'>inolita</span> <span class='ocrx_word' id='word_1_414' title='bbox 1121 5249 1198 5334; x_wconf 89' lang='lat' dir='ltr'>ipsa</span> <span class='ocrx_word' id='word_1_415' title='bbox 1221 5247 1326 5315; x_wconf 88' lang='lat' dir='ltr'>rebus</span> <span class='ocrx_word' id='word_1_416' title='bbox 1354 5245 1516 5317; x_wconf 88' lang='lat' dir='ltr'>laborata</span> <span class='ocrx_word' id='word_1_417' title='bbox 1531 5235 1566 5315; x_wconf 74' lang='lat' dir='ltr'>et</span> <span class='ocrx_word' id='word_1_418' title='bbox 1580 5245 1717 5316; x_wconf 84' lang='lat' dir='ltr'>cultata</span> <span class='ocrx_word' id='word_1_419' title='bbox 1734 5242 1921 5313; x_wconf 90' lang='lat' dir='ltr'>remittant</span> <span class='ocrx_word' id='word_1_420' title='bbox 1937 5245 1983 5313; x_wconf 91' lang='lat' dir='ltr'>ad</span> <span class='ocrx_word' id='word_1_421' title='bbox 2001 5249 2124 5313; x_wconf 89' lang='lat' dir='ltr'>nostra</span> <span class='ocrx_word' id='word_1_422' title='bbox 2147 5244 2391 5331; x_wconf 70' lang='lat' dir='ltr'>potestatam</span> 
     </span>
     <span class='ocr_line' id='line_1_32' title="bbox 549 5349 2394 5488; baseline 0 -24"><span class='ocrx_word' id='word_1_423' title='bbox 549 5398 657 5469; x_wconf 85' lang='lat' dir='ltr'>liceat</span> <span class='ocrx_word' id='word_1_424' title='bbox 680 5399 753 5468; x_wconf 92' lang='lat' dir='ltr'>illis</span> <span class='ocrx_word' id='word_1_425' title='bbox 777 5349 836 5468; x_wconf 83' lang='lat' dir='ltr'>vel</span> <span class='ocrx_word' id='word_1_426' title='bbox 855 5399 1020 5469; x_wconf 89' lang='lat' dir='ltr'>eredibus</span> <span class='ocrx_word' id='word_1_427' title='bbox 1044 5399 1127 5468; x_wconf 90' lang='lat' dir='ltr'>inde</span> <span class='ocrx_word' id='word_1_428' title='bbox 1149 5402 1354 5470; x_wconf 87' lang='lat' dir='ltr'>disturbare</span> <span class='ocrx_word' id='word_1_429' title='bbox 1376 5401 1542 5488; x_wconf 87' lang='lat' dir='ltr'>reditum,</span> <span class='ocrx_word' id='word_1_430' title='bbox 1566 5403 1597 5468; x_wconf 90' lang='lat' dir='ltr'>si</span> <span class='ocrx_word' id='word_1_431' title='bbox 1621 5399 1753 5468; x_wconf 89' lang='lat' dir='ltr'>ibidem</span> <span class='ocrx_word' id='word_1_432' title='bbox 1768 5398 2094 5485; x_wconf 86' lang='lat' dir='ltr'>iaetumabuerint,</span> <span class='ocrx_word' id='word_1_433' title='bbox 2112 5401 2147 5465; x_wconf 89' lang='lat' dir='ltr'>et</span> <span class='ocrx_word' id='word_1_434' title='bbox 2163 5401 2330 5465; x_wconf 81' lang='lat' dir='ltr'>excutere</span> <span class='ocrx_word' id='word_1_435' title='bbox 2356 5401 2394 5468; x_wconf 91' lang='lat' dir='ltr'>et</span> 
     </span>
     <span class='ocr_line' id='line_1_33' title="bbox 547 5551 2388 5647; baseline -0.001 -25"><span class='ocrx_word' id='word_1_436' title='bbox 547 5555 664 5622; x_wconf 91' lang='lat' dir='ltr'>omnis</span> <span class='ocrx_word' id='word_1_437' title='bbox 690 5575 754 5623; x_wconf 88' lang='lat' dir='ltr'>sua</span> <span class='ocrx_word' id='word_1_438' title='bbox 778 5574 888 5625; x_wconf 88' lang='lat' dir='ltr'>causa</span> <span class='ocrx_word' id='word_1_439' title='bbox 912 5555 1069 5647; x_wconf 89' lang='lat' dir='ltr'>movilia,</span> <span class='ocrx_word' id='word_1_440' title='bbox 1097 5562 1133 5627; x_wconf 90' lang='lat' dir='ltr'>et</span> <span class='ocrx_word' id='word_1_441' title='bbox 1156 5558 1210 5629; x_wconf 86' lang='lat' dir='ltr'>ire</span> <span class='ocrx_word' id='word_1_442' title='bbox 1232 5577 1312 5628; x_wconf 89' lang='lat' dir='ltr'>oum</span> <span class='ocrx_word' id='word_1_443' title='bbox 1337 5557 1419 5626; x_wconf 90' lang='lat' dir='ltr'>illut</span> <span class='ocrx_word' id='word_1_444' title='bbox 1435 5557 1496 5624; x_wconf 93' lang='lat' dir='ltr'>ubi</span> <span class='ocrx_word' id='word_1_445' title='bbox 1509 5555 1700 5645; x_wconf 91' lang='lat' dir='ltr'>boluerint,</span> <span class='ocrx_word' id='word_1_446' title='bbox 1717 5557 1795 5625; x_wconf 90' lang='lat' dir='ltr'>sine</span> <span class='ocrx_word' id='word_1_447' title='bbox 1809 5559 1932 5625; x_wconf 91' lang='lat' dir='ltr'>nostra</span> <span class='ocrx_word' id='word_1_448' title='bbox 1947 5555 2002 5624; x_wconf 88' lang='lat' dir='ltr'>vel</span> <span class='ocrx_word' id='word_1_449' title='bbox 2015 5555 2057 5624; x_wconf 90' lang='lat' dir='ltr'>de</span> <span class='ocrx_word' id='word_1_450' title='bbox 2070 5555 2205 5622; x_wconf 84' lang='lat' dir='ltr'>nostris</span> <span class='ocrx_word' id='word_1_451' title='bbox 2222 5551 2388 5622; x_wconf 89' lang='lat' dir='ltr'>eredibus</span> 
     </span>
     <span class='ocr_line' id='line_1_34' title="bbox 547 5709 2396 5800; baseline -0.001 -22"><span class='ocrx_word' id='word_1_452' title='bbox 547 5711 818 5798; x_wconf 83' lang='lat' dir='ltr'>contrarietate;</span> <span class='ocrx_word' id='word_1_453' title='bbox 841 5715 877 5779; x_wconf 91' lang='lat' dir='ltr'>et</span> <span class='ocrx_word' id='word_1_454' title='bbox 901 5712 931 5778; x_wconf 89' lang='lat' dir='ltr'>si</span> <span class='ocrx_word' id='word_1_455' title='bbox 955 5711 993 5778; x_wconf 91' lang='lat' dir='ltr'>in</span> <span class='ocrx_word' id='word_1_456' title='bbox 1016 5711 1219 5800; x_wconf 88' lang='lat' dir='ltr'>supradicto</span> <span class='ocrx_word' id='word_1_457' title='bbox 1242 5712 1366 5780; x_wconf 89' lang='lat' dir='ltr'>ordine</span> <span class='ocrx_word' id='word_1_458' title='bbox 1389 5710 1468 5798; x_wconf 89' lang='lat' dir='ltr'>ipsa</span> <span class='ocrx_word' id='word_1_459' title='bbox 1492 5711 1597 5779; x_wconf 88' lang='lat' dir='ltr'>rebus</span> <span class='ocrx_word' id='word_1_460' title='bbox 1621 5709 1722 5778; x_wconf 88' lang='lat' dir='ltr'>nobis</span> <span class='ocrx_word' id='word_1_461' title='bbox 1746 5729 1817 5777; x_wconf 91' lang='lat' dir='ltr'>non</span> <span class='ocrx_word' id='word_1_462' title='bbox 1842 5710 2075 5799; x_wconf 90' lang='lat' dir='ltr'>ammisserit,</span> <span class='ocrx_word' id='word_1_463' title='bbox 2098 5713 2134 5779; x_wconf 88' lang='lat' dir='ltr'>et</span> <span class='ocrx_word' id='word_1_464' title='bbox 2161 5709 2205 5778; x_wconf 91' lang='lat' dir='ltr'>de</span> <span class='ocrx_word' id='word_1_465' title='bbox 2228 5727 2271 5779; x_wconf 88' lang='lat' dir='ltr'>ao</span> <span class='ocrx_word' id='word_1_466' title='bbox 2295 5713 2396 5779; x_wconf 89' lang='lat' dir='ltr'>terra</span> 
     </span>
    </p>
   </div>
   <div class='ocr_carea' id='block_1_4' title="bbox 547 5859 2404 5959">
    <p class='ocr_par' dir='ltr' id='par_1_4' title="bbox 547 5859 2404 5959">
     <span class='ocr_line' id='line_1_35' title="bbox 547 5859 2404 5959; baseline -0.004 -21"><span class='ocrx_word' id='word_1_467' title='bbox 547 5867 772 5938; x_wconf 85' lang='lat' dir='ltr'>salernitana</span> <span class='ocrx_word' id='word_1_468' title='bbox 794 5864 953 5936; x_wconf 86' lang='lat' dir='ltr'>exierint</span> <span class='ocrx_word' id='word_1_469' title='bbox 976 5885 1040 5954; x_wconf 90' lang='lat' dir='ltr'>pro</span> <span class='ocrx_word' id='word_1_470' title='bbox 1063 5865 1173 5937; x_wconf 92' lang='lat' dir='ltr'>aliubi</span> <span class='ocrx_word' id='word_1_471' title='bbox 1198 5864 1245 5936; x_wconf 90' lang='lat' dir='ltr'>ad</span> <span class='ocrx_word' id='word_1_472' title='bbox 1266 5865 1490 5959; x_wconf 82' lang='lat' dir='ltr'>abitandum,</span> <span class='ocrx_word' id='word_1_473' title='bbox 1538 5865 1609 5935; x_wconf 90' lang='lat' dir='ltr'>aud</span> <span class='ocrx_word' id='word_1_474' title='bbox 1631 5868 1662 5934; x_wconf 89' lang='lat' dir='ltr'>si</span> <span class='ocrx_word' id='word_1_475' title='bbox 1685 5863 1793 5932; x_wconf 91' lang='lat' dir='ltr'>talem</span> <span class='ocrx_word' id='word_1_476' title='bbox 1816 5863 1966 5933; x_wconf 82' lang='lat' dir='ltr'>fecerint</span> <span class='ocrx_word' id='word_1_477' title='bbox 1987 5863 2103 5952; x_wconf 88' lang='lat' dir='ltr'>eulpa,</span> <span class='ocrx_word' id='word_1_478' title='bbox 2128 5861 2221 5930; x_wconf 90' lang='lat' dir='ltr'>unde</span> <span class='ocrx_word' id='word_1_479' title='bbox 2245 5862 2290 5932; x_wconf 92' lang='lat' dir='ltr'>ad</span> <span class='ocrx_word' id='word_1_480' title='bbox 2304 5859 2404 5948; x_wconf 86' lang='lat' dir='ltr'>pala-</span> 
     </span>
    </p>
   </div>
   <div class='ocr_carea' id='block_1_5' title="bbox 0 0 2732 7092">
    <p class='ocr_par' dir='ltr' id='par_1_5' title="bbox 0 0 2732 7092">
     <span class='ocr_line' id='line_1_36' title="bbox 0 0 2732 7092; baseline 0 0"><span class='ocrx_word' id='word_1_481' title='bbox 0 0 2732 7092; x_wconf 95' lang='lat' dir='ltr'> </span> 
     </span>
    </p>
   </div>
  </div>
 </body>
</html>
