5408 7108
1218 583 1229 602 .
1270 525 1445 600 uonux
1484 527 1759 640 caveusrs

1391 789 1723 945 mxxv.s

1361 1138 1419 1212 A.
1448 1137 1503 1211 D.
1532 1137 1663 1213 1043.
1781 1247 1786 1258 ¹

625 1297 661 1436 †
686 1352 724 1416 ln
748 1353 893 1420 nomine
916 1354 1047 1424 domini
1062 1358 1252 1426 'vicesimo
1275 1359 1399 1445 quinto
1422 1378 1517 1430 anno
1540 1349 1761 1448 principatus
1784 1360 1905 1430 domni
1930 1361 2041 1430 nostri
2064 1363 2259 1450 guaimarii
2275 1361 2440 1452 glorioso

545 1477 550 1486 ¹
579 1505 758 1589 princeps,
778 1509 814 1570 et
830 1499 954 1589 quinto
978 1483 1074 1574 anno
1098 1511 1321 1612 pripcipatus
1339 1503 1422 1581 'eius
1444 1532 1557 1598 capue
1579 1517 1614 1580 et
1630 1514 1789 1618 'ducatus
1812 1512 1933 1584 amalfi
1956 1517 1992 1582 et
2015 1514 2176 1602 sirrenti,
2194 1534 2302 1601 quam
2325 1521 2360 1584 et
2376 1533 2433 1584 se·

580 1657 696 1724 cundo
720 1676 816 1725 anno
840 1663 1162 1768 suprascgiptorum
1186 1667 1452 1752 principatuum
1475 1671 1512 1735 et
1536 1667 1731 1734 ducatuum
1750 1665 1870 1734 domni
1886 1665 2008 1754 gisulfi
2025 1667 2102 1735 eius
2119 1667 2184 1734 filii
2201 1668 2325 1736 eximii
2340 1667 2438 1756 prin·

580 1809 676 1894 cipis
698 1815 734 1878 et
757 1812 874 1910 ducis·
897 1818 934 1881 et
958 1815 1074 1900 primo
1097 1832 1193 1882 anuo
1216 1817 1407 1884 ducatuum
1435 1816 1574 1884 illorum
1600 1816 1721 1902 apulie
1743 1822 1779 1884 et
1801 1816 1973 1904 calabrie,
1997 1834 2116 1884 mense
2139 1821 2301 1930 auguste,
2327 1815 2442 1886 unde·-

580 1964 683 2035 cima
707 1967 914 2037 indictione.
941 1971 1017 2056 Ego
1040 1971 1214 2039 iohannes
1237 1971 1332 2040 filius
1355 1974 1532 2058 quondam
1563 1974 1706 2043 amandi
1732 1973 1938 2061 Glarelacio,
1961 1951 2131 2060 quoniam
2152 1973 2242 2042 mihi
2257 1977 2312 2043 est
2327 1975 2441 2061 perti-
2462 1993 2467 2002 ·

500 2191 506 2200 ,
577 2123 724 2186 nentem
748 2122 870 2187 abere
880 2125 978 2190 terra
1002 2142 1082 2190 cum
1106 2143 1187 2194 oasa
1212 2127 1343 2194 fabrita
1367 2125 1601 2194 solerata't
1548 2147 1584 2191 ιιι
1590 2133 1647 2192 tus
1677 2144 1744 2192 anc
1768 2124 2025 2195 salernitanam
2049 2126 2232 2196 civitatem
2256 2145 2279 2195 a
2302 2127 2431 2194 subtus

575 2269 710 2357 platea.
736 2292 806 2359 que
829 2275 927 2344 vadit
951 2276 994 2344 ad
1020 2281 1122 2362 porta
1146 2281 1308 2362 rotense;
1334 2283 1368 2344 et
1384 2295 1581 2361 congruum
1599 2281 1651 2344 est
1668 2278 1756 2344 mihi
1783 2277 1939 2362 predicto
1964 2277 2145 2400 iohanni
2136 2259 2214 2404 ipsa
2230 2283 2329 2400 terra
2347 2296 2432 2344 cum

497 2483 507 2502 ,
578 2441 666 2491 casa
692 2427 896 2494 commuta
870 2432 979 2494 roms
1001 2426 1150 2495 hordino
1174 2427 1273 2496 dare.
1298 2430 1397 2496 Unde
1421 2449 1541 2498 coram
1565 2433 1745 2516 presentia
1769 2415 2016 2506 Ᾱιιιιιίἰιιιιίοἰ
2041 2435 2095 2498 os
2082 2431 2153 2498 edr
2179 2436 2253 2498 tres
2272 2435 2351 2498 car
2337 2428 2431 2498 ulas
2554 2505 2559 2513 ,

575 2575 802 2646 continentes
807 2578 900 2684 de
891 2596 970 2665 ipsa
993 2583 1092 2649 terra
1115 2598 1197 2647 cum
1221 2599 1315 2649 casa.
1341 2581 1463 2648 Prima
1486 2601 1531 2650 ex
1557 2584 1632 2678 ipse
1656 2583 1796 2652 cartule
1820 2589 1875 2652 est
1862 2585 2101 2651 tcontinens:
2128 2583 2307 2650 tricesimo
2324 2580 2439 2668 septi-

453 2781 461 2794 .
576 2745 634 2794 mo
651 2747 747 2797 anno
770 2731 995 2816 principatus
1018 2733 1137 2820 domni
1163 2735 1274 2801 nostri
1300 2734 1511 2820 guaimarii,
1537 2740 1572 2802 et
1595 2737 1743 2821 septimo
1767 2753 1862 2803 anno
1886 2736 2006 2804 domni
2030 2735 2226 2821 guaimarii
2258 2738 2336 2804 eius
2364 2733 2431 2803 ulit

573 2861 716 2970 gloriosi
743 2889 978 2976 principibus,
997 2908 1116 2957 mense
1134 2881 1297 2976 martine,
1315 2893 1442 2958 octaba
1460 2891 1654 2958 indictione
1671 2911 1680 2975 ;
1706 2891 1953 2958 declaraberat
1968 2887 2116 2976 gisolfus
2133 2887 2229 2955 illius
2244 2883 2431 2974 quondam
2457 2915 2461 2922 ·

557 3013 729 3122 'guidoni
753 3044 790 3106 et
812 3041 942 3107 mulier
964 3045 1107 3110 nemine
1131 3041 1318 3111 adeltruda
1347 3041 1424 3110 lilia
1453 3042 1631 3138 quondam
1661 3043 1777 3110 alfani
1803 3043 1964 3126 comitis,
1996 3043 2167 3126 amboque
2197 3041 2312 3106 viret
2337 3053 2432 3105 uxor

575 3189 813 3275 pertinentem
837 3193 944 3260 abere
968 3198 1100 3280 terram
1127 3203 1238 3260 vacua
1261 3151 1361 3260 intus
1383 3196 1478 3262 hanc
1501 3195 1758 3263 salernitanam
1783 3197 1965 3270 civitatem
1995 3213 2017 3262 a
2047 3196 2173 3260 subtus
2203 3189 2322 3278 platee
2360 3207 2429 3276 que

576 3340 700 3430 pergit
723 3343 770 3412 ad
793 3335 1073 3431 porta'rotense²
1097 3351 1336 3433 pertinentem
1361 3323 1473 3434 ipsius
1496 3347 1616 3434 gisulfi
1641 3368 1663 3415 a
1687 3355 1788 3433 parte
1807 3347 1918 3433 ipsius
1932 3325 2078 3434 guidoni
2096 3346 2250 3432 genitori
2268 3361 2334 3410 sno
2358 3346 2432 3412 eta

574 3513 661 3580 pars
684 3495 806 3565 aloare
830 3497 1007 3584 genitrice
1030 3517 1108 3585 sua,
1124 3503 1160 3592 eut
1176 3498 1287 3584 ipsius
1310 3497 1493 3567 edeltrude
1511 3499 1550 3565 in
1570 3498 1645 3584 ipsa
1668 3503 1765 3567 terra
1786 3503 2024 3585 pertinentem
2043 3507 2121 3566 erat
2136 3499 2243 3566 abere
2259 3501 2441 3582 quartam·

464 3717 467 3724 .
573 3653 712 3735 partem
737 3653 977 3738 pertinentem
1000 3652 1070 3719 sivi
1086 3671 1109 3721 a
1124 3655 1227 3738 parte
1244 3651 1356 3737 ipsius
1379 3647 1595 3739 gisulfl‘viro
1611 3669 1687 3737 suo,
1705 3651 1797 3736 quod
1815 3651 1874 3719 ille
1891 3652 1922 3717 el
1941 3650 2060 3720 emisit
2077 3615 2187 3716 indie
2204 3668 2267 3716 sue
2284 3647 2436 3734 copula·-

507 3779 535 3812 ''
575 3801 702 3887 tioniS,
716 3809 763 3890 ‚et
785 3807 865 3870 erat
889 3803 965 3888 ipsa
991 3779 1092 3902 terra
1114 3821 1176 3888 per
1200 3821 1239 3870 ec
1263 3805 1353 3872 lines
1375 3759 1411 3872 dt
1434 3821 1634 3896 mensuras·²
1652 3805 1697 3872 ab
1714 3807 1851 3871 oriente
1868 3807 1938 3908 tine
1961 3823 2097 3889 eorum,
2116 3804 2198 3870 iude
2215 3807 2299 3870 sunt
2324 3797 2433 3888 pedes

573 3953 709 4040 viginti
732 3955 826 4022 duo:
851 3957 882 4021 A
905 3956 1158 4042 septemtrione
1175 3958 1246 4024 fine
1263 3957 1441 4042 anditum,
1460 3917 1541 4024 inde
1557 3965 1641 4023 sunt
1657 3916 1762 4040 pedes
1780 3954 1915 4042 viginti¹
1931 3974 2053 4038 unum,
2067 3958 2102 4022 et
2120 3955 2196 4039 ipso
2211 3953 2333 4022 andito
2349 3955 2449 4040 erat,

572 4103 618 4172 de
643 4105 792 4175 latitudo
814 4106 920 4206 pedes
941 4108 1110 4193 quinque:
1128 4109 1183 4176 Ab
1199 4108 1380 4177 occidente
1397 4108 1563 4177 similiter
1579 4109 1650 4174 tine
1667 4125 1800 4190 eorum,
1816 4107 1896 4173 inde
1914 4110 1998 4172 sunt
2015 4081 2119 4190 pedes
2134 4105 2303 4198 decernet
2321 4111 2424 4174 octo:

572 4260 604 4326 A
629 4259 780 4327 meridie
803 4261 969 4330 similiter
993 4262 1064 4331 fine
1086 4279 1221 4347 eorum,
1242 4260 1324 4328 inde
1349 4265 1433 4328 sunt
1455 4259 1560 4346 pedes
1576 4263 1693 4346 vrgrn
1696 4259 1706 4324 i
1726 4275 1851 4324 unum.
1868 4259 1992 4325 Totum
2009 4263 2192 4326 mensura
2195 4277 2254 4324 um
2269 4259 2315 4340 ad
2333 4259 2436 4329 iusto·

572 4412 695 4498 pedem
714 4431 859 4534 manum
872 4413 1044 4499 hominis,
1053 4415 1145 4482 sicut
1158 4431 1278 4482 eorum
1294 4411 1455 4481 iamdicti
1473 4411 1526 4476 vir
1543 4415 1579 4478 et
1596 4427 1686 4477 uxor
1698 4397 1895 4510 congruum
1908 4409 2026 4478 suerat
2038 4411 2128 4478 bone
2144 4428 2206 4477 sue
2224 4409 2424 4500 boluntatis

571 4570 659 4634 ante
684 4566 865 4652 presentia
889 4566 1143 4652 regemprandi
1168 4566 1275 4636 iudici
1293 4565 1410 4635 etalii
1433 4565 1905 4633 nobilibusvenumdederat
1931 4563 2046 4650 adque
2069 4564 2115 4631 ad
2143 4582 2310 4650 semper·
2301 4567 2420 4634 aben·
2519 4641 2527 4656 ,

571 4719 656 4788 dum
673 4719 960 4790 confirmaberat
983 4719 1140 4816 predicto
1163 4720 1326 4788 amandi:
1345 4720 1426 4806 ipsa
1449 4723 1546 4788 terra
1570 4738 1631 4805 per
1656 4719 1730 4805 ipse
1754 4719 1900 4786 finistet
1917 4719 2114 4840 mensuras,
2131 4717 2328 4804 sicutipse
2344 4735 2424 4786 car·

571 4872 652 4941 tula
676 4872 847 4974 continet,
871 4892 939 4960 que
963 4875 1096 4960 scripta
1118 4879 1171 4941 cst
1195 4892 1258 4961 per
1281 4873 1423 4960 iaquint
1427 4892 1466 4940 us
1488 4873 1650 4942 notarius
1673 4873 1839 4939 roborata
1862 4888 1924 4958 per
1950 4870 2065 4956 ipsum
2081 4867 2143 4957 qui
2160 4889 2271 4956 supra
2287 4877 2427 4956 ragem-

582 5024 744 5110 prandus
768 5025 878 5092 iudex
907 5031 943 5091 et
967 5003 1270 5092 lanu0.·seeu1'1da
1298 5023 1439 5104 cartula
1467 5029 1521 5092 est
1548 5025 1745 5092 continens:
1769 5024 1958 5092 Tricesimo
1981 5023 2103 5098 octabu
2127 5039 2223 5090 anno
2247 5021 2426 5109 principa·

574 5181 649 5264 tus,
673 5177 793 5264 domni
820 5178 933 5244 nostri
958 5179 1171 5265 guaimarii,
1195 5182 1230 5245 et
1253 5195 1346 5244 nono
1370 5195 1464 5246 anno
1488 5157 1606 5246 domni
1631 5177 1825 5265 guaimarii
1841 5179 1918 5245 eius
1940 5175 2007 5243 filii
2024 5175 2168 5263 gloriosi
2187 5173 2423 5262 principibus,

534 5325 539 5334 '
573 5348 696 5398 mense
719 5311 926 5418 nubember‚
943 5331 1082 5401 decima
1106 5329 1311 5401 indictione.
1337 5330 1589 5400 Declaraberat
1605 5287 1865 5436 gisolfuslllius
1878 5327 2058 5414 <inondum
2075 5327 2238 5444 guidoni,
2256 5325 2430 5414 quoniam

495 5461 499 5468 ¹
570 5489 656 5552 ante
678 5486 742 5552 hos
765 5503 878 5554 annos
915 5487 990 5574 ipse
1026 5490 1061 5555 et
1098 5485 1288 5556 adeltruda
1323 5463 1414 5554 uxor
1446 5501 1512 5553 sua
1541 5443 1818 5550 venundederat
1851 5477 1998 5548 amandi
2034 5475 2109 5546 lilio
2144 5477 2236 5564 petri
2272 5479 2309 5547 et
2343 5492 2422 5546 aro·

569 5634 661 5702 chisi
686 5637 873 5722 presbiteri
897 5637 971 5704 tilio
1000 5638 1130 5706 falconi
1155 5643 1287 5742 terram
1312 5655 1433 5705 eorum
1464 5636 1568 5740 quod¹
1591 5634 1744 5702 abuerat
1779 5633 1876 5700 intus
1913 5629 2177 5700 salernitanam
2207 5629 2426 5713 cantamina
