5456 7096
485 547 486 550 Ν
584 526 656 600 ros
850 479 855 488 ’
1226 515 1399 591 couux
1432 515 1698 591 uuvnusrs

539 751 640 820 etde
665 750 778 839 ipsius
802 749 913 818 iudici
936 745 1078 818 cartula
1103 747 1172 815 ista
1196 745 1354 816 scribere
1376 746 1613 832 presumpsit,
1637 745 1673 812 et
1696 759 1762 831 ego
1785 741 2009 828 supradictus
2033 755 2144 808 cunso
2176 755 2255 805 sum
2291 737 2387 806 intra

539 907 687 992 etatem,
712 908 750 973 et
772 904 986 973 necessitate
1010 899 1144 969 maiore
1167 903 1268 980 abes,
1293 903 1330 968 et
1353 901 1445 970 lame
1468 899 1611 985 morior,
1636 902 1672 965 et
1694 914 1758 983 per
1782 893 1928 962 licentia
1951 891 2148 978 supradicti
2174 889 2283 959 iudici
2309 889 2388 976 ipsa

540 1060 642 1142 parte
666 1074 747 1125 mea
769 1055 815 1123 de
838 1055 916 1141 ipsa
938 1052 1144 1141 supradicta
1168 1054 1275 1120 rebus
1298 1049 1424 1136 vendo,
1449 1051 1490 1117 ut
1512 1049 1633 1116 vibere
1657 1063 1808 1134 possam,
1826 1048 1867 1113 ut
1882 1043 1934 1112 sic
1950 1045 2029 1130 ipsa
2046 1007 2140 1112 iame
2157 1061 2214 1110 me
2230 1041 2385 1110 liberare

541 1212 698 1294 possanc
723 1211 760 1276 et
782 1224 848 1274 nos
870 1223 934 1292 pro
957 1205 1049 1276 talia
1072 1205 1270 1294 supradicti
1293 1207 1407 1273 mater
1431 1207 1467 1270 et
1492 1203 1601 1288 iilius,
1618 1204 1657 1269 ut
1669 1197 1841 1285 diximus,
1859 1194 2111 1266 venumdamus
2136 1213 2199 1282 per
2223 1211 2292 1264 anc
2309 1211 2387 1263 car·
2515 1211 2517 1216 ·

541 1361 654 1429 tutam
679 1364 765 1429 ante
788 1359 969 1448 presentia
992 1361 1106 1447 ipsius
1130 1359 1238 1428 iudici
1265 1358 1488 1442 aliorumque
1510 1352 1791 1439 subscriptorum
1812 1349 1956 1418 testium
1980 1347 2046 1418 tibi
2078 1347 2287 1434 supradicta
2316 1350 2389 1416 teo·

540 1509 653 1598 freda,
678 1509 971 1579 venumdedimus
994 1510 1079 1578 inde
1100 1511 1143 1579 de
1166 1508 1411 1597 suprascripta
1434 1511 1540 1576 rebus
1563 1507 1660 1574 intra
1682 1503 1839 1590 predicte
1863 1503 1946 1570 finis
1969 1505 2005 1570 et
2033 1500 2217 1570 mensurio
2241 1500 2308 1568 tibi
2333 1500 2387 1567 in-

541 1659 632 1728 clita
654 1665 821 1748 quartam
845 1665 947 1748 parte
969 1665 1106 1749 nostra,
1131 1662 1222 1748 quod
1247 1661 1376 1729 ibidem
1400 1661 1565 1730 abuimus
1588 1675 1689 1725 secus
1713 1656 1791 1745 ipsa
1814 1656 1970 1725 sortione
1993 1660 2057 1726 tua
2085 1656 2289 1743 coniuncta,
2308 1673 2389 1724 cum

535 1813 663 1882 omnia
687 1812 783 1882 infra
807 1833 845 1882 se
868 1817 1057 1884 abentibus
1082 1816 1314 1902 omnibusque
1337 1815 1410 1885 suis
1432 1813 1659 1902 pertinentiis
1681 1815 1718 1880 et
1741 1831 1823 1880 cum
1846 1813 1923 1880 vice
1947 1811 1989 1880 de
2015 1812 2075 1880 via
2097 1829 2186 1898 sua,
2211 1814 2384 1882 securiter

540 1963 667 2030 amodo
690 1967 727 2032 et
749 1983 889 2052 semper
913 1971 951 2033 tu
975 1967 1185 2051 supradicta
1207 1966 1365 2036 teolreda
1387 1970 1423 2035 et
1446 1968 1517 2034 tuis
1541 1967 1705 2034 eredibus
1728 1969 1804 2034 tota
1828 1967 1863 2034 et
1887 1964 2017 2033 inclita
2044 1963 2252 2050 supradicta
2267 1968 2389 2034 nostra

541 2115 763 2183 vindictione
786 2119 967 2187 abendum
992 2125 1028 2187 et
1053 2119 1254 2188 faciendum
1277 2118 1369 2204 quod
1385 2116 1584 2204 volueritis
1600 2121 1636 2186 et
1651 2115 1798 2203 proinde
1813 2117 2031 2201 suscepimus
2048 2136 2071 2185 a
2087 2121 2123 2186 te
2139 2115 2300 2204 predicta
2316 2120 2388 2184 teo

541 2265 642 2335 sreda
664 2269 844 2336 statutum
867 2271 1035 2356 pretium,
1059 2271 1098 2337 hi
1121 2273 1206 2337 sunt
1229 2271 1310 2338 auri
1334 2269 1407 2338 tari
1431 2271 1506 2338 dui.
1532 2269 1625 2336 unde
1648 2268 1779 2356 guadia
1796 2270 1862 2336 tibi
1875 2267 2032 2354 predicte
2049 2269 2209 2338 teolreda
2227 2269 2390 2339 dedimus

541 2421 578 2485 et
600 2416 834 2487 mediatorem
857 2420 923 2487 tibi
948 2422 1132 2507 posuimus
1155 2421 1328 2490 iohannes
1352 2420 1470 2490 caiota
1484 2420 1527 2487 de
1543 2419 1689 2488 heodem
1705 2418 1818 2486 locum
1834 2419 1931 2487 filius
1946 2420 2125 2506 quondam
2149 2421 2243 2508 ralli3
2267 2426 2391 2491 tamen

541 2587 609 2656 ego
633 2569 842 2656 supradicta
865 2570 995 2640 mulier
1018 2591 1081 2659 per
1105 2571 1311 2642 volunctate
1333 2572 1376 2640 de
1401 2572 1469 2657 ipsi
1485 2570 1669 2638 mundoalt
1684 2571 1753 2638 mei
1769 2575 1805 2638 et
1819 2589 1883 2656 per
1899 2571 1978 2658 ipsa
1996 2572 2130 2660 guadia
2152 2571 2391 2662 obligavimus

543 2701 612 2788 nosx
630 2727 666 2790 et
690 2726 823 2790 nostris
845 2723 1010 2793 eredibus
1035 2725 1160 2794 amodo
1183 2730 1219 2794 et
1241 2743 1378 2810 semper
1393 2724 1614 2793 defensemus
1631 2723 1696 2791 tibi
1714 2723 1837 2810 tuique
1852 2723 2015 2793 eredibus
2032 2727 2158 2796 inclita
2181 2729 2390 2815 supradicta

541 2878 664 2945 nostra
688 2875 905 2945 vindictione
929 2875 975 2946 da
998 2894 1118 2944 omnes
1141 2875 1302 2944 homines
1325 2877 1489 2962 omnique
1512 2877 1698 2964 partibus3
1723 2881 1760 2946 st
1781 2877 1920 2963 quando
1943 2896 2006 2964 per
2030 2897 2090 2948 vos
2114 2881 2202 2967 ipsis
2234 2881 2387 2951 volueri·

544 3028 592 3096 tis
615 3034 746 3099 exente
768 3029 982 3115 defensores,
1005 3031 1218 3115 potestatem
1242 3030 1431 3098 abentibus
1454 3048 1535 3098 cum
1558 3033 1630 3100 ista
1645 3031 1785 3100 cartula
1800 3036 1836 3101 et
1852 3049 1975 3100 omnes
1991 3034 2146 3103 monima
2161 3039 2196 3104 et
2212 3037 2384 3123 rationes

539 3201 633 3269 quas
657 3183 739 3251 inde
763 3185 870 3252 abere
894 3182 1096 3270 potueritis,
1120 3184 1217 3250 omni
1241 3183 1354 3252 modis
1378 3184 1460 3253 inde
1483 3205 1634 3256 causare
1655 3191 1691 3254 et
1713 3187 1819 3255 linem
1843 3188 1973 3273 facere,
1999 3187 2154 3274 qualiter
2185 3190 2386 3259 volueritis.

544 3334 637 3421 quod
661 3336 692 3402 si
719 3333 841 3404 taliter
865 3339 944 3408 etcz,
962 3337 1111 3404 Statnta
1133 3338 1267 3405 nnnlcta
1289 3339 1406 3406 decenn
1428 3340 1515 3405 unni
1536 3340 1730 3408 solidorum
1757 3341 1995 3410 Constantini.
2022 3342 2066 3409 Et
2088 3359 2154 3429 ego
2187 3343 2390 3428 supradicta

543 3487 674 3556 mulier
698 3488 820 3557 omnia
847 3488 1095 3575 suprascripta
1117 3489 1193 3576 egit
1216 3507 1279 3575 per
1302 3490 1503 3560 volunctate
1527 3491 1569 3559 de
1593 3491 1664 3560 illis
1686 3493 1726 3560 in
1754 3492 1858 3560 cuius
1881 3493 2063 3560 mundium
2093 3513 2183 3582 sum,
2205 3498 2243 3563 et
2265 3496 2391 3567 taliter

419 3701 422 3708 .
543 3641 702 3732 scribere
725 3639 931 3726 rogavimus
954 3645 990 3709 te
1014 3647 1139 3726 petrus
1162 3640 1335 3726 presbiter
1359 3645 1395 3708 et
1417 3643 1591 3728 notarius,
1616 3647 1735 3710 aetum
1760 3647 1990 3729 aput-monte.

596 3764 627 3879 †
652 3795 726 3880 Ego
749 3792 934 3862 mirandus

507 3959 510 3966 “
591 3919 621 4034 †
647 3947 723 4034 Ego
749 3947 907 4015 ioannes,

1236 4135 1658 4156 μ*-

1326 4405 1623 4490 CMXLVI.

1318 4638 1376 4713 A.
1406 4638 1460 4714 D.
1490 4637 1617 4715 1039.

570 4815 632 4956 .†
658 4869 698 4934 ln
722 4867 867 4933 nomine
892 4863 1026 4932 domini
1061 4861 1228 4931 vicesimo
1255 4861 1373 4948 primo
1397 4881 1491 4931 auno
1514 4863 1736 4949 principatus
1760 4861 1894 4931 salerni
1919 4862 2039 4930 domui
2063 4862 2175 4930 nostri
2198 4862 2394 4948 guaimarii

545 5019 693 5107 gloriosi
717 5017 903 5105 principis,
929 5020 965 5084 et
989 5014 1106 5104 primo
1130 5031 1226 5084 anno
1249 5013 1469 5102 principatus
1483 5017 1562 5084 eius
1579 5033 1702 5103 capue,
1720 5035 1762 5085 ae
1778 5016 1893 5103 primo
1910 5033 2005 5085 anno
2022 5015 2156 5085 ducatu
2173 5015 2249 5084 eius
2272 5016 2394 5087 amalfi

544 5176 581 5242 et
599 5169 773 5256 surrenti,
799 5187 918 5237 mense
943 5171 1135 5254 augustus,
1161 5166 1312 5252 septima
1336 5167 1540 5235 indictione.
1566 5169 1856 5238 memoratorium
1881 5169 1978 5238 lactu
1995 5189 2017 5237 a
2033 5187 2089 5236 me
2105 5171 2227 5258 petrus
2243 5168 2394 5238 clericus

550 5325 646 5394 fliius
671 5322 855 5421 quondam¹
867 5319 1029 5406 iohanni,
1051 5319 1199 5406 eoquod
1218 5323 1301 5388 ante
1316 5321 1497 5407 presentia
1512 5321 1631 5390 domni
1649 5321 1765 5411 alieri,
1786 5324 2004 5392 venerabilis
2020 5323 2191 5392 diaconus
2216 5327 2252 5391 et
2279 5325 2396 5393 archi·

545 5481 724 5566 presbiter
750 5495 812 5545 seu
838 5477 948 5544 abbas
970 5473 1124 5543 ecclesia
1147 5474 1263 5541 sancti
1287 5475 1451 5561 maximi,
1476 5474 1583 5542 situm
1608 5475 1705 5544 intus
1728 5493 1797 5544 ane
1821 5474 2083 5545 salernitanam
2108 5477 2302 5570 civitatem,
2332 5477 2396 5564 qui

545 5638 600 5700 est
624 5632 699 5718 ipse
723 5629 873 5698 domnus
895 5627 1029 5697 alferus
1053 5644 1163 5693 unum
1186 5625 1229 5694 de
1252 5625 1398 5694 dominii
1422 5627 1534 5714 ipsius
1556 5629 1751 5716 aecclesie,
1775 5635 1812 5699 et
1835 5631 1886 5699 ibi
1909 5630 2073 5700 adessent
2106 5631 2252 5718 ydoneis
2277 5633 2395 5702 homi·

550 5787 672 5873 nibus,
690 5803 753 5872 per
779 5782 1004 5870 largietatem
1028 5786 1064 5850 et
1091 5781 1344 5852 absolutionem
1370 5780 1482 5868 ipsius
1504 5783 1625 5852 domni
1647 5785 1771 5854 abbati
1794 5782 1927 5853 tradidi
1953 5783 2107 5854 iohanni
2124 5784 2197 5852 lilio
2213 5783 2393 5872 quondam
