5406 7090
1207 483 1670 562 LEGTIONARIUM

860 715 958 792 COD.
981 715 1085 793 CAV.
1816 712 2056 789 uomitum

517 1083 528 1101 .
581 1084 590 1101 .
643 1083 651 1100 .
702 1023 975 1100 ,Brittannitam
1005 1031 1110 1100 totam
1130 1023 1362 1120 impleverunt
1380 1046 1434 1095 ra·
1472 1009 1553 1088 18.
1609 1071 1618 1088 .
1669 1072 1678 1090 .
1730 1075 1738 1090 .
1778 1021 1992 1094 Britanniam
2019 1025 2362 1124 totamimplaucrun

512 1183 600 1278 ptim
623 1181 788 1278 opinione,
816 1179 981 1249 oirtntam
1017 1175 1308 1272 praedicatione.
1359 1229 1368 1248 .
1425 1232 1434 1248 ,
1468 1175 1587 1240 sancta
1602 1172 1769 1264 opinione,
1789 1176 1986 1268 uirtutibus,
2010 1180 2266 1275 praedicatione
2318 1239 2327 1258 .
2377 1243 2387 1260 .

523 1329 680 1406 ...Nec
707 1327 847 1402 mirum.
868 1326 950 1400 Erat
968 1325 1061 1397 enim
1080 1325 1116 1397 in
1136 1322 1351 1420 praesulibus
1378 1325 1434 1397 in·
1472 1378 1480 1395 .
1532 1379 1541 1396 .
1593 1345 1696 1399 ‚nec
1721 1325 1861 1402 mirum!
1882 1329 1964 1404 Erat
1980 1333 2074 1404 enim
2102 1333 2137 1406 in
2163 1336 2381 1432 praesulibus

520 1492 590 1557 star
625 1471 884 1580 apostolorum,
912 1490 944 1554 ct
974 1481 1124 1576 odoriosa
1164 1484 1349 1554 auctoritas
1373 1502 1436 1576 pcc
1470 1471 1579 1546 instar
1603 1480 1851 1572 apostolorum,
1872 1494 1904 1556 ct
1917 1485 2043 1580 adoria,
2064 1498 2097 1561 et
2120 1495 2306 1566 auctoritas
2324 1517 2387 1590 par

526 1640 763 1711 conscientiam
782 1685 1427 1712 ...........
1472 1635 1725 1710 conscientiam.

521 1791 841 1885 ...dubiamque
867 1787 1310 1866 sortembdtirnatuarunt
1339 1783 1436 1856 subi·
1475 1785 1520 1856 t9
1569 1843 1578 1860 .
1631 1845 1640 1863 .
1694 1846 1703 1864 .
1762 1791 1970 1888 dubiamque
1987 1805 2115 1870 sartam
2133 1798 2243 1874 daedi
2260 1801 2391 1878 malua·

523 1967 574 2034 ra;
593 1969 694 2043 qnam
711 1948 747 2017 in
759 1945 883 2041 popolo
898 1966 1001 2037 quem
1019 1942 1251 2022 caboertcront
1264 1938 1433 2035 pudorem
1474 1946 1555 2010 runt
1579 1939 1709 2029 subiret
1737 1967 1838 2038 qaam
1862 1951 1899 2018 in
1919 1949 2095 2044 poputum,
2123 1974 2226 2045 quem
2251 1975 2387 2026 coniti.

525 2096 775 2170 taciturnitatis
793 2095 972 2170 incuriere
977 2144 1434 2168 ........
1472 2097 1597 2177 terant,
1617 2091 1784 2185 pudorem
1802 2095 2052 2172 taciturnitatis
2071 2099 2263 2177 incurrere.

523 2305 533 2322 .
585 2305 594 2322 .
647 2304 655 2322 .
711 2303 719 2320 .
772 2250 869 2324 Illinc
893 2253 958 2323 oiri
982 2249 1155 2345 apostotici
1180 2245 1288 2322 obtuto
1301 2244 1438 2340 foedere
1476 2303 1484 2320 .
1537 2298 1545 2315 .
1598 2300 1606 2316 .
1658 2245 1793 2318 ,tttr'nc
1816 2250 1882 2321 oiri
1910 2251 2082 2344 apostotici
2113 2254 2222 2328 obtato
2249 2256 2386 2351 foedere

520 2404 706 2499 tondentes
732 2404 854 2478 tottam
870 2405 1033 2498 componi,
1061 2403 1188 2498 carecti
1207 2400 1300 2472 auita
1321 2419 1438 2494 proce·
1472 2399 1768 2494 tandemtandem
1786 2403 1899 2478 uident
1923 2405 2045 2480 delium
2069 2414 2232 2504 componi,
2259 2415 2390 2488 nultius

524 2551 610 2628 dont
638 2551 778 2642 turbidi,
797 2555 931 2627 aaron
947 2553 1015 2624 nisi
1041 2559 1175 2623 tantum
1191 2550 1246 2623 dci
1269 2549 1438 2621 adiutorio
1475 2555 1545 2624 nisi
1560 2561 1693 2628 tacitam
1718 2554 1780 2628 oct
1795 2557 1964 2632 adiutorio
1980 2557 2078 2654 frcti3
2103 2564 2201 2636 istinc
2225 2565 2384 2637 haeretici

523 2702 625 2797 freti.
1477 2707 1601 2797 aureati
1617 2707 1711 2778 cotta
1731 2710 1920 2804 procedant
1944 2713 2083 2785 turbidi.

527 2913 536 2930 .
584 2914 593 2932 .
648 2915 657 2933 .
710 2865 780 2932 ,ct
804 2855 864 2930 diu
883 2855 1070 2930 deliberata
1094 2855 1215 2953 jubent
1239 2859 1303 2928 cito
1330 2857 1439 2949 effari.
1526 2853 1608 2928 ΞΟ.
1660 2913 1668 2928 .
1720 2914 1729 2930 .
1780 2869 1857 2933 .et
1882 2859 1942 2933 diu
1968 2861 2156 2939 deliberata
2179 2864 2302 2961 jubent
2326 2865 2391 2941 cito

527 3063 535 3080 .
589 3063 597 3079 .
658 3049 673 3080 ‚v
719 3061 1391 3098 ............
1477 3004 1578 3098 affori
1603 3009 1661 3100 (on
1686 3009 1805 3103 effari).

592 3215 602 3233 .
656 3215 664 3232 .
739 3167 774 3234 et
787 3159 996 3233 assertiones
1014 3168 1150 3233 sociatos
1171 3163 1441 3234 testimoniorum
1477 3155 1520 3228 ut
1574 3213 1583 3230 .
1634 3213 1643 3231 .
1693 3213 1702 3231 .
1754 3215 1762 3232 .
1813 3169 1848 3236 et
1875 3159 2086 3260 assertiones
2124 3176 2259 3240 sanctos
2294 3179 2393 3242 ratus

523 3323 622 3386 rotas
648 3312 856 3414 sequebatur
881 3313 1001 3386 ordo.
1054 3369 1063 3385 .
1115 3369 1123 3386 .
1172 3368 1181 3386 .
1477 3305 1685 3401 sequebatur
1710 3311 1830 3384 ordo.
1883 3369 1891 3385 .
1945 3371 1953 3387 .
2005 3369 2014 3388 .

579 3523 588 3542 .
640 3523 649 3540 .
701 3467 798 3540 .sed
825 3465 922 3539 nulla
946 3465 1117 3539 datariis
1139 3487 1250 3562 posse,
1278 3467 1358 3562 quia
1388 3488 1440 3537 re·
1478 3517 1487 3535 .
1539 3517 1548 3536 .
1599 3519 1608 3536 .
1660 3521 1669 3538 .
1720 3469 1779 3541 sed
1807 3469 2073 3544 nuttadatarm'
2094 3494 2206 3568 posse,
2230 3475 2310 3571 quia
2337 3500 2389 3550 re-

422 3707 429 3718 ,
526 3629 680 3696 tentatur
702 3645 787 3720 pars
809 3621 934 3695 claudo
960 3605 1104 3693 vulnere
1358 3609 1361 3616 ’
1477 3623 1630 3694 tentatur
1650 3625 1731 3717 pari
1754 3624 1879 3697 odanda
1902 3623 2041 3699 vnlnere

546 3801 550 3808 ·
634 3828 643 3845 .
695 3828 704 3845 .
757 3777 1087 3866 ‚compescuerunt
1115 3770 1279 3866 poputum
1315 3791 1439 3842 monus
1477 3828 1485 3845 .
1534 3829 1544 3849 .
1595 3831 1605 3850 ,
1658 3833 1666 3850 .
1704 3773 1993 3875 compescuerunt
2023 3785 2225 3880 populorum
2261 3791 2368 3872 narro

522 3926 731 4019 majorino.
782 3979 791 3998 .
842 3980 851 3997 .
902 3979 910 3996 .
1358 3917 1361 3923 ’
1477 3925 1593 3999 dioina
1617 3931 1825 4023 maiestate.
1878 3985 1887 4004 .
1938 3923 1947 4005 .’
1981 3925 2008 4006 ’.

397 4161 398 4164 ¹
524 4075 654 4149 Verum
673 4073 726 4147 ilii
744 4067 864 4170 pelago
882 4071 1043 4146 salsitatis
1060 4073 1154 4145 altra
1170 4071 1306 4144 modam
1318 4073 1433 4162 merci,
1477 4079 1609 4156 Verum
1635 4082 1687 4156 illi
1715 4085 1837 4182 pelago
1865 4075 2026 4160 salsitatis
2056 4088 2146 4162 uitia
2170 4081 2305 4163 modim
2328 4099 2392 4166 im.

525 4230 567 4306 ad
586 4253 754 4306 samniam
771 4211 899 4302 undam
916 4231 1066 4302 ueritatis
1085 4253 1152 4302 non
1167 4236 1317 4325 ,possunt
1334 4227 1433 4326 erigi.
1473 4235 1586 4318 mersi,
1616 4233 1658 4306 ad
1683 4256 1849 4307 summam
1881 4236 2074 4336 nudantque
2110 4244 2265 4315 ueritatis
2300 4247 2389 4318 eiam

528 4417 549 4467 .‘
593 4443 1429 4466 ..............
1473 4406 1542 4456 non
1569 4395 1713 4480 possunt
1738 4385 1837 4484 erigi.

1827 4696 1940 4772 CAPO
1966 4697 2021 4774 111.

526 5259 534 5274 .
585 5247 597 5271 a
647 5255 655 5272 .
708 5196 886 5292 ‚gratiam
907 5192 1177 5290 cunctipotentis
1191 5216 1253 5290 pro
1271 5191 1341 5266 tiis
1358 5214 1432 5265 coc·
1473 5178 1547 5254 23.
1588 5238 1596 5253 .
1648 5236 1656 5252 .
1701 5180 1873 5276 ‚gratiani
1892 5179 2162 5277 cunctipotentis
2174 5179 2287 5275 patris
2304 5173 2385 5273 (sic)

520 5363 648 5454 perant
676 5351 822 5449 pulsare.
850 5351 922 5423 Neo
949 5371 1056 5435 marm
1078 5355 1212 5443 praesto
1230 5337 1325 5420 adest
1351 5346 1435 5419 dioi-
1472 5352 1658 5438 caeperunt
1683 5342 1833 5430 pulsare.
1861 5339 1932 5412 Neo
1961 5357 2081 5426 morat
2111 5349 2247 5436 praesto
2286 5338 2393 5418 adest·

524 5533 572 5584 ne
592 5511 727 5607 aratia,
756 5525 843 5600 quaa
870 5501 1003 5575 reddito
1040 5499 1173 5576 lumine
1213 5502 1431 5574 tenebrarum
1473 5467 1731 5591 Divinatione
1755 5491 2386 5588 quaeredditoluminatenebrarum

525 5665 648 5737 decutit
674 5660 815 5734 obscuro
857 5713 866 5731 .
917 5712 926 5730 .
980 5713 989 5728 .
1043 5711 1050 5725 .
1107 5673 1116 5696 ·
1170 5705 1431 5729 .....
1474 5647 1591 5720 decicit
1609 5647 1749 5720 obscaena
1802 5695 2386 5720 ..........

527 5815 610 5888 Tem
636 5809 790 5906 (cod.—
806 5807 900 5883 Unde
926 5805 1033 5902 corr.)
1050 5804 1241 5880 adversarii
1258 5828 1358 5901 ouem
1379 5825 1436 5900 po·
1475 5799 1565 5874 Nam
1591 5811 1622 5874 et
1658 5801 1871 5887 aduersarii,
1896 5807 2071 5896 postquam
2105 5797 2251 5894 popalus
2276 5797 2383 5867 omnis
