5408 7108
1255 477 1731 592 conexolvuusrs

1344 861 1621 984 Mxnvrr.

1338 1159 1395 1234 A.
1425 1160 1478 1234 D.
1509 1158 1637 1235 1045.

600 1514 854 1582 Sammarium

598 1668 783 1754 Vigesimo
807 1667 959 1756 septimo
982 1687 1078 1737 anno
1102 1640 1329 1758 principatus
1353 1669 1489 1737 salerni
1513 1671 1711 1739 Guaimarii
1737 1675 1804 1738 etc.
1831 1675 2011 1755 utsupra.
2037 1669 2215 1738 Concessio
2233 1675 2411 1740 terrarum

555 1821 595 1887 in
620 1819 693 1889 loco
718 1819 854 1889 Felline
876 1828 912 1890 et
935 1823 972 1890 in
991 1823 1065 1892 loco
1090 1831 1306 1911 Apusmonte
1329 1830 1365 1892 et
1388 1824 1475 1894 alibi
1500 1825 1595 1893 facta
1620 1824 1659 1890 in
1683 1823 1894 1892 beneficium
1918 1823 2080 1894 Porcarii
2097 1825 2216 1893 clerici
2244 1827 2289 1894 ab
2309 1825 2414 1894 Adel·

556 1975 645 2044 ferio
668 1978 971 2061 archipresbitero
995 1982 1031 2046 et
1053 1980 1183 2046 abbate
1208 1977 1355 2046 ecclesie
1379 1980 1413 2044 S.
1442 1980 1603 2047 Maximi.
1633 1981 1924 2066 Suprasoriptum
1957 1977 2167 2047 beneficium
2196 1979 2279 2045 olim
2305 1977 2416 2066 perti·

556 2130 665 2198 nebat
688 2130 733 2197 ad
757 2129 961 2198 Maraldum,
984 2132 1154 2200 clericum
1181 2136 1217 2199 et
1240 2129 1445 2198 diaconum.

602 2286 710 2352 Finis
737 2285 970 2352 teocius-Et
993 2285 1065 2352 dua
1090 2285 1267 2371 scriptore
1293 2285 1399 2352 unius
1424 2285 1557 2354 tenoris
1581 2286 1678 2353 hunc
1701 2303 1806 2371 quem
1830 2304 1896 2373 ego
1920 2287 2057 2355 retineo
2081 2292 2117 2356 et
2141 2287 2296 2356 alterum
2320 2288 2413 2374 quod

557 2439 630 2524 ipse
658 2439 822 2525 polcarus
848 2440 1002 2524 retinet,
1028 2443 1064 2506 te
1088 2438 1305 2506 romoaldum
1330 2441 1511 2509 notarium
1535 2440 1690 2510 scrivere
1716 2437 1864 2527 rogavi,
1892 2440 2060 2528 uldini,
2084 2441 2192 2508 istum
2215 2458 2321 2527 quern
2344 2457 2412 2526 ego

555 2612 619 2680 pro
643 2597 745 2680 parte
771 2594 883 2679 ipsius
906 2593 1053 2662 ecclesie
1080 2595 1231 2663 retineo.

600 2717 630 2833 †
657 2747 731 2833 Ego
756 2746 928 2815 iohannes

605 2872 635 2988 †
661 2903 735 2989 Ego
760 2907 880 2988 petrus
904 2903 1065 2971 notarius
1090 2920 1146 2970 me
1170 2903 1378 2989 subscripsi.

1342 3524 1649 3606 Mannum.

1339 3823 1397 3898 A.
1425 3755 1480 3898 n.
1514 3821 1639 3896 rona.

602 4083 631 4198 †
657 4114 696 4177 ln
720 4112 863 4179 nomine
887 4113 1021 4181 domini
1048 4113 1213 4181 vicesimo
1238 4114 1386 4199 septimo
1411 4131 1506 4180 auno
1531 4115 1753 4198 principatus
1776 4111 1909 4180 salerni
1935 4111 2052 4178 domni
2079 4110 2191 4179 nostri
2215 4111 2414 4198 guaimarii

555 4264 699 4352 gloriosi
727 4267 911 4353 principis,
939 4269 982 4333 Et
1005 4268 1154 4352 septimo
1177 4285 1273 4333 anno
1299 4266 1520 4352 principatus
1544 4270 1620 4334 eius
1644 4288 1769 4354 capue,
1787 4274 1822 4335 et
1840 4268 1990 4334 ducatus
2014 4265 2153 4334 amalfis
2178 4270 2213 4332 et
2236 4264 2414 4364 sirren-ti,

555 4425 590 4488 et
613 4426 741 4506 quarto
764 4439 859 4487 anno
883 4423 1208 4506 suprascriptorum
1234 4423 1498 4506 principatuum
1523 4435 1558 4488 et
1582 4424 1774 4488 (incautuum
1799 4421 1917 4488 donini
1943 4419 2063 4506 gisulll
2087 4422 2163 4486 eius
2188 4419 2254 4486 filii
2279 4417 2410 4486 eximii

540 4573 728 4662 'principis
752 4583 787 4642 et
810 4577 923 4662 ducis,
942 4582 977 4644 et
995 4577 1099 4644 tertio
1123 4595 1216 4644 anno
1242 4541 1396 4645 ducatus
1419 4577 1557 4644 illorum
1583 4578 1716 4662 apulie,
1740 4584 1776 4644 et
1799 4574 1976 4648 kalabria,
2005 4593 2125 4642 mense
2149 4581 2312 4660 agustus,
2336 4581 2409 4643 ter-

556 4731 746 4799 tiadecima
769 4732 977 4798 lndictione.
1006 4731 1097 4799 Ante
1122 4751 1177 4798 me
1194 4732 1351 4798 ademari
1378 4749 1493 4801 comes
1510 4736 1544 4798 et
1563 4731 1669 4797 iudex
1692 4728 1855 4798 coniunti
1880 4733 1964 4796 sunt
1985 4729 2022 4794 in
2039 4729 2292 4798 convenientia
2308 4727 2407 4815 sergi

557 4886 650 4953 lilius
674 4889 850 4973 quondam
876 4889 1022 4956 iohanni
1049 4893 1084 4956 et
1107 4904 1300 4954 cennamus
1326 4885 1420 4952 iilius
1450 4887 1628 4972 quondam
1661 4884 1821 4970 ioannis,
1851 4885 1895 4952 Et
1918 4901 1980 4968 per
2006 4883 2121 4969 ipsum
2146 4883 2241 4972 sergi
2269 4889 2412 4952 ostensa

557 5048 611 5108 est
639 5059 711 5108 una
735 5042 875 5109 cartula
900 5043 1085 5109 divisionis
1108 5040 1362 5108 continentem.
1392 5043 1429 5106 ln
1456 5041 1596 5107 nomine
1621 5040 1754 5106 domini
1773 5039 1937 5107 vicesimo
1961 5044 2088 5126 quarto
2112 5057 2208 5108 anno
2226 5042 2413 5127 principa-

559 5204 617 5265 tus
640 5197 758 5264 domni
784 5199 894 5264 nostri
919 5197 1115 5284 guaimarii
1140 5197 1283 5283 gloriosi
1310 5197 1483 5282 principis
1507 5215 1626 5263 mense
1650 5198 1852 5282 nobember‚
1876 5195 2071 5264 Undecima
2094 5195 2307 5265 indictione.
2340 5199 2413 5265 Me·

560 5352 791 5420 muratorium
818 5353 951 5420 sactum
976 5371 998 5418 a
1022 5369 1076 5418 me
1102 5351 1154 5418 leo
1178 5352 1247 5416 filio
1271 5353 1447 5438 quondam
1474 5352 1683 5437 ildemanni‚
1708 5369 1748 5419 eo
1771 5349 1864 5438 quod
1888 5353 1971 5418 ante
1995 5352 2213 5435 presentiam
2238 5349 2331 5438 petri
2358 5353 2415 5418 iu-

562 5505 632 5572 dici
657 5512 693 5574 et
715 5505 906 5591 subscripti
933 5509 1040 5572 testes
1065 5503 1255 5572 coniuntus
1278 5524 1353 5572 sum
1379 5525 1458 5573 cum
1484 5503 1692 5570 mulieribus
1716 5501 1862 5570 nomine
1888 5502 1970 5570 viba
1993 5521 2061 5589 que
2083 5509 2138 5571 est
2154 5520 2245 5572 uxor
2263 5503 2411 5590 nicolai,

561 5663 597 5726 et
622 5678 781 5744 purpura
813 5677 880 5744 que
905 5657 974 5724 suit
999 5655 1127 5725 relicta
1151 5657 1324 5744 iohanni,
1348 5665 1383 5724 et
1406 5661 1489 5725 sunt
1512 5657 1685 5741 amboque
1710 5654 1890 5722 sororibus
1923 5660 2068 5742 nepotes
2099 5675 2175 5724 mee
2207 5657 2280 5724 filie
2304 5675 2418 5742 quon·

561 5813 642 5881 dam
669 5811 836 5879 deusdedi
863 5811 923 5896 qui
950 5809 1020 5878 fuit
1042 5829 1236 5898 germanus
1262 5830 1373 5899 meus,
1398 5831 1571 5880 unacum
1599 5812 1676 5898 ipsa
1701 5810 1783 5878 viba
1807 5811 1948 5880 adesset
1973 5811 2091 5879 nicola
2110 5811 2186 5877 viro
2204 5829 2267 5880 suo
2282 5814 2319 5880 et
2335 5828 2422 5879 cum
