5408 7108
1006 517 1417 594 DIPLOdlATiOUS

1101 957 1329 1040 MXLII.

1065 1259 1122 1334 Α.
1152 1251 1380 1355 D-1044„
1516 1303 1518 1306 -
1658 1355 1662 1364 ³

336 1493 372 1634 †
395 1547 436 1611 In
458 1547 602 1614 nomine
625 1543 759 1613 domini
788 1544 916 1613 domno
947 1547 1174 1614 constantino
1195 1543 1322 1614 dibina
1351 1543 1472 1632 gratia
1503 1545 1696 1628 imperator
1719 1548 1871 1628 augusto
1894 1543 1958 1611 deo
1984 1543 2139 1630 propitio

288 1701 398 1769 tertio
423 1701 544 1768 hanno
568 1697 711 1784 imperii
734 1699 824 1783 eius,
850 1715 968 1766 mense
992 1700 1176 1785 hoctubor‚
1200 1693 1450 1766 tertiadecima
1466 1692 1672 1762 indictione.
1691 1693 1841 1781 Ideoque
1857 1711 1921 1762 nos
1937 1698 1998 1782 qui
2017 1712 2140 1765 sumus

289 1849 431 1920 nomine
447 1853 528 1937 poto
544 1848 609 1917 nlii
627 1852 785 1936 poterisi,
810 1850 871 1936 qui
889 1867 966 1917 sum
985 1853 1243 1916 commorantes
1260 1846 1358 1915 intus
1373 1844 1520 1915 cibitate
1539 1845 1686 1932 luceria,
1702 1865 1809 1932 quarn
1826 1852 1863 1914 et
1880 1866 1946 1934 ego
1961 1848 2139 1934 grimaldo

288 2004 362 2072 filio
383 2005 538 2072 iohanne
561 2002 624 2089 qui
647 2020 726 2070 sum
750 2000 958 2071 habitantes
983 2000 1081 2068 intus
1105 2001 1253 2070 cibitate
1276 1999 1451 2087 sipontus,
1469 2017 1510 2067 eo
1526 1999 1618 2085 quod
1644 2001 1742 2068 intus
1766 2000 1917 2069 cibitate
1934 1999 2071 2070 luceria
2087 2019 2145 2069 co-
2261 2065 2263 2068 .

289 2173 367 2224 ram
390 2157 570 2240 presentia
593 2153 750 2224 iohanne
773 2155 964 2242 magnifico
988 2153 1163 2246 iudiceet
1186 2152 1295 2222 haliis
1319 2151 1511 2220 nobiliores
1533 2152 1736 2220 hominibus
1759 2154 1823 2239 qui
1846 2154 1905 2221 hic
1920 2163 2041 2241 supter
2059 2173 2143 2223 cou-

288 2309 414 2396 scripti
438 2313 534 2385 sunt,
560 2307 647 2394 quia
662 2325 709 2376 ex
725 2305 884 2394 predicto
908 2306 1088 2394 radelpoto
1110 2309 1225 2374 habeo
1247 2323 1314 2393 ego
1337 2309 1418 2393 poto
1442 2325 1515 2375 una
1538 2308 1634 2394 petia
1659 2307 1703 2375 de
1729 2308 1835 2376 binea
1851 2308 1983 2375 maiore
1999 2325 2069 2394 que
2089 2311 2146 2377 iu·

288 2463 421 2532 dicabit
444 2460 544 2529 illurn
566 2477 631 2548 pro
654 2463 841 2531 hanimam
864 2478 967 2530 suam
990 2460 1110 2529 emisit
1134 2461 1235 2529 illam
1251 2461 1290 2528 in
1307 2479 1435 2532 manus
1458 2478 1538 2529 mea
1554 2461 1726 2531 bindendi
1742 2479 1811 2548 pro
1823 2463 2009 2531 hanimam
2025 2427 2142 2550 suam,

288 2633 392 2701 quam
409 2617 445 2683 et
467 2631 534 2701 ego
557 2612 732 2701 grimaldo
755 2613 893 2682 retineo
917 2613 995 2698 ipsa
1018 2613 1117 2682 balia
1141 2613 1250 2683 binea
1265 2631 1334 2700 que
1351 2615 1420 2682 suit
1442 2613 1541 2682 illius
1566 2612 1736 2700 radelpoti
1759 2613 1860 2682 tiano
1877 2632 1954 2681 meo
1977 2615 2145 2700 pererede

288 2767 400 2854 illiue,
424 2767 524 2836 modo
548 2784 630 2840 vero
653 2785 851 2855 congruum
867 2770 904 2836 et
920 2769 1071 2838 habtum
1094 2785 1169 2836 esse
1194 2766 1334 2836 bidetur
1350 2765 1390 2834 in
1407 2784 1518 2834 unum
1543 2765 1697 2836 bendere
1727 2769 1925 2838 hambabus
1944 2768 2018 2854 ipse
2044 2770 2146 2838 vinee

288 2926 324 2989 et
349 2939 431 2988 cum
455 2919 570 2987 medio
593 2937 664 2988 uno
686 2921 830 3006 pastino
853 2921 896 2990 de
921 2939 992 2989 uno
1014 2923 1136 2990 hanno
1159 2923 1196 2990 in
1220 2939 1333 2990 unum
1359 2923 1516 2992 teuiente
1541 2925 1577 2988 in
1597 2920 1711 2991 locum
1727 2923 1790 3008 qui
1806 2923 1940 2991 dicitnr
1957 2924 2053 2992 iusta
2069 2923 2146 3009 ipso

288 3071 396 3139 dubio
419 3073 595 3157 perticata
620 3073 715 3140 iusta
738 3072 817 3160 ipsa
839 3072 900 3142 bia
922 3073 1152 3144 dodoalarino
1175 3079 1211 3142 et
1233 3093 1303 3160 que
1328 3073 1479 3184 bisdicte
1505 3077 1607 3145 binee
1634 3094 1698 3163 pro
1715 3075 1848 3144 nostris
1865 3078 2145 3146 necessitatibus

289 3225 392 3293 nobis
415 3225 453 3291 in
478 3242 588 3292 unum
618 3224 771 3294 bendere
795 3245 990 3314 congruum
1016 3231 1128 3318 estet
1151 3233 1273 3297 nostra
1296 3229 1558 3314 congruitatem
1585 3227 1639 3295 vel
1663 3230 1914 3298 necessitatem
1938 3229 2071 3299 exinde
2092 3233 2145 3300 fa-

289 3380 399 3446 ceret.
425 3379 481 3445 Sic
506 3357 608 3445 nobis
630 3396 828 3464 congruum
850 3383 887 3447 et
909 3381 1056 3448 habtum
1080 3398 1155 3448 osse
1177 3381 1331 3467 bidetur,
1349 3339 1441 3450 bona
1457 3381 1590 3449 etenim
1614 3385 1739 3450 nostra
1760 3382 1990 3450 volumtatem
2009 3387 2155 3455 unani-¹

290 3515 396 3599 miter
419 3533 570 3618 parique
594 3548 805 3600 consensum
828 3550 891 3619 per
915 3534 1009 3600 hanc
1031 3531 1127 3601 enim
1152 3552 1291 3620 quoque
1314 3529 1479 3602 bidelicet
1493 3532 1668 3602 cartulam
1685 3551 1805 3604 coram
1821 3535 2002 3621 presentia
2016 3554 2145 3624 supra·

205 3761 210 3766 ,
291 3683 376 3751 dicti
403 3682 533 3751 iudicis
555 3686 591 3752 et
606 3681 856 3770 haliorumque
879 3686 1162 3771 subscriptorum
1188 3688 1333 3755 testium
1349 3686 1573 3757 bindedimus
1588 3686 1650 3758 ille
1671 3688 1737 3757 tibi
1755 3689 1936 3759 nominato
1954 3689 2060 3758 lando
2076 3691 2143 3757 im·

290 3809 438 3926 pariatis
462 3846 645 3907 drumarca
668 3837 711 3905 de
734 3836 882 3907 cibitate
905 3836 1093 3906 florentino
1116 3839 1334 3926 habitantes,
1360 3838 1435 3924 ipse
1460 3839 1627 3908 iamdicto
1650 3841 1765 3927 vinee,
1783 3860 1874 3928 quas
1897 3841 2064 3928 superius
2079 3859 2142 3927 pa-

291 3993 475 4061 tefecimus
498 3991 600 4060 nobis
623 4009 698 4060 esse
723 3991 965 4078 pertinentes,
990 4009 1058 4077 que
1082 3993 1189 4059 habet
1213 3991 1302 4059 fines
1334 3993 1410 4078 ipsa
1434 3992 1541 4059 binea
1568 3993 1715 4059 maiore.
1740 3995 1788 4059 De
1811 3994 1929 4078 prima
1952 4010 2034 4060 vero
2058 4009 2143 4078 pars

291 4144 362 4211 fine
386 4143 418 4211 ei
443 4143 557 4211 medio
578 4143 691 4212 limite
713 4144 785 4212 fine
809 4147 884 4229 ipso
907 4145 1047 4230 pastino
1075 4144 1230 4230 minori,
1261 4144 1344 4212 inde
1372 4149 1456 4212 sunt
1488 4143 1534 4213 ad
1561 4161 1704 4229 passum
1731 4145 1863 4212 iustum
1894 4149 2140 4214 mensuratum

291 4297 446 4367 hominis
468 4298 656 4366 mediocris
679 4315 831 4384 persona
854 4299 948 4383 passi
972 4297 1125 4383 triginta
1146 4296 1228 4364 duo.
1255 4299 1303 4364 De
1326 4253 1482 4365 secunda
1504 4312 1589 4381 pars
1612 4295 1684 4361 fine
1706 4299 1742 4362 et
1760 4297 1940 4380 integrum
1965 4294 2037 4376 ipso
2060 4311 2141 4364 car·

230 4425 231 4428 ¹
293 4453 445 4520 bunario
469 4451 539 4520 fine
563 4451 642 4538 ipsa
664 4455 763 4520 terra
791 4453 936 4538 bacua,
961 4449 1044 4518 inde
1071 4453 1155 4518 sunt
1181 4448 1274 4536 passi
1301 4449 1456 4536 triginta
1482 4453 1517 4518 et
1540 4448 1706 4518 medium.
1737 4451 1785 4518 De
1815 4449 1925 4519 tertia
1954 4467 2034 4518 vero
2059 4469 2145 4537 pars

294 4607 364 4674 dne
388 4609 424 4672 et
447 4604 561 4674 modio
583 4604 659 4691 ipso
682 4603 906 4672 carbunario.
921 4605 991 4670 dne
1016 4603 1094 4686 ipsa
1117 4601 1224 4673 binea
1249 4607 1407 4670 muscato
1431 4601 1504 4668 filio
1527 4603 1716 4690 zaliperto,
1742 4603 1825 4670 inde
1848 4608 1933 4671 sunt
1958 4606 2053 4690 passi
2077 4605 2145 4672 tri·

294 4761 409 4846 ginta.
437 4761 483 4825 De
506 4761 637 4845 quarta
661 4761 778 4826 autem
803 4773 889 4841 pars
912 4755 983 4821 fine
1008 4754 1084 4840 ipso
1107 4755 1214 4822 dubio
1238 4757 1426 4842 perticata,
1451 4755 1533 4826 inde
1557 4743 1641 4826 sunt
1665 4757 1759 4842 passi
1784 4756 1937 4844 triginta
1958 4763 2067 4843 septe.
2093 4759 2147 4825 Si-

295 4916 368 4983 mul
391 4920 427 4983 et
451 4917 527 5002 ipso
551 4916 693 5002 pastino
716 4915 854 4980 minore
879 4911 943 4999 qui
967 4913 1074 4980 habet
1097 4913 1199 4979 dnos.
1226 4914 1273 4980 De
1297 4914 1412 4999 prima
1430 4930 1511 4980 vero
1539 4932 1622 5001 pars
1650 4912 1742 5000 quod
1765 4916 1821 4980 est
1843 4934 1865 4982 a
1889 4913 2005 4981 medio
2029 4914 2145 4983 limite

296 5065 366 5133 fine
391 5066 469 5152 ipsa
492 5067 600 5135 binea
622 5066 780 5152 maiore,
805 5065 888 5134 inde
910 5070 995 5133 sunt
1018 5063 1112 5151 passi
1141 5082 1222 5130 cum
1249 5064 1325 5150 ipso
1351 5064 1464 5132 medio
1492 5063 1681 5152 pastinello
1705 5064 1969 5164 quaddraginta
1992 5085 2068 5136 sex.
2094 5070 2142 5137 De

296 5217 451 5288 secunda
476 5237 556 5287 vero
578 5224 680 5304 parte
703 5237 772 5304 que
795 5217 928 5285 dicitur
945 5236 967 5285 a
982 5215 1100 5284 media
1123 5216 1294 5302 fenestra,
1311 5213 1381 5283 flue
1398 5217 1473 5300 ipso
1489 5215 1604 5284 medio
1626 5217 1767 5303 pastino
1783 5201 1932 5306 rotardi,
1951 5220 2033 5308 iude
2057 5225 2144 5288 sunt

296 5371 392 5457 passi
419 5372 548 5459 viginti
572 5372 689 5439 hocto.
706 5373 754 5439 De
771 5370 879 5438 tertia
902 5387 988 5438 vero
1011 5372 1114 5455 parte
1138 5388 1207 5455 que
1231 5369 1364 5439 dicitur
1388 5390 1410 5439 a
1434 5371 1505 5440 fine
1530 5371 1574 5440 de
1599 5373 1677 5458 ipsa
1693 5372 1754 5441 bia
1777 5372 1932 5460 plubioa,
1959 5374 2039 5442 inde
2063 5380 2149 5443 sunt

297 5525 391 5612 passi
415 5524 682 5612 quaddraginta
706 5543 781 5593 sex.
806 5525 853 5593 De
877 5527 1009 5611 quarta
1031 5527 1152 5593 autem
1175 5527 1276 5610 parte
1299 5541 1368 5610 que
1390 5521 1523 5591 dicitur
1546 5525 1654 5593 afine
1671 5525 1714 5591 de
1732 5522 1806 5610 ipso
1822 5525 1928 5594 dubio
1951 5527 2142 5612 perticata,

298 5676 380 5746 inde
404 5683 488 5746 sunt
512 5696 623 5765 usque
648 5677 687 5744 in
711 5679 789 5765 ipsa
811 5696 906 5765 aqua
932 5675 1026 5763 passi
1051 5675 1181 5764 viginti
1208 5679 1375 5762 quatuor.
1405 5675 1501 5741 Inter
1529 5674 1595 5742 iste
1624 5693 1778 5761 namque
1806 5677 1889 5744 finis
1916 5683 1954 5745 et
1981 5695 2146 5748 mensure

297 5850 367 5918 que
391 5832 555 5917 superius
578 5831 739 5899 cernitur
762 5835 798 5899 ct
821 5827 955 5916 legitur
978 5829 1024 5897 da
1047 5827 1118 5896 dne
1143 5831 1181 5895 in
1205 5827 1289 5915 fine,
1313 5832 1487 5915 quantum
1514 5826 1611 5896 infra
1637 5827 1789 5898 claustre
1805 5834 1901 5918 sunt,
1923 5830 1999 5918 ipse
2022 5830 2151 5900 iamdi-
