5402 7088
1253 535 1433 608 donax
1474 535 1738 610 CAVENSIS

1280 972 1684 1056 DCGCXXVII.

1215 1275 1218 1282 ·
1325 1239 1382 1311 Α.
1410 1238 1464 1312 D.
1495 1237 1625 1314 1034.

515 1603 519 1612 ι
599 1469 636 1610 l'
662 1525 700 1588 ln
725 1524 869 1592 nomine
892 1525 1025 1593 domiui
1050 1525 1105 1592 dei
1131 1525 1319 1594 salvatoris
1343 1525 1445 1592 ihesu
1469 1525 1596 1592 christi
1613 1526 1811 1612 imperante
1828 1524 1955 1593 domno
1970 1523 2120 1592 michael
2139 1540 2270 1610 magno
2294 1521 2405 1608 impe·

553 1677 676 1742 ratore
699 1676 822 1744 hanno
845 1676 972 1765 primo,
996 1678 1053 1745 die
1078 1679 1253 1764 vigesima
1278 1679 1394 1763 prima
1417 1677 1549 1744 mensis
1574 1678 1777 1763 septemvri,
1803 1677 1995 1745 indictione
2020 1677 2141 1760 tertia,
2159 1675 2410 1760 neapoli.0er-

550 1829 626 1892 tum
653 1830 706 1893 est
730 1844 794 1894 nos
819 1827 992 1898 lamberto
1016 1837 1051 1899 et
1074 1831 1236 1899 adenollo
1253 1831 1405 1898 uterinis
1420 1830 1602 1932 germanis
1619 1829 1703 1896 filiis
1719 1828 1898 1915 quondam
1914 1827 2033 1895 domni
2051 1827 2196 1894 iohanni
2216 1827 2258 1894 de
2274 1827 2402 1893 domno

550 1977 724 2078 lamverto
748 2005 770 2052 a
793 1987 950 2070 presenti
975 1986 1033 2053 die
1057 1984 1301 2072 promtissima
1325 1985 1519 2052 volumtate
1543 1984 1833 2053 venumdedimus
1867 1990 1903 2050 et
1927 1982 2139 2050 tradidimus
2176 1981 2241 2048 tivi
2279 1981 2398 2067 sergio

546 2133 745 2216 presbitero
771 2137 814 2204 de
838 2139 900 2203 fiso
924 2143 1044 2204 nostro
1067 2137 1141 2206 filio
1163 2137 1339 2224 quondam
1364 2135 1508 2204 landolii
1531 2135 1574 2202 de
1599 2136 1653 2202 fisi
1673 2135 1800 2220 nostri,
1825 2133 1918 2202 Idest
1937 2132 2078 2220 integra
2093 2135 2254 2218 portione
2270 2137 2306 2199 et
2322 2151 2401 2218 per-

544 2287 708 2355 tinentia
731 2288 872 2356 absenti
899 2289 1048 2356 iohanni
1074 2289 1209 2359 uterini
1233 2291 1394 2376 germani
1420 2287 1474 2354 tui
1498 2288 1598 2356 defisi
1624 2287 1738 2354 nostri
1759 2305 1805 2354 ex
1823 2285 1986 2372 integras
2004 2291 2119 2352 terras
2137 2284 2254 2370 posita
2272 2287 2309 2351 in
2328 2260 2401 2351 loco

542 2439 615 2523 qui
639 2439 848 2508 nominatur
872 2443 1155 2526 patrurchanum
1188 2459 1261 2509 una
1286 2460 1366 2507 cum
1390 2441 1603 2508 harboribus
1633 2446 1669 2507 et
1693 2439 1862 2506 introitus
1890 2456 1972 2504 suos
2002 2443 2038 2506 et
2067 2435 2299 2522 omnibusque
2331 2437 2399 2504 sivi

544 2593 822 2678 pertinentibus
849 2612 939 2679 quas
964 2594 1001 2660 in
1026 2597 1131 2662 simul
1155 2597 1256 2663 nobis
1280 2595 1410 2663 cecidit
1433 2612 1497 2682 pro
1521 2594 1677 2662 devitum
1701 2611 1793 2680 quas
1814 2595 2056 2678 suprascripto
2072 2593 2225 2658 habsens
2242 2590 2398 2659 iohanne

545 2764 719 2832 germano
741 2751 802 2814 tuo
825 2747 934 2815 defiso
958 2755 1078 2816 nostro
1102 2750 1201 2815 novis
1225 2750 1360 2836 debuit,
1385 2755 1421 2816 et
1446 2749 1520 2834 ipse
1544 2749 1629 2835 suga
1653 2749 1775 2833 lapsus
1798 2752 1852 2815 est
1876 2748 1918 2814 de
1941 2747 2010 2815 ista
2034 2746 2230 2816 civitatem.
2252 2747 2298 2812 De
2316 2748 2397 2833 qui-

544 2897 610 2964 bus
639 2897 730 2963 nihil
758 2899 855 2964 vovis
878 2898 1007 2966 exinde
1031 2899 1172 2986 aliquod
1197 2902 1368 2968 remansit
1392 2899 1488 2967 haud
1512 2897 1787 2985 reservavimus,
1805 2916 1871 2965 nec
1895 2899 1933 2964 in
1950 2898 2072 2965 aliena
2088 2899 2260 2984 cuiusque
2280 2915 2398 2982 perso-

543 3067 629 3136 naS,
654 3050 746 3136 quod
770 3051 880 3137 absit,
905 3051 1108 3118 comisimus
1132 3050 1228 3118 haud
1252 3052 1325 3120 iam
1347 3051 1605 3120 commistimus
1628 3057 1852 3138 potestatem3
1869 3055 1986 3120 sethe
2003 3069 2098 3118 nunc
2115 3058 2151 3118 et
2167 3053 2332 3138 deinceps
2349 3053 2396 3118 ha

548 3199 651 3266 novis
673 3199 740 3269 tivi
767 3201 815 3267 sit
839 3202 1091 3270 venumdatum
1116 3208 1153 3269 et
1177 3203 1348 3270 traditum
1373 3203 1410 3268 in
1435 3208 1499 3270 tua
1523 3203 1646 3288 tuique
1682 3203 1872 3271 heredibus
1907 3203 1953 3270 sit
1987 3209 2208 3290 potestatem,
2233 3205 2398 3290 quicquit

544 3353 680 3420 exinde
704 3354 822 3422 iacere
846 3353 1043 3440 volueritis,
1069 3373 1207 3440 semper
1231 3357 1268 3422 in
1294 3357 1456 3424 omnibus
1481 3359 1631 3425 liberam
1655 3358 1817 3426 habeatis
1839 3361 2060 3443 potestatem,
2077 3361 2113 3423 et
2130 3373 2243 3441 neque
2269 3357 2316 3423 ha
2333 3372 2396 3420 no-

507 3463 514 3474 ·
545 3507 601 3572 vis
628 3509 886 3593 suprascriptis
910 3506 1082 3576 lamberto
1105 3515 1140 3577 et
1163 3508 1325 3576 adenolfo
1350 3509 1503 3576 uterinis
1526 3509 1723 3594 germanis
1748 3526 1862 3594 neque
1886 3510 1933 3576 ha
1955 3509 2089 3575 nostris
2104 3507 2306 3592 heredibus,
2331 3523 2397 3573 nec

543 3677 567 3726 a
594 3660 696 3728 nobis
719 3679 887 3747 personas
910 3663 1136 3730 summissam
1160 3663 1258 3730 nullo
1283 3669 1441 3748 tempore
1464 3679 1661 3746 numquam
1690 3666 1731 3726 tu
1767 3660 2012 3746 suprascripto
2046 3659 2163 3746 sergio
2198 3660 2399 3746 presbitero

543 3810 653 3880 dedso
676 3819 810 3900 nostro,
835 3814 1112 3882 autheredibus
1135 3833 1197 3882 seu
1221 3815 1481 3901 reliquentibus
1504 3817 1590 3902 tuis,
1614 3814 1706 3901 quod
1731 3815 1839 3902 absit,
1862 3813 2026 3882 habeatis
2049 3813 2180 3880 exinde
2196 3813 2390 3898 aliquando

545 3984 770 4053 quacumque
794 3967 1026 4054 requisitione
1041 3967 1137 4036 haud
1152 3967 1366 4052 molestiam,
1383 3985 1445 4054 per
1461 3967 1601 4035 nullum
1616 3968 1758 4036 modum
1775 3967 1981 4055 nullamque
1996 3967 2225 4037 hadimveuta
2241 3967 2395 4056 ratione,

543 4133 611 4184 nec
634 4135 697 4202 per
720 4119 948 4187 summissam
971 4136 1142 4206 personas
1165 4121 1214 4189 ha
1236 4137 1333 4188 nunc
1356 4123 1393 4189 et
1417 4119 1652 4206 imperpetuis
1684 4118 1913 4208 temporibus.
1951 4120 2100 4207 Insuper
2133 4123 2170 4188 et
2203 4138 2249 4189 av
2284 4119 2398 4189 omnis

547 4270 684 4340 omines
706 4273 874 4360 omnique
898 4291 1068 4362 personas
1090 4274 1213 4342 homni
1238 4279 1395 4360 tempore
1419 4289 1484 4341 nos
1505 4256 1543 4340 et
1568 4271 1716 4340 heredes
1740 4243 1878 4340 nostris
1894 4273 1961 4341 tivi
1984 4273 2109 4359 tuique
2125 4272 2317 4342 heredibus
2336 4292 2401 4344 seu

547 4428 808 4514 reliquentibus
831 4425 963 4497 exinde
988 4428 1027 4494 in
1051 4427 1214 4495 omnibus
1238 4429 1444 4500 hantestare
1468 4431 1504 4495 et
1526 4425 1711 4496 defensare
1734 4425 1954 4514 debeamus3
1979 4446 2043 4515 pro
2065 4445 2106 4495 eo
2129 4429 2223 4514 quod
2257 4430 2402 4518 accepi·

453 4587 464 4612 ·
545 4597 626 4649 mus
648 4583 697 4650 ha
719 4585 755 4650 te
777 4581 908 4649 exinde
930 4580 1155 4670 impresentis
1179 4579 1217 4648 in
1240 4573 1381 4648 omnem
1404 4579 1583 4648 decisione
1607 4597 1671 4649 seu
1694 4579 1959 4667 deliveratioue,
1978 4579 2069 4649 idest
2092 4581 2173 4649 auri
2191 4584 2263 4651 tari
2288 4579 2395 4670 quin·

545 4752 630 4822 que,
655 4734 751 4802 siout
773 4733 869 4803 inter
892 4735 995 4802 nobis
1017 4750 1105 4800 vone
1127 4733 1330 4804 volumtatis
1353 4733 1540 4802 cumvenit.
1560 4736 1759 4804 Hactameu
1775 4738 1812 4802 ct
1827 4733 1937 4820 stetit,
1953 4737 1990 4802 et
2012 4735 2257 4820 promittimus
2273 4735 2390 4822 adque

546 4888 732 4956 firmamus
753 4888 834 4974 tivi,
853 4893 893 4956 ut
916 4887 1127 4976 quandoque
1150 4888 1217 4957 tivi
1241 4888 1365 4974 tuique
1388 4887 1579 4958 heredibus
1601 4905 1664 4955 seu
1687 4885 1947 4973 reliquentibus
1972 4886 2149 4975 placuerit
2166 4887 2261 4974 ipsas
2276 4892 2393 4959 terras

548 5046 686 5112 vestras
708 5043 795 5113 dare
818 5061 880 5128 per
904 5042 1030 5130 quovis
1053 5042 1206 5128 modum,
1231 5045 1345 5110 vestre
1370 5040 1445 5109 sint
1468 5039 1653 5126 potestatis
1676 5044 1713 5108 et
1728 5037 1865 5109 nullam
1889 5040 2121 5126 requisitione
2144 5041 2239 5110 haud
2256 5046 2398 5112 contra·

548 5199 713 5269 rietatem
736 5197 868 5268 exinde
891 5199 1057 5268 habeatis
1080 5201 1132 5284 tu,
1156 5197 1229 5265 aud
1251 5197 1324 5264 tuis
1347 5195 1538 5264 heredibus
1561 5209 1628 5264 seu¹
1648 5196 1921 5284 reliquentibus,
1945 5197 2043 5266 haud
2070 5214 2222 5284 persona
2246 5198 2309 5268 illa
2334 5201 2393 5268 cui

549 5369 613 5440 per
636 5369 700 5419 nos
722 5352 847 5456 datum
871 5351 980 5420 suerit
1004 5370 1067 5439 per
1091 5349 1394 5446 nullummodum
1418 5349 1625 5436 nullamque
1650 5351 1906 5422 hadinbentam
1921 5353 2059 5422 ratione
2073 5371 2139 5422 uec
2154 5373 2216 5441 per
2233 5359 2400 5426 summis-

550 5523 627 5574 sam
650 5521 820 5591 personas
843 5469 1075 5591 imperpetuis
1099 5503 1330 5600 temporibus;
1354 5503 1385 5571 si
1409 5509 1529 5574 autem
1550 5522 1614 5574 nos
1631 5505 1729 5576 baud
1744 5506 1876 5575 nostris
1891 5507 2081 5577 heredibus
2097 5510 2222 5594 quovis
2238 5512 2396 5597 tempore

548 5661 675 5728 contra
698 5659 794 5727 hanc
816 5655 1032 5745 chartulam,
1057 5663 1096 5726 ut
1119 5674 1225 5742 super
1249 5655 1397 5746 legitur,
1421 5658 1544 5727 venire
1567 5662 1862 5748 presumserimus
1883 5665 1920 5730 et
1936 5663 1975 5730 in
1991 5659 2123 5749 aliquit
2137 5663 2306 5732 boliensis
2323 5663 2398 5733 lue-

548 5812 663 5880 rimus
685 5829 749 5900 per
772 5816 895 5900 quobis
917 5813 1057 5881 modum
1074 5809 1142 5878 aud
1159 5807 1384 5880 summissam
1407 5827 1590 5898 personas,
1609 5815 1696 5880 tunc
1713 5811 1957 5900 componimus
1972 5812 2039 5882 tivi
2056 5813 2186 5901 tuique
2201 5815 2396 5885 heredibus
