5402 7088
982 475 1439 632 nrrn'ouurroos
1553 471 1560 484 ’
1955 607 1956 610 ¹
2029 525 2094 632 ,aa

294 745 489 825 monimine
513 750 550 816 et
573 747 710 818 ratione
733 719 823 836 ¹quas
847 747 929 817 inde
952 745 1163 816 habueritis.
1189 747 1285 822 Quod
1304 747 1333 814 si
1351 747 1473 816 taliter
1497 749 1615 818 omnia
1639 749 1882 838 suprascripta
1897 756 1962 821 oto.
1990 755 2141 822 statuta
2269 811 2272 818 ,

292 901 428 970 remota
450 901 581 988 uiolati
604 901 797 970 solidorum
819 901 906 968 auri
931 895 1172 970 Constantini.
1198 899 1242 967 Et
1261 898 1384 968 taliter
1408 898 1563 968 seribere
1598 900 1803 988 rogavimus
1826 905 1861 971 te
1884 885 2034 989 talarioo
2057 923 2143 992 pre·
2168 937 2170 940 ·
2247 999 2254 1014 Ι

182 1057 189 1072 ”
295 1054 408 1121 sbiter
430 1057 467 1122 et
488 1053 664 1141 notarius,
690 1060 808 1124 actum
833 1051 976 1122 cilento.
1013 1051 1019 1062 '

333 1153 369 1294 †
395 1209 470 1294 Ego
496 1207 651 1276 iohanne
675 1207 850 1294 presbiter

334 1331 365 1448 †
390 1361 466 1446 Ego
490 1360 646 1428 iohanne
670 1359 881 1447 presbitero.

992 1649 1417 1659 m

975 1941 1456 2074 DCCCLXXXIV..
1553 1953 1561 1971 '

1081 2239 1139 2314 Α.
1166 2238 1221 2350 n.
1250 2237 1386 2312 1035.

224 2663 229 2676 ,
341 2541 378 2682 †
401 2593 442 2660 ln
465 2587 609 2658 nomine
631 2587 778 2686 domini.
809 2613 832 2654 .·
843 2633 1003 2656 .....
1030 2606 1124 2658 anno
1148 2587 1371 2676 principatus
1393 2589 1512 2658 domni
1529 2591 1640 2658 nostri
1656 2589 1839 2676 guaimari
1863 2559 2016 2676 glorioso
2039 2590 2143 2678 prin·

294 2715 376 2836 ceps
400 2745 497 2814 iilius
518 2741 695 2832 quondam
718 2701 1057 2834 domniguaimari,
1076 2759 1202 2809 mense
1226 2743 1437 2830 ianuarius‚
1468 2743 1578 2812 tertia
1607 2715 1822 2810 indictione.
1848 2743 2147 2810 Memoratorium

292 2905 426 2974 iactum
450 2919 474 2970 a
497 2917 554 2968 mo
578 2949 587 2992 =
617 2945 773 2966 .....
780 2948 807 2964 ..
835 2948 843 2965 .
872 2949 880 2966 .
904 2901 941 2966 et
962 2898 1072 2967 abbas
1095 2895 1242 2965 eeclesia
1265 2897 1383 2964 sancti
1406 2894 1572 2984 maximi,
1594 2894 1743 2982 eoquod
1766 2899 1850 2963 ante
1867 2895 2049 2982 presentia
2064 2895 2144 2984 gri-

293 3057 427 3128 moaldi
456 3052 578 3124 comiti
610 3057 646 3122 et
676 3051 785 3120 iudici
809 3053 1024 3140 perbonam
1048 3049 1306 3118 combenientia
1310 3095 1651 3118 ..........
1677 3047 1788 3116 iudex
1810 3047 2000 3118 adbocator
2030 3049 2147 3137 ipsius

292 3209 442 3282 ecclesie
469 3205 516 3277 ad
543 3204 738 3275 tenendum
766 3210 802 3273 et
827 3193 1051 3312 residendum
1079 3201 1228 3298 tradidit
1251 3201 1381 3270 sellioti
1404 3203 1478 3294 filio
1501 3163 1656 3290 iaquinti
1686 3251 1695 3270 .
1798 3181 1821 3269 .’
1835 3250 2026 3272 ......
2038 3254 2063 3292 ,.
2094 3256 2103 3274 .
2133 3255 2142 3274 .

293 3383 375 3432 oum
398 3375 484 3432 oasa
508 3359 641 3431 iavrita
661 3333 700 3428 ei
723 3357 908 3426 curticella
931 3357 992 3444 qui
1017 3359 1071 3424 est
1088 3356 1258 3446 coniunta
1275 3353 1318 3423 ad
1337 3355 1416 3442 ipsa
1431 3373 1530 3442 oasa,
1553 3355 1644 3442 quod
1666 3373 1749 3442 pars
1767 3355 1878 3442 ipsius
1893 3355 2040 3426 ecclesie
2057 3360 2141 3428 abet

295 3517 393 3592 intus
414 3507 487 3584 ano
510 3505 773 3604 salernitanam
800 3507 983 3577 civitatem
1008 3505 1047 3572 in
1070 3504 1168 3591 plaiu
1191 3504 1234 3572 de
1257 3509 1387 3592 monte,
1405 3509 1466 3593 qui
1491 3511 1545 3575 est
1569 3527 1592 3576 a
1614 3524 1724 3601 super¹
1745 3508 1823 3593 ipsa
1845 3507 1995 3597 eeclesia
2023 3513 2141 3579 sancti
2189 3571 2190 3574 ,

228 3701 231 3707 ·
293 3666 473 3754 maximi,
496 3651 611 3734 otest
632 3615 677 3729 da
699 3678 746 3729 ex
768 3657 864 3726 omni
890 3661 991 3744 parte
1014 3655 1205 3727 coniuncta
1229 3658 1274 3725 ad
1297 3658 1368 3778 tino
1392 3657 1503 3745 ipsius
1525 3659 1695 3728 eoolesie:
1726 3619 1855 3748 apars
1878 3658 2027 3728 orientis
2055 3667 2142 3729 sunt

186 3841 199 3867 ·
296 3823 401 3910 pedes
424 3808 640 3909 quindecim:
666 3835 689 3884 a
712 3812 862 3882 moridie
887 3767 1099 3898 sonipedes
1121 3807 1253 3878 decem:
1279 3831 1302 3880 a
1325 3815 1427 3899 parte
1450 3812 1648 3882 oooidentis‘
1666 3815 1750 3881 sunt
1771 3813 1877 3902 pedes
1902 3860 2096 3884 ......
2122 3835 2147 3886 a

295 3993 384 4065 pars
406 3969 669 4061 septemtrionis
692 3972 778 4036 sunt
800 3966 906 4054 podes
928 3965 1055 4034 nobem
1077 3968 1115 4032 et
1137 3963 1324 4034 summisse
1347 3969 1383 4034 et
1405 3968 1510 4073 uneie
1533 3965 1615 4054 due;
1639 3968 1675 4034 et
1703 3966 1782 4056 ipsa
1803 3966 1990 4036 eurtioella
2012 3972 2068 4038 est
2089 3987 2148 4038 oo-

293 4131 425 4200 niunta
451 4101 470 4190 .’
489 4171 643 4196 .....
672 4125 771 4191 terra
793 4139 875 4188 oum
898 4137 983 4188 oasa
1006 4137 1028 4187 a
1051 4093 1153 4204 parte
1176 4116 1352 4206 orientis,
1376 4123 1413 4188 et
1435 4124 1489 4188 est
1510 4119 1693 4210 longitudo
1723 4120 1829 4210 pedes
1852 4123 1978 4190 nobem
2003 4126 2039 4193 et
2063 4123 2149 4193 lati·
2208 4201 2212 4208 ,

295 4283 382 4356 tudo
405 4237 444 4350 in
467 4279 563 4349 omni
588 4277 663 4346 loeo
686 4275 791 4366 pedes
814 4292 906 4362 sex,
939 4277 1013 4342 tota
1037 4271 1243 4359 supradicta
1265 4273 1449 4380 mensoria
1467 4230 1677 4342 mensurata
1711 4273 1781 4378 fuit
1803 4274 1859 4344 ad·
1873 4275 1970 4343 iusta
1993 4239 2142 4346 manum
2190 4301 2194 4310 ·

296 4437 495 4521 hominum3
520 4435 585 4502 heo
609 4448 691 4498 vero
715 4433 814 4496 terra
837 4444 917 4494 oum
935 4443 1018 4493 oasa
1033 4428 1069 4492 et
1085 4424 1244 4510 predicta
1259 4423 1446 4494 curticella
1463 4445 1525 4512 per
1542 4427 1749 4514 supradicta
1766 4429 1948 4498 mensoria
1971 4445 2036 4536 ego
2053 4430 2144 4498 iam·
2229 4465 2234 4474 ·

215 4603 219 4612 '
299 4590 417 4659 dictus
439 4543 550 4658 abbas
573 4579 857 4668 eumprediotus
882 4577 1094 4646 adbocatore
1118 4575 1228 4662 ipsius
1251 4573 1380 4642 sellioti
1405 4574 1617 4644 tradidimus
1641 4575 1678 4643 in
1695 4575 1761 4672 tali
1777 4576 1941 4665 hordine,
1966 4581 2004 4646 ut
2021 4579 2147 4648 amodo
2170 4610 2177 4624 ·

295 4753 333 4816 at
359 4761 472 4831 usquo
495 4737 627 4828 biginti
651 4737 778 4804 nobem
801 4731 888 4804 anni
911 4725 1076 4818 c‘ompleti
1109 4729 1153 4799 ad
1185 4747 1288 4796 suam
1311 4733 1347 4796 et
1369 4727 1418 4804 de¹
1435 4729 1510 4796 suis
1533 4705 1697 4797 eredibus
1722 4729 1824 4798 etde
1847 4726 2051 4820 ominibus,
2075 4751 2146 4819 que
2198 4779 2199 4782 ,
2263 4747 2270 4762 ·

222 4867 229 4885 s
296 4895 348 4966 ibi
372 4895 419 4964 ad
435 4889 662 4964 residendum
678 4885 857 4972 miserint,
882 4883 956 4971 sint
978 4882 1163 4971 potestatis
1180 4881 1259 4950 illut
1274 4882 1467 4950 tenendum
1478 4887 1514 4952 et
1530 4881 1795 4973 dominandum,
1809 4889 1845 4954 et
1859 4885 1957 4956 sobee
1974 4895 2010 4957 et
2027 4889 2143 4958 omnis

297 5071 362 5121 sue
384 5047 558 5120 utilitatis
582 5047 677 5114 iusta
700 5041 840 5112 ratione
863 5039 913 5108 ibi
937 5039 1071 5126 iacere,
1095 5042 1132 5106 et
1156 5035 1286 5105 ibidem
1307 5022 1465 5104 ¹residere
1480 5007 1523 5105 'et
1546 5038 1699 5126 abitare,
1723 5043 1759 5106 et
1781 5057 1845 5126 per
1868 5030 1984 5109 omnis
2007 5061 2145 5112 annum

296 5207 427 5278 darent
449 5169 581 5271 exinde
603 5213 750 5266 censum
767 5192 811 5264 ad
823 5210 907 5281 pars
924 5191 1036 5278 ipsius
1051 5188 1196 5259 ecclesie
1212 5206 1322 5261 unum
1337 5187 1460 5258 iollare
1482 5188 1525 5256 de
1540 5189 1667 5258 oleum:
1693 5191 1738 5260 a'd
1762 5191 1832 5277 ipsi
1856 5192 1987 5280 biginti
2010 5198 2138 5266 nobam

163 5439 166 5444 Ι
294 5359 383 5429 anni
406 5351 569 5440 completi
594 5351 700 5418 liceat
723 5346 783 5415 ilie
806 5345 941 5414 eteius
964 5343 1086 5412 eredes
1110 5340 1194 5410 inde
1217 5340 1321 5410 exire
1346 5359 1425 5408 oum
1451 5341 1565 5408 omnis
1590 5339 1731 5408 illorum
1755 5359 1866 5412 causa
1888 5337 2049 5444 movilia,
2074 5359 2145 5434 'que

298 5515 351 5583 ibi
374 5505 532 5595 abuerit,
554 5507 592 5574 et
613 5521 693 5572 oum
716 5507 792 5570 tota
809 5497 1142 5586 ipsalingnamina
1165 5493 1208 5563 de
1231 5494 1308 5581 ipsa
1323 5511 1419 5580 casa,
1437 5495 1473 5562 et
1489 5491 1613 5603 inolita
1638 5491 1717 5582 ipsa
1739 5495 1839 5565 terra
1861 5514 1923 5584 per
1946 5496 2025 5584 ipsa
2042 5515 2145 5568 men·

250 5631 252 5638 ¹
294 5627 394 5736 auria
418 5615 500 5730 oum
523 5657 592 5747 ipsi
617 5653 749 5744 parieti
769 5649 898 5736 ¹iavriti
924 5651 1092 5746 rebertarx
1109 5629 1153 5716 ad
1176 5663 1259 5733 pars
1283 5643 1396 5744 ipsius
1419 5643 1578 5731 ecclesio,
1595 5644 1641 5712 ad
1665 5643 1868 5754 iaciendum
1891 5664 1960 5734 que
1976 5645 2143 5719 boluerit.

294 5823 336 5892 de
359 5838 432 5907 qna
455 5833 518 5916 per
541 5815 667 5883 bonam
692 5805 953 5878 combenientia
976 5820 1040 5890 pro
1065 5817 1147 5889 pars
1172 5799 1282 5886 ipsius
1305 5796 1452 5867 ecclesie
1474 5796 1608 5885 guadia
1632 5799 1723 5868 mihi
1761 5800 1836 5887 ipse
1859 5800 2019 5870 sallietus
2041 5802 2146 5894 dedi,
