5456 7096
617 461 664 536 92
1256 458 1430 532 GODEX
1465 455 1763 531 CAVENSIS‚

569 705 660 774 mee,
692 685 813 756 uelde
837 689 1027 772 parentum
1051 690 1267 762 nostrorum,
1292 663 1402 753 michi
1427 684 1559 753 donare
1582 701 1779 770 congruum
1802 685 1855 752 est
1878 681 1946 752 tibi
1971 681 2098 750 domno
2122 679 2246 750 franco
2268 679 2418 747 benera-

574 838 658 908 bilis
681 840 794 909 abbas
817 858 880 926 pro
903 857 991 926 opus
1013 841 1129 908 sancti
1154 837 1267 908 iacobi
1292 837 1455 925 apostoli,
1484 839 1522 905 in
1545 838 1834 924 senpiternaliter
1858 834 2073 922 habendum,
2091 841 2131 902 ut
2147 831 2241 900 omni
2261 835 2419 917 tempore

569 993 628 1062 die
651 997 830 1080 noctuque
866 993 1091 1062 horationem
1125 994 1321 1060 habeamus
1344 1009 1408 1058 nos
1431 995 1467 1060 et
1490 993 1622 1059 nostris
1656 991 1895 1078 parentibus,
1920 995 1960 1057 ut
1986 989 2095 1098 hauto
2129 985 2251 1054 dibino
2286 983 2418 1052 iudicio

573 1146 735 1214 mercede
759 1144 944 1231 acquirere
969 1143 1167 1232 baleamuS,
1191 1147 1244 1212 sic
1266 1145 1374 1212 michi
1398 1162 1592 1229 congruum
1617 1147 1654 1210 et
1676 1145 1799 1212 abtum
1822 1159 1898 1210 esse
1934 1140 2097 1218 videtur,
2132 1142 2262 1208 bonam
2286 1140 2419 1206 etenim

569 1315 649 1367 mea
676 1294 870 1364 bolumtate
894 1313 1015 1363 coram
1039 1297 1223 1404 presentia
1246 1296 1444 1383 supradicti
1469 1295 1598 1364 iudicis
1621 1301 1657 1364 et
1679 1295 1929 1382 haliorumque
1968 1295 2252 1381 supscriptorum
2275 1290 2420 1359 testium
2485 1391 2487 1396 Ι

573 1451 735 1520 dedimus
758 1456 794 1519 et
816 1449 1031 1519 tradidimus
1054 1453 1130 1538 ipsa
1154 1455 1228 1520 tota
1252 1455 1288 1520 et
1311 1451 1492 1538 integram
1513 1453 1610 1518 terra
1641 1449 1708 1517 tibi
1743 1447 1871 1516 domno
1904 1449 2027 1519 franco
2057 1445 2276 1516 benerabilis
2307 1449 2420 1518 abbas

571 1607 608 1672 ct
630 1603 745 1672 sancti
771 1605 888 1672 iacobi
912 1602 1074 1691 apostoli,
1101 1621 1170 1690 que
1193 1605 1302 1672 habet
1324 1605 1444 1672 finem:
1471 1603 1514 1673 de
1538 1607 1655 1692 prima
1678 1607 1781 1689 parte
1805 1605 1913 1671 habet
1935 1601 2026 1669 fines
2049 1602 2127 1689 ipsa
2158 1620 2307 1670 carrara
2329 1603 2419 1672 han·

570 1758 655 1825 tica:
681 1755 724 1823 de
747 1757 904 1825 secunda
928 1773 1012 1826 vero
1035 1759 1138 1844 parte
1162 1757 1272 1826 hahet
1296 1747 1367 1826 fine
1392 1757 1469 1844 ipsa
1494 1757 1593 1837 terra
1616 1776 1685 1842 que
1709 1755 1779 1825 fuit
1802 1756 2003 1841 kadelayto:
2029 1758 2065 1823 et
2095 1755 2138 1823 de
2172 1753 2283 1824 tertia
2318 1758 2422 1842 parte

568 1912 677 1980 habet
700 1911 770 1979 dne
796 1913 875 1998 ipsa
898 1907 959 1980 bia
985 1911 1127 1998 plubica
1140 1959 1151 1998 ,
1177 1930 1246 1997 que
1269 1913 1389 1999 pergit
1411 1914 1537 1980 contra
1561 1913 1641 1999 ipsa
1664 1914 1761 1978 torre
1785 1915 1821 1980 et
1843 1909 2030 1996 coniungit
2052 1926 2089 1975 se
2113 1907 2152 1975 in
2176 1925 2245 1974 uno
2278 1909 2415 1995 kapite.

568 2064 664 2133 inter
687 2065 752 2133 hec
776 2083 858 2134 vero
882 2065 985 2151 fines,
1009 2084 1077 2153 que
1102 2068 1268 2151 superius
1292 2068 1452 2134 cernitur
1469 2069 1505 2134 et
1522 2065 1666 2152 legitur,
1679 2065 1722 2133 de
1738 2066 1808 2132 fine
1825 2066 1864 2132 in
1881 2067 2003 2150 finem,
2020 2067 2195 2150 quantum
2213 2063 2308 2134 infra
2324 2065 2421 2133 clau·

570 2222 685 2288 strum
710 2225 765 2288 est
788 2221 866 2306 ipsa
890 2223 991 2289 terra
1016 2219 1200 2307 iamdicta,
1214 2213 1318 2288 vunde
1342 2237 1408 2287 nec
1430 2219 1533 2288 nobis
1556 2237 1671 2306 neque
1693 2220 1765 2289 hab
1787 2218 1950 2286 eredibus
1972 2217 2127 2306 nostris,
2166 2236 2289 2286 verum
2312 2221 2423 2287 etiam

569 2387 636 2439 nec
659 2372 830 2458 quartula
854 2375 979 2442 uxoris
1000 2392 1089 2461 mee,
1117 2392 1235 2461 neque
1258 2373 1304 2442 ad
1329 2371 1467 2442 nullum
1481 2371 1683 2460 quempiam
1697 2372 1876 2440 hominem
1895 2369 2114 2458 ibihaliquit
2127 2371 2243 2458 portio
2260 2372 2422 2443 reserha·

574 2525 692 2593 bimus
717 2525 939 2613 requirendi,
964 2532 1020 2594 set
1036 2525 1194 2612 qualiter
1210 2545 1247 2594 se
1265 2525 1357 2594 iacet
1372 2526 1450 2612 ipsa
1467 2525 1637 2593 iamdicta
1652 2530 1760 2610 terra,
1774 2540 1846 2591 una
1862 2542 1943 2590 cum
1962 2523 2087 2592 mediis
2103 2522 2280 2591 limitibus
2292 2529 2329 2592 et
2341 2543 2422 2592 cum

575 2677 646 2744 biis
669 2681 705 2746 ct
729 2677 879 2747 handita
902 2696 982 2766 sua,
1000 2681 1039 2744 et
1055 2697 1136 2745 cum
1152 2677 1316 2744 omnibus
1334 2677 1408 2743 suis
1424 2675 1665 2762 pertinentiis,
1680 2675 1840 2743 dedimus
1856 2678 1892 2744 et
1908 2653 2124 2744 tradidimus
2142 2677 2219 2763 ipsa
2242 2682 2340 2745 terra
2356 2677 2423 2746 tibi

472 2879 478 2892 .
575 2831 705 2900 domno
728 2831 854 2900 franco
877 2829 1094 2899 benerabilis
1118 2830 1231 2898 abbas
1254 2832 1290 2898 et
1313 2829 1430 2897 sancti
1454 2829 1569 2898 iacobi
1594 2827 1743 2915 apostoli
1759 2829 2046 2916 senpiternaliter
2063 2829 2331 2916 possidendum,
2347 2832 2422 2898 tam

570 2985 632 3054 bos
655 3005 767 3073 quam
790 2991 827 3054 et
850 3002 971 3053 omnes
995 2985 1105 3053 vestri
1130 2983 1397 3071 posterioribus,
1422 3001 1465 3053 ea
1488 2982 1627 3052 scilicet
1650 2985 1803 3072 ratione,
1830 2987 1868 3050 ut
1891 2981 2042 3052 hamodo
2065 2987 2102 3051 et
2125 3001 2263 3070 semper
2295 2984 2422 3054 eadem

572 3145 697 3210 nostra
719 3141 911 3210 donatione
934 3142 1127 3228 integram,
1151 3141 1245 3208 sicut
1268 3158 1378 3226 supra
1402 3137 1547 3226 legitur,
1572 3141 1703 3208 habere
1726 3143 1762 3206 et
1785 3138 1963 3224 possidere
1993 3138 2170 3226 baleatis,
2206 3143 2242 3207 et
2277 3139 2422 3210 faciatis

573 3295 796 3380 exindeque
820 3293 944 3362 amodo
968 3295 1034 3362 tihi
1058 3293 1186 3361 domno
1211 3293 1335 3361 franco
1358 3295 1573 3362 benerabilis
1597 3294 1708 3362 abbas
1733 3295 1931 3379 vestrisque
1954 3292 2208 3378 posterioribus
2230 3292 2424 3382 placuerit,

573 3447 650 3517 sine
673 3448 957 3516 contradictione
981 3452 1104 3516 nostra
1127 3448 1228 3516 etde
1254 3449 1418 3514 omnibus
1441 3447 1574 3516 nostris
1598 3446 1788 3515 heredibus
1810 3445 2058 3534 requisitione.
2086 3445 2179 3515 unde
2202 3448 2338 3535 guadia
2354 3449 2423 3517 tihi

572 3600 747 3681 dedimus,
773 3608 811 3670 et
833 3603 1066 3678 mediatorem
1091 3601 1159 3669 tibi
1184 3601 1371 3688 posuimus
1394 3601 1575 3670 madellrit
1597 3601 1712 3668 filium
1735 3602 1871 3689 gentile
1886 3599 2076 3688 presbiter3
2093 3605 2130 3671 et
2144 3601 2348 3690 obligamus
2360 3619 2426 3672 nos

574 3760 611 3826 et
633 3755 766 3852 nostris
789 3757 980 3824 heredibus
995 3757 1061 3825 tibi
1080 3758 1181 3824 cuius
1195 3755 1382 3823 nominato
1397 3755 1523 3823 domno
1539 3756 1663 3824 franco
1680 3753 1898 3840 benerabilis
1917 3757 2028 3825 abbas
2041 3757 2238 3842 vestrisque
2257 3758 2426 3842 posterio-

574 3909 687 3998 ribus,
712 3915 752 3979 ut
775 3913 870 3977 hanc
894 3915 1016 3979 nostra
1038 3909 1228 3977 donatione
1252 3927 1318 3977 nos
1341 3910 1439 3976 vobis
1462 3911 1508 3978 ab
1532 3911 1696 3978 omnibus
1721 3911 1766 3978 ab
1790 3912 1956 3996 omnique
1979 3910 2144 3997 partibus
2166 3908 2370 3978 hantistare
2386 3912 2424 3978 et

575 4061 763 4131 defendere
787 4062 981 4131 debeamus
1002 4080 1081 4131 eam
1105 4061 1202 4128 vobis
1227 4079 1290 4148 per
1316 4061 1453 4147 inbitis3
1478 4061 1571 4148 quod
1596 4063 1626 4129 si
1651 4062 1881 4148 noluerimus,
1910 4065 1973 4129 aut
1996 4060 2027 4128 si
2051 4079 2117 4130 nos
2141 4059 2237 4148 ipsos
2262 4079 2323 4147 per
2340 4079 2429 4147 qua·

577 4213 772 4301 liscumque
795 4215 909 4282 modis
925 4216 979 4282 vel
997 4214 1182 4303 ingenium
1206 4214 1304 4284 illam
1330 4215 1428 4284 vobis
1452 4217 1638 4285 retornare
1661 4219 1725 4284 aut
1743 4217 1927 4285 remobere
1944 4215 2191 4303 quesierimus
2210 4215 2339 4301 primis
2355 4233 2428 4283 om·

577 4368 678 4436 nium
701 4369 841 4454 questio
863 4374 899 4437 et
922 4371 1082 4438 causatio
1106 4373 1229 4438 nostra
1254 4367 1375 4437 inanis
1397 4373 1434 4437 et
1455 4371 1568 4438 tacita
1591 4369 1675 4456 sint,
1703 4373 1740 4438 et
1763 4369 1884 4438 decem
1908 4369 1990 4437 auri
2006 4367 2111 4438 solidi
2127 4367 2349 4438 constantini
2367 4387 2429 4456 pe-

580 4538 665 4592 nam
689 4522 788 4589 vobis
811 4523 1009 4608 vestrisque
1033 4523 1285 4609 posterioribus
1308 4541 1373 4591 nos
1396 4527 1431 4591 et
1455 4523 1587 4590 nostris
1603 4521 1794 4590 heredibus
1812 4537 2019 4607 componere
2032 4521 2234 4608 obligamus
2251 4523 2291 4590 in
2304 4521 2428 4590 eadem

579 4673 714 4760 guadia
738 4677 774 4740 et
796 4690 859 4759 per
886 4673 1089 4742 districtum
1115 4675 1230 4760 ipsum
1256 4680 1408 4742 vestrum
1432 4672 1675 4758 mediatorem3
1698 4675 1735 4739 et
1758 4670 1904 4756 insuper
1927 4671 2160 4758 deprecamus
2181 4672 2297 4741 sancti
2315 4669 2429 4741 iacobi

579 4823 744 4910 apostoli,
769 4829 809 4892 ut
833 4825 1049 4911 quicumque
1073 4825 1231 4910 heliquit
1253 4826 1296 4893 de
1320 4828 1426 4894 rebus
1452 4825 1535 4914 ista,
1559 4844 1628 4912 que
1650 4825 1714 4892 deo
1737 4828 1773 4892 et
1795 4825 1912 4893 sancti
1938 4825 2052 4894 iacobi
2077 4827 2250 4915 dedimus,
2266 4827 2312 4896 ad
2326 4845 2429 4896 usum

577 4991 683 5043 suum
708 4975 832 5044 tollere
856 4951 1022 5064 boluerit,
1045 4981 1093 5046 sit
1115 4997 1138 5045 a
1161 4977 1225 5046 deo
1243 4971 1315 5046 'celi
1341 4980 1603 5066 anathematur,
1627 4979 1789 5046 binculos
1806 4979 1974 5066 nudatus,
1992 4982 2153 5067 perditus
2168 4986 2204 5050 et
2221 4983 2429 5053 halienatus

580 5130 618 5195 in
637 5127 695 5196 die
712 5127 845 5197 domini
862 5131 976 5199 nostri
1001 5131 1104 5198 ihesu
1127 5132 1267 5218 christi,
1292 5137 1430 5220 partem
1454 5135 1585 5203 habeat
1608 5151 1689 5201 cum
1712 5133 1850 5203 dathan
1865 5139 1901 5204 et
1916 5136 2074 5203 habiran
2090 5139 2126 5205 et
2141 5137 2246 5204 sociis
2260 5135 2350 5226 eius,
2363 5139 2428 5225 qui
2565 5115 2568 5120 ⁵

582 5300 665 5350 cum
689 5299 818 5370 corpus
841 5288 877 5351 et
899 5283 1044 5354 hanimo
1067 5285 1295 5354 descenderet
1318 5285 1356 5352 in
1380 5287 1572 5375 infernum,
1597 5295 1632 5356 et
1654 5293 1792 5374 partem
1815 5290 1947 5357 habeat
1969 5307 2048 5355 cum
2074 5289 2157 5359 iuda
2180 5289 2352 5358 traditore
2369 5289 2431 5356 do-

582 5437 673 5508 mini
697 5443 733 5506 et
759 5439 923 5526 magistri
950 5439 1024 5527 sui,
1048 5438 1257 5508 maledictus
1280 5457 1363 5506 vcro
1379 5441 1443 5509 fiat
1459 5460 1481 5509 a
1496 5441 1648 5509 trecenti
1665 5439 1784 5508 decem
1801 5444 1837 5508 et
1853 5441 1956 5508 hocto
1974 5417 2106 5528 patres,
2121 5445 2332 5529 segregatus
2348 5459 2430 5510 vero

582 5589 647 5660 fiat
659 5613 681 5660 a
695 5609 821 5678 corpus
834 5597 870 5660 et
882 5591 1095 5679 sanguinem
1114 5591 1247 5660 domini
1263 5593 1373 5660 nostri
1392 5593 1493 5662 ihesu
1509 5594 1650 5681 christi,
1663 5596 1849 5664 extorrens
1861 5598 1897 5662 et
1907 5593 2111 5664 halienatus
2123 5598 2169 5664 ab
2180 5595 2277 5664 omni
2291 5597 2431 5683 ingres·

584 5762 664 5812 sum
687 5743 725 5812 in
748 5744 996 5832 ecclesiarum3
1021 5752 1058 5815 et
1081 5747 1296 5834 quicumque
1321 5745 1385 5814 deo
1407 5753 1442 5815 et
1466 5747 1582 5817 sancti
1608 5747 1719 5818 iacobi
1745 5749 1891 5816 adiutus
1914 5751 2065 5837 steterit,
2090 5747 2210 5818 bideat
2225 5747 2431 5819 claritatem
