5408 7108
1009 512 1430 588 DIPLOMATICUS
2036 519 2106 591 959

297 745 380 812 inde
398 745 543 830 abeant,
562 744 655 809 sicut
672 743 784 811 decet.
810 745 855 812 Et
879 762 942 830 per
965 749 1106 831 tempus
1129 744 1172 811 de
1197 743 1385 830 vindemie,
1410 738 1553 829 quaudo
1577 745 1761 828 meruerit,
1787 741 1847 810 ille
1870 748 1906 813 et
1922 761 2004 814 suos
2027 747 2151 816 eredes

304 896 443 966 saciant
464 897 557 964 scire
581 913 645 963 uos
661 901 698 965 11
721 899 853 966 nostris
876 898 1054 984 eredibus,
1079 901 1119 965 ut
1141 897 1342 985 dirigamus
1366 897 1498 966 ibidem
1522 897 1670 965 missum
1694 902 1881 986 nostrum,
1905 904 1941 966 et
1964 903 2040 968 tota
2069 903 2146 985 ipsa

299 1052 514 1120 tradictiono
530 1055 610 1120 acto
625 1056 782 1138 tempore
806 1052 1028 1122 vindemiare
1045 1052 1143 1122 etad
1167 1051 1387 1138 palmentum
1413 1068 1619 1138 procurare,
1638 1054 1674 1119 et
1690 1052 1805 1120 omnis
1822 1053 1944 1120 viuum
1962 1053 2055 1140 quod
2069 1054 2152 1126 inde

297 1205 455 1290 exierit,
480 1223 543 1291 per
568 1204 795 1275 medietatem
819 1203 901 1272 illut
918 1206 1013 1274 inter
1029 1222 1095 1272 nos
1110 1203 1327 1274 dividamus:
1345 1221 1412 1290 ego
1426 1209 1464 1272 et
1479 1222 1573 1272 meos
1589 1205 1712 1274 eredes
1728 1207 1968 1297 medietatem,
1985 1213 2021 1280 et
2034 1209 2096 1278 ille
2114 1213 2150 1278 et

297 1377 378 1426 suos
395 1358 517 1427 eredes
535 1356 673 1444 reliqua
690 1357 898 1444 medietate3
917 1363 953 1424 et
969 1357 1048 1443 ipsa
1062 1359 1219 1427 sortione
1236 1377 1326 1460 mea,
1344 1360 1435 1446 quod
1452 1359 1558 1428 michi
1576 1361 1615 1428 in
1632 1363 1726 1430 sorte
1742 1363 1917 1450 ebenerit,
1935 1362 1996 1454 ille
2011 1369 2047 1432 11
2064 1381 2146 1432 suos

296 1514 420 1582 eredes
433 1511 516 1580 illut
528 1517 704 1598 reponant
719 1513 856 1582 salbum
870 1513 908 1580 in
922 1529 1118 1600 organeum
1132 1511 1223 1599 quod
1236 1511 1269 1579 ei
1282 1513 1601 1616 assingaberimus,
1614 1515 1675 1602 qui
1690 1514 1867 1602 perillum
1881 1518 2012 1584 etsuos
2026 1516 2151 1586 eredes
2247 1543 2250 1549 ·

294 1685 422 1734 vonum
448 1668 557 1735 fuerit
578 1666 779 1736 conciatum
803 1671 839 1734 et
862 1665 1072 1754 studiatum,
1095 1666 1188 1734 siout
1212 1667 1399 1754 meruerit,
1415 1671 1450 1734 et
1467 1668 1659 1753 repositum
1686 1667 1785 1736 intus
1808 1668 1932 1736 domus
1955 1687 2045 1757 sua3
2073 1670 2151 1756 ipso

294 1821 439 1889 missum
463 1822 556 1908 quod
581 1822 710 1890 ibidem
735 1821 923 1907 direxerit,
949 1821 1031 1887 illut
1055 1825 1175 1888 autem
1201 1821 1396 1906 nutricare,
1413 1820 1506 1888 siout
1524 1822 1655 1890 iustum
1673 1822 1782 1891 fuerit
1797 1827 1835 1891 et
1859 1826 2053 1892 secuudum
2072 1825 2149 1894 illo·

297 1963 382 2043 rum'
403 1975 701 2062 possibilitatem,
726 1989 762 2043 et
786 1975 1040 2062 palmeutatioa
1064 1974 1172 2042 michi
1195 1973 1316 2070 deant,
1341 1974 1435 2042 sicut
1458 1976 1591 2043 iustum
1615 1975 1745 2060 suerit3
1770 1987 1803 2044 et
1834 1979 1927 2062 quod
1963 1979 2089 2046 amodo
2113 1985 2149 2048 et

294 2149 431 2219 semper
455 2131 584 2199 ibidem
608 2132 882 2216 seminaberint,
895 2129 1004 2198 deant
1021 2128 1102 2198 inde
1119 2131 1221 2197 nobis
1240 2130 1333 2198 iusto
1350 2094 1559 2199 terraticum
1577 2132 1772 2199 secundum
1789 2135 2085 2202 consuetudinem
2102 2136 2145 2204 de

302 2286 377 2370 ipso
400 2286 527 2353 locum.
549 2287 594 2354 Et
610 2285 717 2372 quale
732 2289 890 2372 tempore
906 2265 965 2351 ilie
982 2287 1018 2352 et
1034 2301 1115 2351 suos
1131 2284 1252 2351 eredes
1269 2287 1345 2351 tota
1365 2283 1443 2369 ipsa
1459 2283 1625 2351 tradictio
1644 2285 1681 2352 iu
1701 2287 1869 2355 iamdicto
1884 2286 2009 2355 ordine
2028 2293 2151 2357 tencre
2201 2354 2205 2364 ,

296 2445 332 2506 11
357 2438 519 2509 lavorare
538 2439 614 2506 ‘non
639 2437 830 2524 voluerint,
854 2441 1013 2506 autnon
1037 2437 1233 2523 potuerint,
1257 2435 1422 2503 inclitum
1449 2435 1530 2504 illut
1548 2437 1746 2506 lavoratum
1763 2444 1798 2507 et
1815 2440 2005 2527 cultatum,
2030 2442 2149 2526 qualis

293 2597 479 2680 meruerit,
504 2593 673 2662 remidtat
688 2593 733 2661 ad
750 2596 922 2680 potestate
939 2610 1018 2660 mea
1034 2596 1070 2659 et
1087 2591 1130 2658 de
1148 2590 1234 2657 meis
1249 2590 1426 2674 eredibus,
1445 2591 1645 2660 iaciendum
1664 2592 1756 2677 quod
1773 2593 1963 2679 voluerint,
1980 2601 2016 2662 et
2034 2595 2149 2664 licead

292 2746 356 2816 ille
382 2753 417 2816 11
440 2766 521 2816 suos
543 2749 666 2817 eredes
690 2747 772 2816 inde
794 2747 895 2816 exire
919 2765 999 2814 cum
1024 2745 1119 2814 omni
1143 2766 1253 2815 causa
1282 2765 1347 2816 sua
1372 2747 1529 2831 mobilia,
1557 2751 1593 2813 et
1619 2745 1671 2814 ire
1695 2765 1775 2812 cum
1794 2745 1875 2813 illut
1899 2748 1959 2814 ubi
1984 2746 2149 2830 voluerit,

232 2855 236 2864 ι
293 2903 427 2988 absque
451 2901 547 2968 omni
572 2903 832 2971 contrarietate
855 2919 936 2969 mea
959 2905 995 2969 et
1019 2899 1061 2968 de
1087 2899 1174 2967 meis
1197 2900 1376 2968 eredibus.
1402 2901 1500 2969 Unde
1532 2902 1568 2966 in
1594 2918 1634 2967 eo
1657 2899 1783 2968 ordine
1808 2917 1871 2986 per
1898 2916 1989 2968 vona
2012 2902 2150 2967 combe-

292 3055 432 3123 nientia
457 3055 591 3141 guadia
616 3053 725 3121 michi
751 3054 826 3140 ipse
856 3054 996 3120 cicerus
1025 3051 1121 3120 dedit
1149 3059 1185 3122 et
1214 3053 1445 3122 mediatorem
1476 3055 1581 3120 michi
1618 3053 1732 3138 posuit
1760 3054 2027 3138 erchempertus
2053 3051 2151 3118 filius

293 3209 385 3277 mari
411 3210 617 3296 presbiteri3
641 3215 678 3278 et
701 3228 764 3296 per
790 3209 868 3294 ipsa
891 3207 1023 3296 guadia
1047 3207 1220 3295 obligavit
1247 3225 1284 3275 se
1314 3207 1389 3293 ipse
1417 3205 1555 3274 cicerus
1578 3211 1613 3273 et
1637 3222 1718 3273 suos
1742 3205 1877 3293 eredes,
1902 3213 1941 3274 ut
1964 3207 1995 3272 si
2021 3207 2150 3274 taliter

292 3367 412 3430 omnia
435 3363 683 3448 suprascripta
710 3361 769 3428 iile
793 3366 830 3428 et
854 3379 936 3430 suos
959 3361 1081 3430 eredes
1105 3363 1213 3430 michi
1239 3363 1379 3448 meique
1402 3361 1566 3429 eredibus
1590 3378 1661 3427 non
1685 3359 1935 3446 adimpleverit
1958 3366 1994 3428 11
2018 3360 2147 3447 aliquit

292 3515 375 3583 iude
398 3515 672 3602 contradixerit,
690 3536 751 3604 per
778 3517 857 3604 ipsa
880 3516 1013 3605 guadia
1037 3533 1247 3601 componere
1270 3514 1445 3602 obligavit
1469 3532 1507 3582 se
1525 3515 1598 3601 ipse
1621 3515 1760 3582 cicerus
1784 3518 1819 3581 et
1837 3531 1917 3581 suos
1940 3513 2064 3582 eredes
2083 3515 2149 3582 mi·

291 3671 347 3737 chi
374 3670 512 3758 meique
536 3669 726 3740 heredibus
751 3669 881 3758 viginti
906 3671 1006 3738 aurei
1032 3669 1161 3737 solidos
1183 3668 1506 3753 constantinianus
1531 3673 1566 3735 11
1584 3683 1652 3735 unc
1677 3667 1819 3733 brebem
1843 3667 1970 3754 scripsi
1993 3683 2060 3755 ego
2086 3685 2152 3753 pe-

290 3829 368 3904 trus
393 3827 555 3894 notarius
579 3825 640 3911 qui
665 3785 826 3894 intertui.

336 3948 365 4064 †
390 3979 466 4064 Ego
490 3977 716 4066 guandelseri

339 4101 370 4216 †
395 4131 470 4216 Ego
493 4130 689 4198 dauferius.

1029 4779 1395 4863 MXXXVIII.

1061 5077 1118 5150 A.
1147 5078 1201 5151 D.
1231 5075 1364 5152 1044.

336 5311 370 5450 †
396 5365 435 5430 lu
460 5366 603 5431 nomine
628 5364 762 5432 domini
787 5365 954 5432 vicesimo
971 5369 1070 5434 sexto
1086 5383 1181 5432 auno
1197 5366 1422 5452 principatus
1435 5365 1567 5435 salerni
1583 5366 1701 5433 domni
1721 5367 1831 5433 nostri
1849 5367 2044 5452 guaimarii
2069 5367 2146 5453 glo·

289 5518 376 5586 11111
401 5519 575 5605 principis
592 5523 628 5586 et
645 5523 746 5588 sexto
761 5536 856 5588 anuo
874 5521 1099 5607 principatus
1115 5523 1191 5588 eius
1208 5521 1324 5608 Gapue
1340 5529 1376 5590 et
1390 5523 1541 5590 ducatus
1559 5522 1658 5590 iilius
1674 5523 1826 5608 amalfis,
1843 5528 1878 5589 et
1892 5521 2018 5607 quiuto
2042 5537 2139 5587 anno

289 5669 438 5740 ducatus
450 5670 546 5739 iltius
558 5671 720 5758 sirrenti,
738 5692 843 5759 quam
861 5677 897 5741 et
914 5673 1019 5759 tertio
1035 5692 1129 5744 anno
1142 5675 1466 5760 suprascriptorum
1480 5674 1749 5759 principatuum
1763 5681 1798 5740 et
1810 5673 2006 5740 ducatuum
2020 5671 2142 5739 domni

287 5821 410 5908 gisulfi
427 5824 505 5892 eius
520 5824 585 5891 11111
611 5823 737 5894 eximii
761 5824 936 5912 principis
952 5830 987 5894 et
1002 5825 1115 5912 ducis,
1140 5831 1176 5894 et
1199 5826 1352 5894 secundo
1376 5843 1470 5894 anno
1492 5825 1642 5895 ducatus
1658 5824 1756 5892 illius
1775 5823 1903 5910 Apulia
1920 5829 1956 5891 et
1974 5823 2146 5908 calabrie,
