5456 7096
611 515 678 587 rot
1238 497 1421 607 ooonu¹
1456 536 1725 616 olvnusm

556 741 650 827 tuor,
674 739 720 810 ad
744 743 837 814 iusto
861 765 1003 834 passum
1025 754 1160 826 homini
1186 764 1441 830 mensuratum.
1466 783 1529 851 per
1553 764 1623 836 ista
1653 767 1743 837 fines
1773 774 1810 838 et
1842 789 2027 842 mensuras
2063 772 2227 842 inclitum
2262 773 2345 842 illut
2371 779 2404 843 ei

556 893 768 964 tradidimus
791 917 871 966 cum
896 903 972 972 vioe
997 904 1039 972 de
1062 907 1136 994 ipse
1160 909 1230 996 bie,
1256 911 1316 982 tali
1341 915 1503 1004 hordine,
1528 919 1714 987 utamodo
1738 924 1773 987 et
1795 939 1934 1008 semper
1957 925 2003 994 ad
2026 945 2091 994 sua
2115 926 2216 996 etde
2247 927 2304 995 sui
2329 945 2407 996 ere-

556 1056 631 1144 des,
654 1065 758 1128 natos
782 1070 981 1153 nascentes,
1006 1069 1080 1136 sint
1103 1071 1288 1156 potestatis
1312 1073 1394 1140 illut
1419 1076 1610 1142 tenendum
1626 1081 1662 1145 et
1679 1077 1948 1166 dominandum,
1966 1079 2064 1147 fobee
2080 1084 2116 1148 et
2130 1079 2245 1146 omnis
2262 1098 2326 1146 sue
2341 1082 2409 1146 hu·

557 1209 703 1280 tilitatis
728 1213 777 1296 ibi
803 1216 1003 1330 laciendum
1028 1223 1125 1291 iusta
1149 1227 1302 1312 ratione,
1327 1231 1363 1294 et
1386 1229 1472 1296 totis
1495 1232 1654 1300 arbustis
1678 1233 1766 1318 ipsis
1790 1233 1832 1301 de
1857 1235 1934 1320 ipsa
1951 1231 2182 1301 traditionem
2198 1231 2405 1300 annualiter

555 1364 638 1447 apto
664 1365 820 1450 tempore
845 1366 1007 1438 laborare
1031 1371 1074 1439 de
1097 1392 1202 1460 super
1225 1374 1326 1444 etde
1349 1385 1482 1466 supter,
1506 1382 1600 1450 sicut
1625 1381 1722 1450 locus
1747 1386 1820 1470 ipse
1845 1386 2028 1470 meruerit,
2053 1388 2088 1452 et
2119 1385 2179 1450 ubi
2209 1384 2407 1468 meruerit,

555 1513 700 1582 arbores
723 1521 759 1584 et
784 1517 870 1586 vites
893 1521 1134 1612 planetarent,
1159 1534 1195 1596 et
1221 1532 1448 1617 propagines,
1473 1533 1533 1600 ubi
1559 1533 1739 1622 meruerit,
1766 1538 1943 1605 traierent
1966 1540 2002 1604 et
2024 1536 2220 1620 surierent,
2238 1553 2307 1621 que
2325 1535 2398 1602 sint

556 1665 631 1752 ipse
655 1669 719 1737 viti
744 1671 786 1740 de
809 1675 901 1742 bono
924 1675 1065 1764 vitinio,
1091 1698 1181 1764 quas
1206 1681 1254 1747 ibi
1278 1681 1544 1768 planetaberint
1567 1691 1604 1753 et
1628 1686 1718 1754 unde
1735 1691 1950 1776 propagines
1965 1689 2159 1773 traxerint,
2177 1691 2213 1756 et
2236 1685 2401 1756 annuali·

557 1822 611 1887 ter
635 1825 746 1892 tolum
773 1824 854 1896 illut
878 1835 960 1916 apto
984 1835 1141 1918 tempore
1165 1835 1402 1920 seminarent,
1427 1835 1531 1922 quale
1554 1843 1710 1906 semente
1735 1840 1784 1906 ibi
1808 1842 2004 1926 meruerit,
2039 1844 2075 1909 et
2099 1839 2210 1910 lavori
2236 1841 2305 1926 ipsi
2330 1843 2404 1907 stu·

552 1973 654 2044 diare
677 1983 714 2046 et
737 1981 975 2052 recolliierent
997 1991 1071 2056 suis
1096 1991 1325 2076 temporibus,
1350 1995 1386 2057 et
1409 1993 1459 2058 sic
1483 1992 1567 2058 totis
1590 1991 1747 2059 arbustis
1772 1993 1859 2080 ipsls
1893 1993 2103 2062 annualiter
2134 1999 2216 2079 apto
2242 1996 2401 2080 tempore

451 2227 457 2235 Ι
554 2128 761 2201 laborarent
782 2134 825 2202 de
848 2153 955 2223 super
979 2143 1015 2206 et
1037 2140 1080 2207 de
1102 2146 1250 2228 supter,
1281 2147 1457 2230 quatenus
1482 2163 1619 2232 semper
1643 2149 1682 2214 in
1705 2147 1832 2214 melius
1856 2146 2024 2234 proficiad
2048 2151 2085 2215 et
2107 2164 2178 2214 non
2211 2145 2404 2232 disperead

553 2285 588 2349 el
613 2285 808 2368 perlectum
832 2288 965 2371 paread
989 2289 1200 2378 lavoratum,
1224 2296 1260 2360 et
1284 2294 1377 2361 unde
1401 2295 1586 2382 meruerit,
1611 2300 1801 2366 cirooitum
1825 2304 1938 2367 toturn
1957 2298 2037 2365 illut
2053 2298 2195 2365 eludere
2212 2299 2343 2364 bonum
2366 2303 2402 2366 et

551 2453 691 2522 semper
715 2437 851 2506 elusum
879 2439 960 2509 illut
983 2444 1144 2529 aberent3
1169 2448 1205 2512 et
1229 2447 1436 2514 annualiter
1461 2469 1522 2534 per
1548 2449 1723 2518 vindemie
1740 2455 1775 2519 et
1792 2471 1853 2537 per
1871 2471 1956 2538 ayne
1972 2450 2065 2519 seire
2083 2449 2221 2519 saciant
2248 2467 2313 2516 nos
2340 2469 2404 2536 pa-

550 2595 604 2659 ter
628 2596 664 2660 et
687 2593 795 2683 filius,
821 2597 874 2664 vel
899 2618 982 2684 pars
1006 2600 1119 2687 ipsius
1143 2602 1328 2690 hecclesie,
1353 2608 1392 2670 nt
1416 2604 1500 2672 illuc
1524 2606 1720 2695 dirigamus
1738 2610 1884 2674 missum
1903 2613 2076 2692 nostrum,
2091 2603 2142 2672 vel
2161 2621 2224 2670 nos
2243 2603 2292 2669 ibi
2319 2620 2403 2688 per·

551 2765 694 2834 gamuS,
718 2755 754 2818 et
778 2749 851 2819 illis
874 2753 957 2820 totis
980 2756 1139 2823 arbustis
1162 2757 1205 2824 de
1230 2757 1306 2842 ipsa
1328 2757 1523 2826 traditione
1539 2761 1613 2826 suis
1630 2762 1846 2846 temporibus
1863 2758 2100 2826 vindemiaret
2116 2760 2152 2825 et
2177 2757 2222 2826 ad
2240 2757 2400 2844 palmen-

551 2905 632 2968 tum
658 2909 880 2992 procuraret3
904 2911 940 2974 et
963 2905 993 2973 si
1018 2925 1134 2994 poma,
1159 2911 1218 2975 ubi
1243 2909 1363 2988 fuerit,
1389 2927 1452 2977 suo
1469 2915 1624 2996 tempore
1639 2910 1853 2995 colliierent,
1865 2913 1900 2976 et
1913 2909 1955 2976 de
1971 2909 2087 2976 omnis
2106 2911 2228 2976 vinum
2245 2913 2281 2976 et
2293 2925 2399 2994 poma

552 3071 659 3139 quam
685 3055 766 3122 inde
790 3057 934 3143 exierit,
960 3059 1087 3127 tollant
1111 3060 1193 3127 inde
1218 3079 1281 3126 nos
1305 3061 1358 3128 vel
1383 3063 1508 3130 missus
1533 3069 1655 3130 noster
1679 3063 1930 3149 medietatem,
1965 3069 2001 3130 et
2025 3062 2099 3148 ipse
2122 3061 2212 3128 faleo
2248 3019 2300 3129 rel
2338 3061 2397 3127 sui

549 3205 671 3274 eredes
695 3208 934 3296 medietatem,
958 3215 994 3279 et
1017 3212 1093 3296 ipsa
1117 3201 1308 3280 medietate
1333 3221 1455 3281 nostra
1488 3213 1532 3280 de
1557 3215 1633 3298 ipso
1659 3213 1782 3280 vinum
1808 3213 1880 3280 illis
1905 3220 2081 3298 reponant
2105 3230 2325 3297 perannum
2350 3213 2396 3280 ad

548 3356 690 3424 domum
714 3379 814 3428 suam
839 3363 882 3428 de
907 3363 982 3448 ipso
1008 3361 1121 3430 locum
1146 3365 1184 3431 in
1207 3383 1365 3452 organea
1387 3370 1509 3434 nostra
1532 3366 1578 3434 da
1601 3367 1749 3453 vinnm,
1773 3385 1842 3452 que
1866 3366 2009 3432 illorum
2034 3367 2151 3452 ibique
2175 3323 2389 3454 dederimuS,

546 3529 616 3596 que
642 3531 704 3598 per
730 3513 801 3581 illis
824 3515 898 3582 sint
920 3535 983 3603 per
1007 3535 1143 3585 annum
1168 3519 1261 3586 bona
1285 3519 1451 3587 conciata
1473 3523 1509 3587 et
1531 3519 1698 3596 studiata,
1724 3521 1760 3586 et
1784 3518 1921 3588 faciant
1944 3520 2046 3586 nobis
2079 3519 2219 3588 salbum
2244 3519 2320 3606 ipso
2346 3520 2399 3587 ri·

547 3683 632 3733 num
658 3673 837 3756 nostrum,
861 3670 971 3738 donec
995 3670 1076 3736 illut
1091 3671 1172 3740 inde
1189 3671 1365 3758 tollamus,
1382 3674 1516 3758 absque
1532 3671 1808 3758 degeneratione
1825 3677 1860 3739 et
1878 3673 2011 3759 ignem3
2029 3677 2066 3741 et
2081 3691 2162 3740 oum
2179 3675 2253 3758 ipso
2271 3671 2399 3740 vinum

547 3823 629 3890 inde
655 3825 854 3911 tulerimus,
879 3829 1000 3894 statim
1024 3827 1103 3910 ipsa
1126 3813 1283 3912 organea
1308 3825 1459 3911 labaret,
1485 3830 1616 3893 utnon
1641 3825 1781 3912 peread,
1801 3829 1837 3892 et
1855 3825 1917 3892 toti
1936 3824 2048 3892 lavori
2064 3823 2196 3892 exinde
2213 3824 2258 3892 ad
2271 3843 2392 3893 aream

545 3979 670 4063 ibique
696 3997 758 4064 per
783 3996 917 4047 annum
942 3980 1144 4047 adunarent
1167 3979 1434 4066 ettritularent,
1451 3984 1568 4048 stante
1585 3998 1648 4048 nos
1666 3979 1718 4047 vel
1738 3981 1882 4046 missum
1901 3983 2074 4066 nostrum,
2092 3995 2154 4045 seu
2171 3996 2255 4063 pars
2280 3979 2394 4063 ipsius

545 4129 709 4218 ecclesie,
733 4131 834 4198 etde
858 4129 974 4196 omnis
998 4133 1129 4199 victum
1153 4137 1188 4199 et
1212 4129 1368 4199 laborem
1392 4150 1502 4218 quam
1525 4131 1607 4200 inde
1631 4132 1779 4218 exierit,
1803 4129 1969 4198 tollamus
1992 4148 2057 4198 nos
2081 4130 2136 4197 vel
2161 4131 2309 4197 missum
2333 4145 2395 4196 no·

549 4285 676 4388 strum,
702 4301 762 4350 seu
786 4301 870 4370 pars
894 4281 1014 4369 ipsius·
1029 4281 1189 4369 ecclesie,
1213 4282 1422 4352 terraticum
1447 4284 1640 4352 secundum
1664 4284 1880 4352 consuetudo
1904 4283 2016 4371 ipsius
2042 4283 2122 4367 loci,
2142 4286 2177 4350 et
2201 4283 2275 4368 ipso
2291 4279 2389 4352 aliut

542 4432 610 4502 sivi
636 4437 772 4523 aberet,
787 4437 849 4536 ita
873 4441 914 4504 ut
937 4439 1012 4524 ipso
1037 4436 1170 4504 victum
1193 4441 1389 4524 purgatum
1406 4436 1468 4524 sit,
1485 4439 1578 4505 sicut
1594 4437 1779 4523 meruerit3
1796 4440 1832 4504 et
1848 4437 1933 4504 dum
1950 4453 2012 4521 pre
2030 4437 2108 4521 ipsa
2124 4433 2306 4502 vindemia
2322 4449 2383 4518 per

541 4605 675 4654 annum
702 4592 738 4655 et
762 4605 825 4674 pro
850 4591 922 4674 ipse
946 4591 1022 4657 aire
1048 4590 1095 4657 ibi
1121 4593 1322 4658 steterimus
1346 4609 1422 4674 nos,
1448 4591 1503 4657 vel
1527 4589 1671 4655 missurn
1697 4591 1870 4674 nostrum,
1897 4590 1933 4654 et
1965 4603 2049 4672 pars
2074 4585 2184 4670 ipsius
2219 4583 2396 4670 ecclesie,

541 4741 612 4807 illis
636 4759 700 4808 nos
723 4745 877 4810 nutriret
900 4743 1094 4810 secundum
1119 4742 1259 4810 illorum
1283 4743 1567 4830 possivilitalem,
1590 4749 1626 4810 et
1648 4743 1902 4829 palmentatioa
1918 4743 2020 4810 nobis
2044 4741 2147 4810 daret
2165 4759 2228 4826 per
2253 4755 2396 4808 annum.

540 4912 649 4964 unum
675 4897 814 4983 parium
840 4897 881 4964 de
906 4897 1007 4984 pulli,
1033 4903 1069 4965 et
1091 4899 1191 4966 stetit
1207 4917 1291 4983 pars
1309 4899 1421 4982 ipsius
1444 4898 1591 4966 ecelesia
1617 4899 1741 4966 inclita
1760 4899 1838 4984 ipsa
1856 4867 2069 4965 tradictione
2085 4914 2222 4981 semper
2241 4895 2384 4961 illorum

541 5048 794 5118 defensandum
819 5051 864 5120 da
887 5053 1003 5119 omnis
1026 5052 1186 5119 homines
1209 5053 1376 5137 omnique
1400 5051 1575 5137 partibus:
1601 5057 1732 5137 preter,
1757 5051 1862 5136 quale
1879 5053 2035 5135 tempore
2053 5049 2129 5117 illut
2146 5054 2267 5116 tenere
2281 5053 2316 5116 et
2333 5048 2385 5117 la·

538 5204 667 5271 borare
691 5203 873 5272 noluerint
898 5211 963 5273 aut
987 5223 1058 5273 non
1085 5203 1276 5291 voluerint,
1301 5209 1386 5272 tunc
1410 5204 1535 5272 inclita
1560 5203 1637 5290 ipsa
1661 5203 1853 5270 traditione
1870 5201 2006 5270 cultata
2023 5205 2058 5270 et
2075 5201 2234 5269 studiata
2249 5206 2285 5268 et
2302 5218 2383 5286 ope·

414 5341 426 5350 “
536 5362 620 5424 rata
636 5357 679 5424 de
696 5357 862 5442 perlectis
884 5325 1041 5424 arbustis
1066 5357 1202 5444 vilatiS,
1219 5360 1312 5424 siout
1329 5359 1367 5420 in
1384 5357 1459 5442 ipso
1477 5355 1589 5422 loourn
1608 5354 1788 5439 meruerit,
1807 5353 1996 5422 remittant
2014 5353 2094 5422 illut
2112 5353 2150 5419 in
2169 5371 2249 5438 pars
2268 5351 2381 5438 ipsius

538 5506 685 5576 ecclesie
709 5527 790 5574 cum
814 5507 891 5594 ipsa
915 5527 1074 5596 organea
1097 5513 1219 5576 nostra
1243 5508 1334 5594 quod
1357 5509 1542 5594 abuerint,
1566 5511 1602 5575 et
1626 5506 1739 5574 licead
1766 5505 1865 5573 illum
1888 5511 1924 5574 et
1946 5507 2001 5572 sni
2025 5505 2147 5573 eredes
2171 5504 2254 5571 inde
2272 5505 2377 5572 exire

538 5677 618 5726 cnm
644 5661 765 5729 omnia
789 5659 930 5728 illorum
948 5679 1091 5729 oausam
1116 5661 1273 5746 mobilia,
1297 5665 1333 5728 et
1355 5659 1501 5748 pergad,
1528 5660 1586 5726 ubi
1613 5659 1797 5727 voluerint.
1817 5659 1909 5726 unde
1926 5659 1963 5724 in
1980 5675 2021 5726 eo
2037 5659 2188 5727 hordine
2207 5675 2268 5744 per
2288 5674 2381 5724 com·

536 5815 755 5884 benientiam
780 5815 916 5902 guadia
940 5817 1042 5882 nobis
1065 5815 1162 5883 dedit
1186 5815 1260 5902 ipse
1283 5812 1373 5883 laloo
1397 5821 1433 5883 et
1455 5813 1660 5882 fideiussore
1684 5815 1785 5880 nobis
1811 5811 1928 5900 posuit
1951 5829 1987 5881 se
2019 5813 2137 5898 ipsum
2169 5830 2232 5898 per
2258 5813 2390 5896 parles·
