5406 7090
602 524 650 596 l0
1145 519 1154 530 '
1251 515 1711 591 LECTlONhlllUM

553 749 799 824 «clarificatio
841 747 1030 822 Salvatoris
1068 746 1173 819 fuerit
1211 745 1302 818 lacta
1327 799 1333 831 ,
1362 745 1419 839 qui
1457 741 1824 838 reliquerunt'omnia
1851 751 1885 815 et
1920 744 2057 837 sequuti
2085 752 2167 816 sunt
2200 766 2278 814 eum
2306 744 2404 815 sede·

554 929 571 978 a
602 905 688 980 bunt
706 907 802 1001 quasi
822 905 1020 978 conformes
1039 904 1121 976 laeti
1154 903 1308 999 corporis
1337 913 1371 976 et
1396 901 1490 976 sedis
1520 902 1652 998 gloriae
1685 901 1761 995 ejus
1787 925 1891 998 super
1918 901 2103 974 duodecim
2133 902 2278 976 thronos
2316 901 2405 974 iudi-

551 1089 569 1138 a
598 1075 718 1138 cantes
745 1063 930 1136 duodecim
956 1061 1068 1136 tribus
1093 1061 1235 1136 israhel.
1265 1060 1387 1136 Omnis
1424 1062 1516 1132 enim
1553 1063 1623 1134 vita
1660 1060 1830 1134 iustorum
1871 1063 2039 1137 iudicabit
2074 1064 2258 1137 duodecim
2295 1064 2406 1137 trihus

552 1259 568 1298 «
599 1227 725 1300 israhel
752 1250 840 1322 quae
866 1251 935 1298 non
955 1227 1193 1312 crediderunt,
1211 1234 1245 1298 et
1262 1223 1466 1297 indicabunt
1482 1222 1637 1320 Apostoli
1655 1232 1689 1298 et
1706 1222 1766 1318 qui
1782 1223 2019 1318 apostolorum
2039 1205 2164 1306 imitati
2183 1233 2264 1296 sunt
2283 1223 2403 1294 vitam.

551 1421 569 1456 «
599 1391 641 1462 Et
667 1387 870 1462 iudicabunt
895 1410 1083 1486 generosos
1108 1384 1250 1480 quidem
1280 1392 1420 1479 propter
1447 1383 1539 1476 quod
1567 1396 1648 1456 sunt
1669 1381 1881 1469 israhelitae,
1903 1405 1972 1454 non
2001 1391 2117 1455 autem
2135 1389 2284 1476 egerunt
2301 1380 2406 1474 digna

549 1579 566 1616 a
596 1573 722 1644 genere
751 1571 829 1620 suo.
856 1547 1013 1620 Forsitan
1040 1557 1155 1621 autem
1182 1549 1274 1640 quod
1300 1544 1387 1617 dicit
1412 1543 1447 1615 in
1474 1543 1571 1617 vobis
1595 1542 1808 1640 judicabitur
1835 1543 2011 1630 mundus,
2038 1543 2168 1616 dicitur
2193 1542 2234 1614 ad
2261 1543 2405 1636 eosqui
2477 1573 2481 1578 ·

551 1739 566 1775 «
598 1717 768 1787 venerunt
794 1731 835 1780 ex
862 1707 1037 1804 gentibus,
1066 1707 1168 1795 Quod.
1192 1713 1305 1778 autem
1333 1704 1463 1776 dicitur
1488 1703 1653 1778 sedebitis
1670 1712 1704 1776 et
1723 1727 1784 1777 vos
1810 1726 1914 1798 super
1939 1701 2123 1777 duodecim
2143 1701 2287 1776 thronos
2314 1702 2405 1774 iudi-

550 1897 567 1934 «
596 1877 715 1940 cantes
741 1866 925 1940 duodecim
952 1863 1063 1938 tribus
1082 1863 1221 1948 israhel,
1251 1864 1336 1936 dicit
1353 1864 1393 1936 ad
1420 1863 1672 1959 apostolos„et
1689 1862 1730 1934 ad
1749 1884 1810 1935 eos
1836 1863 1895 1956 qui
1922 1863 2145 1960 apostolicam
2172 1862 2295 1936 imitati
2323 1872 2408 1934 sunt

550 2057 567 2094 «
598 2028 715 2113 vitam,
745 2026 959 2100 iudicaturos
977 2023 1117 2098 israhel.
1138 2023 1175 2096 Si
1194 2022 1271 2120 quis
1290 2046 1372 2118 ergo
1391 2022 1572 2117 reliquerit
1589 2020 1705 2094 omnia
1722 2027 1756 2094 et
1772 1979 1918 2093 ¹secutus
1935 2019 2041 2093 luerit
2058 2020 2182 2106 iesum,
2203 2042 2291 2114 quae
2311 2031 2406 2114 petro

552 2217 568 2252 «
598 2188 764 2282 promissa
791 2197 872 2260 sunt
898 2194 932 2258 et
958 2186 1030 2280 ipse
1057 2183 1237 2280 percipiet.
1268 2183 1304 2258 Si
1333 2191 1448 2256 autem
1476 2206 1543 2255 non
1572 2182 1687 2254 omnia
1713 2179 1906 2272 relinquit,
1935 2176 1995 2249 sed
2022 2176 2190 2272 quaedam
2217 2200 2303 2270 quae
2330 2201 2407 2272 spe-

552 2375 568 2413 «
598 2347 733 2419 cialiter
760 2344 907 2417 inferius
935 2343 1135 2416 reseruntur
1161 2341 1217 2414 hic
1245 2338 1488 2438 multipliciter
1507 2339 1650 2434 recipiet
1668 2349 1703 2410 et
1729 2339 1833 2409 vitam
1852 2335 2041 2432 possidebit
2059 2347 2246 2409 aeternam.
2271 2337 2407 2409 Secun-

550 2535 569 2572 «
599 2505 681 2577 dum
708 2505 799 2599 quod
826 2503 885 2576 ait:
916 2511 949 2577 et
968 2501 1081 2575 omnis
1102 2502 1158 2596 qoi
1186 2503 1363 2599 reliquerit
1390 2502 1516 2574 iratres
1536 2511 1595 2573 aut
1611 2489 1752 2572 xsorores
1770 2509 1829 2572 aut
1856 2510 2015 2596 parentes
2040 2508 2099 2572 aut
2115 2498 2205 2572 filios
2229 2508 2288 2571 aut
2307 2521 2409 2593 agros

552 2693 569 2730 a
600 2675 658 2736 aut
682 2663 823 2734 domum
851 2669 987 2757 propter
1014 2681 1138 2730 nonren
1169 2683 1299 2746 areum,
1329 2657 1530 2755 centuplum
1558 2659 1703 2754 recipiet
1729 2669 1764 2732 et
1790 2659 1826 2731 in
1853 2659 1972 2733 futuro
2000 2661 2107 2734 vitam
2134 2668 2310 2732 aeternam
2329 2683 2408 2754 pos-

553 2855 571 2889 «
601 2821 738 2896 sidebit.
765 2821 807 2896 Et
835 2819 899 2894 hoc
924 2822 1065 2915 quidem
1084 2843 1190 2916 quum
1209 2843 1278 2892 non
1297 2817 1399 2891 habet
1416 2816 1717 2915 contemptibilem
1735 2819 1918 2907 rationem,
1939 2827 1974 2892 et
1991 2819 2186 2892 seeundum
2214 2818 2411 2915 simplicem

476 3067 480 3074 Ι
553 3009 571 3069 c
601 2980 822 3054 traditionem
849 2978 1115 3052 exhortatoriam
1142 2979 1185 3078 ad
1212 2977 1525 3074 contempnendam
1564 2999 1701 3049 omnem
1728 2977 1903 3050 carnalem
1928 2977 2173 3073 cognationem
2207 2987 2242 3050 et
2268 3002 2407 3051 omnem

552 3169 570 3206 α
601 3139 828 3213 substantiam
858 3137 1082 3225 «mundialem
1112 3138 1225 3210 omnis
1251 3139 1354 3210 homo
1380 3137 1511 3211 latetur
1537 3159 1644 3234 quum
1665 3135 1766 3212 multi
1793 3137 2011 3211 credentium
2030 3135 2163 3242 christo
2187 3137 2268 3210 odio
2298 3137 2407 3211 habiti

554 3331 570 3368 «
600 3309 682 3373 sunt
708 3325 726 3374 a
753 3297 952 3396 parentibus
978 3301 1065 3385 suis,
1095 3307 1131 3371 et
1157 3299 1338 3391 elegerunt
1364 3321 1424 3370 cos
1450 3307 1484 3371 et
1503 3321 1641 3371 omnem
1661 3297 1889 3372 substantiam
1908 3321 2070 3394 spernere
2103 3311 2143 3370 ut
2161 3298 2267 3371 vitam
2295 3299 2410 3386 possi-

550 3491 568 3529 «
599 3462 722 3534 derent
748 3470 935 3543 aeternam,
964 3457 1146 3531 credentes
1174 3461 1255 3555 quia
1282 3459 1397 3544 omnis
1424 3459 1480 3555 qui
1509 3459 1690 3552 reliquerit
1716 3459 1846 3534 iratres
1873 3459 2069 3532 secundnm
2103 3481 2268 3542 carnem,
2297 3471 2332 3534 et
2357 3485 2413 3533 so·

554 3653 573 3690 «
602 3644 699 3695 rores
725 3619 894 3716 corporis,
922 3627 956 3690 et
983 3627 1143 3715 parentes
1162 3617 1332 3704 carnales,
1352 3625 1410 3724 aut
1428 3615 1517 3689 filios
1536 3618 1664 3704 carnis,
1686 3627 1720 3692 et
1738 3619 1772 3690 in
1791 3627 1882 3691 terra
1901 3613 2085 3690 maledicta
2112 3639 2213 3712 agros
2233 3626 2268 3691 et
2285 3618 2408 3692 domos

555 3812 572 3848 «
602 3783 637 3852 in
665 3803 717 3867 ea,
746 3791 780 3854 et
807 3779 972 3875 relinquit
1000 3789 1138 3874 propter
1157 3775 1253 3851 aliud
1279 3776 1403 3865 nichil,
1433 3778 1500 3851 nisi
1527 3790 1665 3875 propter
1690 3801 1817 3851 nomen
1844 3777 1978 3864 christi,
2008 3776 2216 3874 multiplicia
2242 3778 2402 3875 recipiet.

554 3971 571 4009 «
601 3940 698 4015 Etsi
725 3948 859 4037 oportet
884 3939 935 4012 sic
963 3938 1144 4012 nominare
1171 3937 1424 4014 inestimabiles
1450 3937 1657 4036 multiplicia
1683 3937 1877 4036 spiritualia
1903 3937 2012 4034 magis
2039 3961 2144 4034 quam
2161 3936 2328 4010 carnalia.
2367 3937 2412 4013 Et

472 4193 477 4207 ·
555 4130 574 4169 «
603 4100 715 4175 adhuc
741 4125 845 4196 supra
871 4100 963 4195 quod
989 4099 1197 4196 multiplicia
1225 4100 1363 4196 recipit,
1392 4122 1459 4172 non
1482 4100 1517 4170 in
1543 4100 1612 4173 vita
1639 4101 1702 4172 hac
1726 4097 1925 4194 temporali,
1946 4096 2006 4170 sed
2033 4095 2149 4169 inille
2176 4093 2248 4170 vita
2272 4106 2413 4171 aeterna

555 4294 573 4331 «
606 4273 768 4338 aeternus
792 4265 905 4336 iactus
931 4263 1095 4360 percipiet
1112 4283 1164 4335 ca.
1186 4262 1229 4335 Et
1256 4261 1465 4358 multiplices
1484 4260 1623 4356 quidem
1650 4259 1774 4332 iratres
1791 4269 1826 4331 et
1852 4281 1989 4331 sorores
2013 4280 2188 4354 exponere
2215 4257 2316 4331 facile
2342 4270 2409 4332 est.

558 4457 574 4493 «
605 4428 692 4500 Nam
720 4426 810 4499 etin
831 4424 896 4497 hoc
913 4425 1054 4497 saeculo
1072 4448 1133 4521 pro
1152 4424 1318 4499 iratribus
1339 4421 1537 4496 carnalibus
1556 4445 1642 4516 quos
1659 4429 1796 4518 propter
1814 4417 2056 4492 infidelitatem
2083 4418 2262 4514 relinquit,
2285 4419 2413 4493 multos

556 4618 574 4656 «
604 4587 738 4661 invenit
763 4585 886 4660 iratres
912 4583 1105 4658 secundum
1123 4582 1240 4672 lidem;
1268 4584 1318 4656 sic
1337 4593 1372 4658 et
1390 4591 1547 4680 parentes
1565 4605 1686 4655 omnes
1704 4578 2047 4676 inrepraehensibiles
2073 4580 2249 4676 episcopos
2270 4592 2304 4654 et
2328 4605 2408 4678 pre·

557 4781 575 4818 «
604 4747 749 4822 abiteros
768 4746 851 4819 sine
877 4745 1024 4816 crimine
1051 4745 1260 4817 constitutos
1286 4743 1432 4826 invenit,
1452 4741 1511 4837 qui
1539 4749 1620 4814 sunt
1645 4748 1759 4836 patres
1784 4761 1846 4834 pro
1873 4760 1914 4809 eo
1941 4739 2031 4834 quod
2060 4741 2226 4836 relinquit
2254 4737 2413 4813 infideles

557 4943 574 4980 «
605 4920 778 5009 parentes.
797 4908 975 4999 Quomodo
996 4915 1110 4981 autem
1131 4904 1348 5003 intelligatur
1366 4902 1578 4999 multiplices
1596 4923 1696 4996 agros
1715 4898 1769 4972 uel
1788 4899 1912 4973 domos
1930 4922 2018 4995 quae
2036 4897 2217 4992 reliquerit
2238 4896 2411 4984 invenire,

414 5081 417 5087 “
557 5105 575 5142 «
605 5099 675 5146 non
703 5073 865 5145 similiter
885 5072 1238 5166 traderepossumus.
1262 5067 1352 5141 Sunt
1377 5088 1460 5160 ergo
1480 5065 1572 5138 sicut
1590 5063 1715 5136 estimo
1733 5071 1768 5136 et
1790 5062 1922 5158 angelis
1939 5061 2064 5132 iratres
2083 5067 2118 5131 et
2135 5081 2272 5131 sorores
2290 5080 2414 5130 omncs

557 5265 574 5302 «
605 5243 665 5328 qui
692 5231 926 5306 exhibuerunt
950 5252 987 5303 se
1008 5229 1140 5302 christo
1168 5229 1322 5325 virgines
1347 5237 1472 5316 castas,
1493 5236 1561 5300 tam
1579 5225 1665 5299 istae
1682 5245 1768 5320 quae
1782 5220 1894 5295 adhuc
1920 5221 1955 5292 in
1984 5219 2085 5292 terris
2102 5217 2284 5304 habentur,
2305 5239 2408 5313 quarn

509 5341 514 5347 Ι
557 5423 575 5460 «
605 5391 686 5463 illae
712 5390 893 5485 quaejam
932 5389 1058 5463 vivunt
1083 5390 1118 5460 in
1146 5389 1267 5462 coelis.
1309 5387 1475 5460 Parentes
1501 5357 1617 5478 antem
1655 5384 1774 5478 quales
1800 5382 1886 5457 dicti
1910 5391 1994 5454 sunt
2020 5379 2190 5454 abrahae:
2218 5389 2257 5453 tn
2293 5388 2412 5454 autem

558 5577 575 5620 «
606 5549 670 5622 ibis
691 5549 732 5621 ad
758 5555 918 5644 parentes
941 5557 1021 5620 tuos
1047 5547 1082 5619 in
1101 5547 1375 5656 pace,·nutritus
1393 5545 1429 5618 in
1449 5553 1627 5621 senectute
1645 5540 1746 5614 bona.
1768 5544 1806 5617 Si
1825 5551 1940 5615 autem
1958 5541 2040 5614 iacti
2060 5539 2191 5614 suerint
2217 5535 2409 5633 aliquando

559 5743 575 5778 «
606 5710 799 5788 secundum
824 5707 903 5803 illos
931 5717 1058 5804 patres,
1079 5705 1137 5779 isti
1157 5705 1304 5779 aliorum
1323 5713 1449 5802 patres,
1471 5701 1710 5798 multipliciter
1728 5701 1895 5799 recipient
1913 5700 2014 5777 ctiam
2033 5707 2144 5774 natos.
2167 5703 2277 5796 hgros
2297 5707 2415 5772 autem

558 5900 575 5939 a
605 5881 638 5943 et
664 5871 785 5944 domos
812 5867 1038 5963 multiplices,
1060 5865 1209 5962 intelligi
1228 5863 1310 5936 mihi
1331 5863 1466 5938 ridetur
1483 5864 1517 5936 in
1537 5862 1658 5959 requie
1677 5865 1825 5964 paradisi
1844 5874 1879 5938 et
1897 5864 2038 5939 civitate
2060 5863 2133 5952 dei,
2161 5862 2203 5934 de
2229 5884 2295 5958 qua
2321 5857 2416 5933 dicta
