5408 7108
1003 554 1413 628 DIPLOMATICUS

1062 799 1376 883 MXXXVI·

1085 1101 1143 1174 A.
1171 1099 1225 1173 D.
1257 1095 1370 1172 1044.

339 1333 374 1471 †
400 1387 439 1449 in
467 1387 611 1451 nomine
635 1385 769 1452 domini
796 1387 963 1452 vicesimo
979 1391 1079 1454 sexto
1092 1388 1212 1455 hanno
1229 1387 1453 1471 principatus
1470 1382 1603 1450 salerni
1621 1381 1739 1449 domni
1759 1382 1873 1449 nostri
1890 1383 2094 1470 guaymari‚
2113 1341 2153 1450 et

250 1633 255 1639 Ι
292 1545 396 1606 sexto
420 1540 541 1606 hanno
566 1538 790 1626 principatus
815 1539 891 1608 eius
921 1559 1043 1626 capue,
1068 1545 1102 1606 et
1127 1541 1252 1626 quinto
1268 1541 1289 1626 ¹)
1315 1558 1411 1608 anno
1433 1540 1581 1607 ducatus
1607 1538 1705 1606 illius
1729 1539 1874 1608 hamalti
1898 1546 1934 1607 et
1956 1541 2115 1608 surrenti
2139 1591 2148 1626 ,

296 1694 331 1754 et
350 1688 503 1755 secundo
520 1706 614 1757 anno
632 1690 954 1776 suprascriptorum
975 1693 1240 1777 principatuum
1260 1692 1376 1760 domni
1395 1693 1507 1779 gisolfi
1525 1691 1648 1759 eximii
1663 1692 1818 1778 principi
1836 1697 1870 1760 et
1887 1693 1966 1761 duci
1986 1693 2064 1760 eius
2082 1693 2147 1760 filii

292 1837 439 1922 gloriosi
465 1838 717 1926 principibus.
744 1861 859 1908 mense
885 1843 1041 1928 aprelis,
1068 1844 1274 1911 duodecima
1300 1799 1507 1910 indictione.
1527 1844 1676 1929 ideoque
1693 1862 1756 1910 nos
1774 1845 1923 1931 steiano,
1941 1851 1975 1912 et
1994 1845 2098 1932 mele,
2117 1851 2152 1912 et

291 1992 441 2077 georgii,
462 1997 497 2057 et
515 2011 596 2059 urso
620 1997 782 2079 germani
811 1997 872 2061 tilii
900 1998 1077 2081 quondam
1103 1998 1203 2083 mele,
1230 2018 1301 2066 una
1325 1972 1403 2064 curn
1430 1999 1506 2085 ipsa
1523 2003 1671 2068 hamata
1695 2003 1870 2087 genitrice
1889 2007 2009 2070 nostra
2035 2003 2149 2070 clare-

291 2145 445 2214 faeimus
471 2163 535 2212 nos
560 2148 667 2214 abere
692 2167 764 2216 una
790 2149 891 2234 pecia
915 2149 958 2216 de
983 2133 1185 2216 tornacum
1211 2153 1317 2218 binea
1341 2154 1376 2216 in
1397 2153 1470 2217 loco
1495 2151 1679 2237 persicitu,
1696 2155 1732 2218 et
1755 2169 1952 2236 congruum
1977 2153 2148 2219 nobisest

294 2303 372 2387 ipsa
397 2303 616 2371 benumdare
641 2302 802 2371 handrea
828 2303 1048 2370 beneravilis
1072 2305 1181 2371 abbas
1199 2302 1241 2368 de
1259 2302 1467 2371 monasterii
1494 2301 1664 2369 bocabulo
1689 2303 1803 2369 sancti
1830 2302 1964 2388 magni,
1984 2309 2031 2387 et,
2056 2304 2150 2370 sicut

295 2454 396 2520 nobis
422 2454 601 2523 iamdictis
625 2454 709 2523 talis
734 2461 787 2522 est
810 2473 1021 2541 congruum,
1052 2457 1163 2522 hante
1192 2454 1337 2538 ydoneis
1361 2451 1550 2536 subscripti
1575 2453 1779 2519 hominibus
1808 2472 1870 2538 per
1903 2455 1997 2520 hanc
2029 2461 2153 2524 cartu·

292 2607 363 2675 tam
384 2607 679 2674 benumdedimus
703 2611 810 2693 atque
835 2607 1036 2675 remisimus
1061 2608 1123 2672 tivi
1148 2608 1316 2676 iamdicto
1340 2606 1475 2674 andrea
1499 2607 1621 2673 abbati
1646 2610 1721 2673 tota
1737 2611 1773 2673 et
1791 2606 1916 2674 inclita
1941 2607 2018 2692 ipsa
2036 2611 2140 2693 pecia

289 2758 331 2825 de
357 2765 454 2826 terra
478 2743 558 2826 cum
585 2763 690 2826 vinea
713 2759 755 2825 de
780 2759 937 2845 predicto
963 2759 1035 2825 loco
1058 2761 1227 2844 persicitu
1252 2778 1314 2844 per
1337 2778 1376 2826 ec
1406 2760 1486 2826 finis
1516 2763 1551 2826 et
1577 2759 1784 2826 mensoria:
1810 2762 1857 2826 ha
1882 2778 1965 2844 pars
1990 2760 2143 2826 orientis

289 2917 376 2978 sunt
398 2911 493 2996 passi
520 2911 649 2999 viginti
676 2914 827 2997 nobem3
850 2883 898 2980 da
921 2913 1040 2997 capite
1063 2913 1159 2997 passi
1183 2911 1337 2998 triginta
1362 2915 1458 2997 septe
1485 2930 1594 2996 usque
1619 2912 1749 2996 inipso
1774 2913 1930 2998 immite,
1948 2917 1983 2978 et
2001 2871 2153 2981 descen·¹

288 3065 392 3132 dente
418 3064 595 3131 modicum
621 3082 731 3150 usque
749 3066 786 3130 in
803 3063 874 3132 alio
900 3067 1042 3130 termite
1065 3071 1149 3131 sunt
1173 3067 1268 3150 passi
1292 3083 1368 3152 sex,
1400 3070 1436 3132 et
1459 3067 1601 3132 abiente
1625 3070 1660 3131 et
1684 3069 1863 3151 pergente
1886 3084 1996 3152 usque
2015 3067 2052 3131 in
2071 3066 2146 3152 ipso

290 3218 428 3284 ballone
454 3223 536 3285 sunt
560 3219 690 3286 exinde
715 3219 808 3305 passi
834 3218 950 3286 decem
982 3222 1018 3284 et
1047 3222 1147 3302 octo,
1172 3223 1207 3284 et
1230 3218 1464 3286 descendente
1495 3236 1557 3302 per
1588 3219 1664 3301 ipso
1695 3218 1839 3286 riatellu
1864 3221 2037 3303 usquein
2065 3221 2140 3306 ipso

289 3373 426 3440 ballone
448 3377 484 3438 et
508 3373 650 3438 abiente
675 3389 784 3456 usque
810 3371 847 3435 in
871 3369 947 3456 ipso
971 3371 1112 3437 termite
1137 3371 1198 3457 qui
1223 3370 1343 3436 fictum
1370 3373 1424 3438 est
1450 3371 1487 3436 in
1511 3388 1574 3437 ora
1604 3370 1646 3437 de
1673 3369 1747 3455 ipso
1772 3370 1911 3438 ballone
1936 3373 2073 3455 priores
2097 3373 2141 3438 ss·

288 3543 371 3612 nes3
397 3530 510 3592 totum
535 3531 574 3593 at
599 3525 692 3591 iusto
716 3542 857 3611 passum
882 3523 1035 3590 hominis
1058 3526 1112 3590 est
1137 3524 1396 3590 mensuratum.
1423 3521 1519 3590 intra
1550 3525 1671 3588 autern
1688 3522 1776 3588 flues
1797 3525 1833 3588 et
1856 3539 2043 3588 mensuras
2067 3524 2143 3588 tota

288 3685 323 3745 et
347 3678 474 3744 inclita
499 3676 578 3763 ipsa
603 3675 775 3744 iamdicta
798 3675 901 3760 pecia
924 3675 966 3742 de
997 3679 1095 3742 terra
1125 3695 1205 3742 cum
1236 3677 1342 3742 binea
1371 3675 1436 3741 tivi
1469 3673 1639 3742 iamdicto
1663 3672 1799 3741 andrea
1823 3673 1969 3741 habbati
1995 3690 2142 3740 venum·

288 3828 450 3897 dedimus
474 3847 554 3896 cnm
581 3829 730 3895 introitu
757 3831 793 3892 et
817 3829 943 3913 exitu,
968 3833 1107 3896 etcum
1131 3829 1208 3896 bice
1237 3829 1279 3896 de
1304 3829 1365 3896 bia
1388 3847 1475 3903 sua,
1503 3832 1538 3895 et
1562 3827 1682 3896 omnia
1708 3829 1805 3894 intro
1828 3845 1866 3894 se
1889 3827 2080 3896 abentibus
2104 3832 2141 3896 et

287 4003 367 4050 cum
392 3984 553 4051 omuibus
576 3985 650 4050 suis
674 3984 915 4068 pertinentiis,
944 3985 990 4049 At
1019 3985 1192 4064 securiter
1217 3987 1252 4048 et
1287 3981 1438 4047 firmiter
1468 3981 1617 4048 hamodo
1650 3987 1685 4046 et
1715 4000 1851 4066 semper
1885 3987 1923 4047 to
1947 3980 2138 4050 iamdictus

286 4135 421 4203 andrea
444 4115 581 4202 habbas
604 4138 640 4200 et
664 4133 737 4200 tuis
760 4133 1029 4200 successoribus
1054 4132 1135 4200 illut
1159 4134 1376 4219 habendum,
1394 4132 1662 4214 dominandum,
1690 4133 1936 4218 possidendum
1962 4139 1998 4200 et
2023 4137 2146 4202 omnia

287 4287 370 4356 inde
393 4287 597 4356 faciendum
622 4286 713 4372 quod
738 4283 935 4352 volueritis.
963 4285 1007 4351 m
1031 4301 1093 4370 pro
1117 4283 1220 4352 firma
1243 4285 1439 4353 stavilitate
1468 4285 1664 4370 recepimus
1690 4306 1712 4353 a
1737 4293 1770 4352 te
1794 4287 2038 4372 suprascripto
2063 4307 2143 4374 pre-

287 4443 335 4508 tio
360 4445 460 4510 aurei
485 4441 589 4508 solidi
614 4447 710 4528 septe
741 4439 780 4506 in
805 4442 900 4507 omni
931 4439 1122 4524 finitione,
1146 4439 1239 4505 sicut
1264 4438 1358 4505 inter
1390 4457 1453 4506 nos
1487 4441 1598 4508 stetit.
1625 4443 1672 4507 De
1698 4460 1768 4525 qua
1793 4459 1855 4526 per
1880 4443 2143 4511 combenientia

287 4612 351 4662 nos
376 4597 447 4663 iam
475 4597 557 4663 totis
580 4595 775 4682 supradicti
801 4597 965 4681 germani
993 4613 1064 4660 una
1092 4613 1171 4659 curn
1198 4593 1275 4679 ipsa
1300 4595 1478 4680 genitrice
1503 4600 1626 4660 nostra
1650 4594 1786 4679 guadia
1810 4593 1873 4659 tivi
1897 4593 2031 4662 andrea
2060 4597 2145 4663 hab-

288 4748 363 4816 bati
388 4747 564 4833 dedimuS,
581 4753 617 4815 et
635 4747 867 4814 mediatorem
890 4745 952 4813 tivi
980 4745 1160 4830 posuimus
1191 4745 1336 4813 risanda
1367 4746 1439 4812 titio
1463 4747 1639 4832 quondam
1667 4747 1770 4814 tando
1785 4796 1795 4832 ‚
1820 4749 1881 4833 qui
1906 4753 1959 4814 est
1990 4747 2147 4814 aritator

288 4903 330 4968 de
357 4903 433 4968 loco
457 4900 590 4968 batotla
605 4921 614 4984 ;
640 4904 676 4968 et
711 4901 914 4986 peripsam
944 4901 1114 4985 guadiam
1140 4905 1207 4968 etc.
1234 4903 1403 4986 Sequitur
1437 4905 1601 4970 consuetu
1638 4903 1818 4985 scrutata.
1845 4903 1981 4967 statuta
2014 4902 2148 4968 rurrtcta

287 5056 452 5138 triginta
476 5055 563 5121 auri
586 5053 783 5122 solidorum
805 5054 1194 5120 constantinianorurn.
1221 5056 1265 5122 Et
1288 5057 1409 5130 taliter
1433 5057 1577 5142 scripsit
1599 5073 1664 5141 ego
1700 5059 1822 5139 petrus
1852 5052 2088 5121 subdiaconus
2113 5059 2148 5120 et

286 5207 465 5294 notarius;
490 5209 640 5274 Hactum
667 5205 800 5272 cilento
822 5207 885 5292 qui
909 5205 1071 5273 intertui.

333 5333 363 5450 †
388 5363 464 5448 Ego
487 5360 649 5429 stefanus
673 5329 849 5446 presbiter

332 5488 361 5604 †
390 5517 539 5604 Signum
565 5533 676 5584 manu
703 5530 828 5582 mauro
852 5513 992 5582 filard0.

329 5853 352 5932 ¹)
376 5849 498 5913 Potius:
524 5857 618 5913 sexto
643 5851 839 5932 Amatphiae
865 5858 898 5912 et
920 5853 1033 5930 quinto
1056 5850 1208 5913 Sirrenti.

428 6027 500 6084 Tou.
519 6037 556 6081 vr.
