5408 7108
621 468 693 544 uo
1200 549 1202 556 ,
1259 479 1827 588 umuxcmmnms.

571 699 697 770 eadem
721 717 779 772 res
802 706 925 773 tenere
947 707 983 774 et
1005 706 1169 777 lavorare
1192 706 1388 796 noluerint,
1412 708 1538 780 inclita
1560 712 1814 800 suprascripta
1836 713 2026 785 traditione
2070 719 2167 786 bona
2202 716 2365 786 lavorata
2393 718 2430 786 et

572 861 675 923 suria
699 857 882 927 remittere
906 857 950 927 ad
975 861 1133 926 nostram
1159 863 1385 944 potestatem,
1410 865 1446 930 et
1468 862 1575 933 liceat
1598 863 1670 933 illis
1693 833 1776 934 inde
1799 867 1900 936 exire
1926 884 2154 938 cumomnes
2176 866 2331 935 ‘illorum
2353 885 2426 936 mo-

572 1009 709 1097 bilefet·
733 1013 788 1082 irc
816 1014 874 1080 ubi
899 1014 1063 1082 uoluerit.
1088 1016 1135 1082 Et
1157 1033 1221 1102 per
1244 1017 1507 1085 combenientia
1522 1018 1659 1105 guadio
1675 1017 1787 1087 michi
1802 1019 1875 1108 ipse
1891 1028 2017 1107 petrus
2034 1017 2116 1090 dedi
2133 1024 2170 1089 et
2187 1019 2420 1091 mediatorem

573 1167 682 1232 michi
707 1167 824 1250 posuit
846 1167 999 1252 seipsum
1027 1186 1089 1254 per
1113 1168 1275 1255 apposita
1299 1169 1400 1238 nobis
1423 1169 1469 1239 ad
1494 1169 1756 1274 pignorandum
1779 1177 1895 1244 omnis
1917 1193 1985 1244 sua
1999 1193 2110 1244 causa
2127 1141 2291 1266 legitimo
2308 1181 2344 1246 ot
2360 1177 2417 1244 in-

569 1317 748 1405 legitimo,
774 1324 809 1386 et
829 1339 905 1406 per·
917 1323 1029 1406 ipsam
1054 1285 1222 1410 guadiam
1247 1321 1419 1408 obligavit
1434 1341 1472 1392 se
1488 1328 1524 1393 et
1539 1341 1621 1392 suos
1633 1321 1770 1412 eredes,
1788 1329 1827 1395 ut
1841 1327 1871 1394 si
1891 1326 2011 1395 taliter
2026 1329 2148 1397 omnia
2164 1328 2346 1415 suprasori
2351 1332 2414 1416 pta

533 1493 538 1502 ·
567 1471 673 1542 nobis
697 1489 769 1538 non
793 1472 1070 1558 adimpleverint
1087 1441 1124 1544 et
1139 1476 1268 1563 aliquit
1284 1476 1367 1544 inde
1389 1477 1687 1564 contradixerint,
1704 1495 1767 1565 per
1783 1481 1898 1567 ipsam
1913 1480 2084 1567 guadiam
2099 1499 2310 1569 componere
2327 1481 2419 1550 obli·

567 1627 671 1716 gavit
694 1647 732 1696 se
757 1628 832 1714 ipse
856 1633 979 1715 petrus
1002 1634 1038 1696 et
1060 1646 1142 1696 suos
1165 1629 1287 1698 eredes
1310 1631 1417 1699 michi
1443 1633 1584 1718 meique
1607 1635 1772 1705 aradibus
1796 1632 1926 1725 biginti
1952 1640 2033 1708 auri
2057 1639 2188 1709 solidos
2219 1643 2421 1710 constanti·

564 1781 715 1868 manoe,
735 1785 771 1850 et
794 1782 915 1850 omnia
940 1785 1187 1869 suprascripta
1212 1785 1313 1852 nobis
1336 1782 1518 1872 complire,
1543 1786 1633 1872 quod
1659 1787 1783 1875 scripsi
1809 1806 1875 1877 ego
1898 1793 2022 1877 petrus
2046 1791 2225 1859 notarius.

609 1909 641 2024 †
665 1939 740 2026 Ego
764 1943 886 2026 petrus
910 1957 966 2006 me
989 1937 1185 2024 subscripsi
1294 1947 1295 1950 ’
1717 1911 1724 1922 ’
1916 1911 1919 1920 ¹

606 2063 638 2177 †
663 2095 738 2179 Ego
762 2093 923 2162 alderissi
949 2095 1112 2162 notarius
1135 2111 1191 2162 me
1214 2093 1423 2166 subscribsi.

1266 2417 1691 2428 —————-—-——-——-

1328 2749 1641 2831 Mxxvnr

1330 3045 1387 3120 A.
1416 3043 1471 3120 D.
1499 3045 1629 3122 1043.

593 3282 631 3423 †
656 3335 697 3401 ln
720 3333 864 3404 nomine
887 3335 1020 3403 domini
1043 3331 1210 3401 vicesimo
1233 3343 1333 3400 sexto
1356 3349 1450 3402 anno
1466 3331 1689 3420 principatus
1703 3333 1837 3403 salerni
1854 3333 1974 3402 domni
1992 3337 2101 3403 nostri
2119 3335 2333 3425 guaimarii,
2354 3338 2402 3405 Et
2445 3353 2451 3368 ·

546 3493 651 3559 sexto
674 3507 770 3559 anno
792 3485 1017 3576 principatus
1039 3485 1119 3554 eins
1141 3501 1265 3572 capue,
1290 3486 1339 3554 Et
1358 3489 1483 3574 quinto
1506 3505 1602 3556 anno
1624 3489 1775 3558 ducatus
1797 3491 1876 3557 eius
1899 3489 2021 3558 amalfi
2044 3495 2081 3557 et
2110 3491 2329 3580 sirrentunr,
2356 3493 2401 3560 Et

546 3645 702 3714 secundo
725 3633 822 3714 anno
846 3642 1170 3730 suprascriptorum
1192 3639 1461 3728 principatuum
1483 3646 1520 3711 et
1543 3641 1738 3712 ducatuum
1755 3641 1872 3709 domni
1892 3639 2010 3728 gisolfi
2024 3639 2152 3712 eximii
2169 3645 2345 3732 principis
2364 3653 2401 3715 et

543 3797 646 3866 ducis
668 3797 734 3866 filii
759 3796 849 3874 eius,
875 3815 983 3884 quam
1005 3799 1042 3863 et
1064 3789 1180 3882 primo
1202 3811 1299 3863 anno
1321 3794 1471 3863 ducatus
1493 3811 1615 3862 eorum
1638 3794 1758 3881 apulie
1780 3798 1816 3864 et
1838 3795 2017 3880 calabrie,
2043 3785 2166 3864 mense
2191 3795 2401 3884 december,

543 3951 755 4020 duodecima
780 3949 986 4030 indictione.
1011 3953 1081 4016 Nos
1105 3923 1270 4036 acceptus
1293 3947 1388 4016 filius
1411 3949 1589 4034 quondam
1612 3948 1743 4018 falconi
1766 3953 1802 4018 et
1826 3905 1954 4017 mulier
1985 3951 2130 4018 nornine
2159 3933 2296 4038 albara,
2332 3951 2392 4038 qui

461 4119 471 4132 ·
541 4119 665 4170 sumus
689 4101 745 4168 vir
770 4105 806 4170 et
829 4117 934 4188 uxor,
957 4105 993 4170 et
1017 4100 1092 4171 lilia
1115 4102 1294 4188 quondam
1318 4104 1409 4189 petii
1434 4101 1497 4189 qui
1520 4103 1652 4170 dicitur
1675 4107 1864 4190 sarnatus,
1888 4089 2058 4190 quoniam
2083 4107 2185 4174 nobis
2207 4111 2263 4174 est
2281 4105 2392 4193 perti-

541 4258 669 4324 nentes
693 4259 800 4326 abere
824 4273 897 4324 una
921 4241 1023 4342 pecia
1046 4257 1089 4326 de
1113 4259 1211 4326 terra
1234 4275 1314 4324 cum
1339 4256 1515 4344 aliquanti
1534 4257 1653 4324 arbori
1669 4256 1775 4324 bitati
1793 4257 1830 4323 in
1848 4257 1963 4324 locum
1979 4256 2213 4344 palmentata‚
2238 4259 2297 4326 ubi
2317 4273 2398 4344 pro-

539 4397 620 4484 prio
637 4399 771 4469 biniola
787 4400 932 4488 dicitur,
949 4401 1169 4470 salernitane
1185 4403 1330 4487 ilnibuS,
1348 4419 1416 4487 que
1433 4409 1485 4468 est
1503 4419 1564 4487 per
1580 4401 1665 4468 linis
1681 4407 1717 4467 et
1733 4391 1932 4468 mensurio:
1960 4399 2006 4466 ab
2029 4401 2168 4468 oriente
2187 4399 2259 4468 fine
2277 4399 2392 4469 medio

518 4590 519 4594 =
543 4551 697 4642 ballone,
721 4559 804 4622 sunt
827 4553 870 4623 de
895 4535 1047 4624 latitudo
1070 4572 1132 4640 per
1156 4553 1270 4622 medio
1295 4553 1369 4640 ipso
1393 4553 1533 4623 ballone
1556 4555 1650 4640 passi
1674 4515 1986 4640 quadtuordeoim:
2014 4571 2136 4640 apars
2154 4553 2303 4622 meridie
2320 4555 2395 4624 dne

539 4707 633 4794 petri
660 4707 727 4775 filii
752 4709 915 4794 iohanni,
940 4713 1024 4776 sunt
1047 4709 1141 4794 passi
1166 4677 1298 4794 bigintiv
1322 4708 1491 4794 quinque:
1517 4727 1540 4776 a
1564 4726 1648 4794 pars
1671 4707 1864 4778 occidentis
1887 4707 1957 4777 line
1973 4707 2098 4776 cilium
2115 4709 2158 4777 do
2182 4709 2277 4797 ripa,
2298 4707 2392 4797 passi
2463 4671 2466 4678 .

535 4861 601 4929 alii
625 4863 937 4949 quadtuordecim:
963 4884 985 4932 a
1009 4882 1092 4950 pars
1116 4864 1379 4958 septemtrionis
1403 4861 1474 4929 dne
1496 4861 1647 4950 termiti,
1671 4861 1765 4950 passi
1790 4861 2034 4950 quadraginta
2058 4863 2142 4950 duc,
2161 4867 2272 4932 totum
2291 4881 2395 4933 mon·

535 5022 698 5085 suratum
722 5017 767 5086 ad
794 5019 884 5086 iusto
911 5037 1016 5105 passu
1040 5019 1210 5086 ominum.
1231 5021 1278 5087 De
1290 5001 1539 5105 'suprascripta
1555 5016 1655 5103 pecia
1670 5018 1712 5085 de
1728 5023 1825 5085 terra
1842 5035 1903 5102 per
1919 5015 2123 5104 supradicte
2135 5017 2218 5084 finis
2235 5024 2271 5087 et
2288 5035 2386 5088 men·
2497 5000 2500 5008 ’

533 5173 634 5239 suria
668 5172 904 5257 pertinentem
936 5181 989 5242 est
1019 5175 1101 5242 inde
1132 5172 1229 5240 mihi.
1254 5176 1389 5260 accepti
1420 5175 1527 5242 abere
1556 5181 1629 5240 tres
1651 5178 1783 5258 partes,
1808 5175 1844 5239 et
1867 5171 1954 5238 mihi
1979 5169 2149 5241 iamdicto
2178 5171 2299 5242 aloare
2322 5151 2403 5260 por'

540 5329 708 5411 quartam
732 5343 815 5414 pars
840 5343 903 5410 per
926 5343 1044 5393 meum
1068 5325 1243 5412 scriptum
1260 5327 1482 5412 morgincap,
1501 5343 1605 5410 quem
1621 5325 1695 5411 ipse
1710 5329 1875 5410 acceptus
1893 5325 1981 5392 mihi
1997 5327 2118 5394 emisit
2134 5325 2172 5393 in
2187 5325 2246 5395 die
2263 5331 2388 5396 nostro

533 5476 784 5564 copulationis,
809 5483 844 5545 et
868 5495 1065 5566 congruum
1089 5471 1143 5547 es't
1168 5481 1270 5548 nobis
1287 5480 1465 5548 iamdictis
1483 5479 1549 5548 viri
1567 5485 1603 5548 et
1623 5479 1725 5547 uxori
1742 5479 1976 5546 communiter
1995 5479 2072 5564 ipsa
2089 5481 2196 5548 rebus
2214 5472 2383 5547 vindere

532 5627 632 5698 Unde
656 5647 720 5696 nos
743 5629 901 5700 iamdicti
926 5631 1063 5718 accepti
1087 5637 1122 5700 et
1145 5631 1266 5701 aloare
1283 5633 1506 5718 perreximus
1522 5648 1670 5717 quoram
1688 5631 1870 5716 presentia
1886 5627 2045 5698 ademari
2062 5629 2182 5697 comiti
2201 5633 2237 5699 et
2255 5629 2384 5714 iudici,

427 5874 429 5882 Ι
534 5784 656 5854 tamen
689 5802 762 5853 una
793 5804 928 5854 mecum
960 5786 1129 5855 iamdicta
1153 5784 1275 5856 albara
1300 5803 1435 5854 mecum
1458 5789 1605 5854 abentes
1628 5783 1716 5851 duos
1740 5785 2009 5870 propinquiores
2033 5785 2243 5872 parentibus
2277 5789 2385 5868 meis,
