5408 7108
1229 559 1236 572 -
1272 499 1445 613 consu
1478 518 1743 594 ouvnusrs

1447 861 1573 944 ΜΠ.

1353 1160 1412 1234 A.
1439 1159 1494 1233 n.
1524 1157 1654 1232 1042.

630 1443 660 1534 Τ
687 1449 729 1514 tn
751 1447 896 1553 nomine
919 1443 1063 1528 domini,
1082 1447 1248 1514 vicesimo
1264 1451 1392 1546 quarto
1417 1463 1513 1517 anno
1530 1446 1754 1532 principatus
1777 1443 1912 1514 salerni
1928 1444 2047 1513 domni
2064 1447 2175 1515 nostri
2190 1444 2383 1533 guaimari,
2400 1447 2436 1510 et

584 1577 714 1688 puarto
732 1615 828 1667 anno
844 1597 1071 1685 principatus
1086 1599 1164 1666 eius
1181 1618 1293 1686 capue
1309 1603 1344 1668 et
1359 1599 1434 1668 dux
1450 1602 1527 1669 eius
1543 1599 1677 1687 amalfi,
1693 1603 1729 1668 et
1742 1599 1846 1668 tertio
1862 1602 1888 1684 Ι)
1903 1618 1998 1670 anno
2013 1585 2165 1669 ducatus
2182 1600 2283 1668 illius
2303 1601 2435 1669 sirren-

585 1754 676 1838 tum,
700 1755 736 1820 et
755 1751 870 1839 primo
885 1759 980 1820 anno
997 1751 1224 1838 principatus
1239 1751 1360 1820 domni
1376 1753 1488 1838 nostri
1507 1752 1623 1840 gisolfi
1638 1754 1716 1820 eius
1736 1752 1832 1821 fitius
1853 1713 2086 1843 gloriosorum
2109 1754 2435 1841 suprascriptorum

511 1865 536 1944 s
585 1905 714 1974 eximii
737 1904 906 2016 pripcipii
933 1909 970 1974 et
992 1905 1121 1993 ducis,
1145 1923 1266 1975 mense
1287 1902 1413 1992 iulius,
1445 1905 1582 1974 decima
1610 1903 1819 1974 indictio'ne.
1853 1911 1893 1973 In
1929 1905 2043 1973 locum
2073 1908 2218 1976 nucerie
2252 1915 2337 2012 ante
2370 1923 2434 1974 nos

583 2060 787 2130 riccardum
822 2065 859 2130 et
892 2061 1114 2132 ademarium
1150 2047 1324 2130 iudicibus
1354 2063 1516 2130 causabit
1549 2051 1709 2131 ademari
1732 2060 1827 2129 filius
1849 2059 2027 2149 quondam
2058 2061 2206 2130 iohanni
2240 2061 2433 2148 presbiteri
2521 2154 2524 2160 Ι

507 2273 509 2280 .
584 2234 669 2282 oum
693 2217 843 2284 ioannes
865 2220 1016 2304 cognato
1040 2234 1105 2284 suo
1137 2218 1174 2283 et
1196 2215 1270 2282 filio
1295 2215 1387 2284 idem
1421 2214 1562 2303 guisoni
1585 2214 1771 2301 presbiteri
1808 2215 1987 2282 etabbati
2023 2214 2181 2284 dicentes
2204 2212 2250 2286 ei.
2277 2219 2319 2283 ut
2355 2215 2434 2304 ipse

584 2367 760 2474 iohannes
777 2367 879 2442 malo
905 2368 1058 2443 hordine
1082 2373 1118 2436 et
1139 2371 1216 2436 sine
1239 2369 1379 2438 ratione
1401 2367 1583 2436 introisset
1606 2368 1645 2434 in
1681 2368 1787 2434 rebus
1812 2365 1924 2453 ipsius
1959 2365 2118 2436 ademari
2144 2367 2187 2436 de
2219 2366 2333 2435 locum
2359 2385 2435 2436 cor-

584 2521 690 2607 baru,
715 2523 834 2588 monte
858 2522 920 2590 het
946 2519 1053 2606 plano
1076 2525 1112 2588 et
1135 2531 1198 2606 per
1220 2519 1449 2606 pertinentiis
1464 2524 1499 2587 et
1515 2517 1695 2587 vocabulis
1710 2518 1866 2586 eiusdem
1885 2501 1971 2587 locis
1987 2524 2023 2588 et
2039 2519 2169 2588 tinibus
2193 2525 2229 2591 et
2252 2524 2436 2592 vocabulis

583 2631 746 2760 nuceria,¹
767 2677 888 2745 monte
910 2676 972 2742 het
994 2672 1103 2760 plano
1125 2678 1161 2742 et
1177 2693 1239 2760 per
1256 2673 1435 2758 uocabulis
1458 2672 1614 2741 eiusdem
1631 2673 1717 2740 locis
1743 2673 1824 2740 uius
1846 2671 2005 2761 nucerio,
2023 2677 2084 2743 het
2107 2675 2205 2744 sobee
2229 2675 2361 2744 ibidem
2386 2677 2436 2746 fe·

591 2793 711 2912 mesot,
735 2828 880 2894 arbores
905 2831 940 2895 et
962 2827 1051 2895 bites
1079 2826 1160 2895 inde
1182 2827 1402 2912 abscidisset,
1427 2829 1487 2894 het
1504 2809 1660 2894 rebus-ei
1677 2831 1886 2896 contrasset.
1912 2846 1981 2914 quo
2006 2827 2129 2897 audito
2154 2829 2228 2916 ipse
2260 2829 2435 2898 iohannes

594 2997 802 3064 responsum
827 2979 940 3046 eidem
967 2979 1077 3064 ipsius
1102 2935 1260 3047 ademari
1283 2979 1431 3046 retdidit
1453 2980 1654 3066 dicendum,
1678 2980 1796 3067 plures
1820 2983 1925 3048 rebus
1949 2983 2055 3050 abere
2079 2987 2140 3050 het
2157 2989 2277 3051 tenere
2294 2983 2336 3048 in
2358 3001 2436 3070 pre·

588 3133 724 3200 dictum
751 3135 865 3200 locum
892 3135 1044 3200 corbaru
1069 3137 1187 3200 monte
1213 3134 1274 3200 het
1297 3133 1403 3218 plano
1427 3138 1462 3201 et
1484 3152 1546 3220 per
1581 3135 1759 3202 vocabulis
1790 3136 1946 3204 eiusdem
1972 3133 2072 3222 locis,
2099 3139 2136 3203 et
2158 3153 2221 3221 per
2255 3135 2438 3204 vocabulis

587 3289 733 3356 nucerio
757 3291 875 3355 monte
899 3243 959 3355 bet
984 3241 1101 3374 plano,
1125 3291 1179 3355 set
1202 3287 1338 3353 nescire
1361 3287 1403 3353 de
1427 3288 1531 3374 quale
1555 3289 1661 3356 rebus
1697 3288 1789 3356 unde
1812 3307 1891 3355 cum
1915 3306 1996 3357 eum
2019 3306 2125 3357 cause
2161 3291 2256 3357 abet.
2291 3307 2338 3355 ex
2354 3295 2438 3374 'quo

588 3439 683 3509 inter
708 3440 781 3508 illis
805 3458 869 3506 nos
893 3443 953 3526 qui
978 3459 1088 3526 supra
1113 3441 1292 3508 iudicibus
1315 3405 1563 3528 iudicabimus,
1588 3446 1628 3509 ut
1650 3439 1784 3528 pariter
1809 3460 1914 3528 super
1940 3441 2017 3528 ipsa
2041 3442 2147 3510 rebus
2170 3437 2320 3528 pergere
2354 3461 2434 3510 cum

588 3595 742 3662 iudicem
768 3596 830 3662 het
852 3596 1045 3680 notarium,
1071 3597 1107 3661 et
1133 3595 1205 3679 ipse
1230 3593 1390 3661 ademari
1415 3598 1629 3662 monstraret
1652 3595 1765 3664 eidem
1783 3555 1894 3682 ipsius
1917 3595 2066 3664 iohanni
2091 3597 2168 3682 ipsa
2196 3599 2315 3683 rebus,
2341 3595 2434 3665 unde

591 3765 671 3815 cum
696 3767 777 3815 eum
802 3749 966 3834 superius
990 3745 1164 3831 causabit,
1190 3750 1226 3812 et
1250 3749 1400 3832 utraque
1424 3750 1546 3832 partes
1569 3718 1640 3816 illis
1661 3749 1836 3858 guadiare
1857 3749 2030 3857 fecimus,
2054 3753 2094 3817 ut
2117 3765 2180 3834 per
2214 3755 2335 3835 partes
2370 3750 2434 3836 pli-

582 3887 691 3970 ‘caret
713 3919 751 3968 se
775 3919 853 3968 cum
879 3899 952 3967 suis
976 3900 1176 3968 rationibus
1199 3904 1235 3967 et
1258 3899 1398 3969 iuxtam
1415 3899 1530 3988 legem
1547 3901 1677 3970 exinde
1692 3903 1798 3970 finem
1822 3901 1951 3970 iacere.
1976 3901 2070 3970 unde
2086 3859 2160 3988 ipse
2177 3903 2358 3971 iohannes
2376 3923 2441 3992 per

589 4050 846 4120 absolutionem
864 4051 977 4138 ipsius
1000 4051 1195 4140 supradicti
1224 4051 1379 4139 genitori
1416 4011 1484 4121 suo
1505 4054 1621 4140 posuit
1644 4054 1837 4121 mediatore
1875 4053 1985 4154 ipsius
2009 4054 2169 4125 ademari
2205 4057 2339 4125 rostari
2363 4055 2442 4124 thio

592 4208 707 4276 suoet
729 4207 804 4274 filio
828 4205 1003 4292 quondam
1028 4207 1201 4291 iohanni,
1225 4204 1361 4293 etipse
1385 4207 1543 4277 ademari
1577 4207 1695 4294 posuit
1717 4207 1910 4276 mediatore
1944 4207 2055 4294 ipsius
2088 4209 2237 4277 iohanni
2262 4209 2442 4284 iohannes

596 4365 796 4436 monterese
820 4359 863 4428 de
894 4359 1008 4428 locum
1030 4362 1190 4474 pucerie
1221 4365 1258 4429 et
1281 4361 1401 4430 taliter
1435 4377 1498 4446 pro
1521 4363 1622 4448 parte
1647 4363 1759 4452 ipsius
1785 4361 1945 4430 ademari
1970 4343 2047 4428 unc*
2068 4361 2246 4447 scriptum
2276 4364 2439 4432 scribere

588 4511 747 4606 iacimus
770 4515 806 4581 ta
829 4521 954 4600 petrus
975 4515 1240 4600 protonotarius
1265 4518 1384 4583 actum
1408 4515 1516 4582 huius
1539 4517 1696 4584 nuceria.

639 4635 670 4752 †
695 4665 769 4751 Ego
792 4666 854 4751 qui
879 4682 990 4750 supra
1015 4665 1197 4734 riccardus
1221 4666 1330 4733 iudex

643 4789 673 4905 †
700 4819 772 4906 Ego
795 4819 856 4904 qui
882 4835 991 4905 supra
1017 4799 1177 4888 ademari
1201 4819 1320 4888 iudex.

634 5323 659 5405 ¹)
683 5324 761 5420 Cum
787 5325 900 5404 nequit
924 5325 1127 5386 adamussim
1152 5325 1318 5404 adsignari
1342 5324 1413 5386 dies
1428 5323 1517 5395 Iulii,
1541 5342 1605 5404 qua
1626 5295 1833 5386 Guaim'arius
1850 5324 2054 5406 Principatus
2077 5327 2228 5390 Surrenti
2251 5334 2441 5413 assumpsit,

593 5470 741 5532 eiusdem
777 5471 1012 5550 assumptionis
1037 5489 1144 5533 annus
1167 5475 1297 5550 poterat
1319 5468 1538 5532 diversimode
1562 5487 1581 5530 a
1602 5471 1739 5533 notariis
1769 5471 1946 5553 usurpari,
1972 5472 2110 5552 ideoque
2134 5477 2167 5537 in
2198 5477 2444 5560 chronologicis

594 5619 680 5680 notis
704 5625 738 5681 et
764 5620 881 5684 tertius
904 5619 955 5682 vel
980 5627 1115 5702 quartus
1138 5636 1243 5679 annus
1266 5617 1330 5679 dici
1354 5623 1471 5697 potest.
