5408 7108
615 457 683 528 188
1107 509 1109 512 .
1251 447 1434 522 CODEX
1466 447 1728 524 cavensis

565 686 658 752 sicut
681 683 782 750 nobis
806 699 1003 769 congruum
1019 683 1084 764 est,
1102 694 1191 745 vone
1207 680 1325 745 nostre
1349 673 1555 743 volumtatis
1578 679 1662 744 ante
1688 677 1869 767 presentia
1889 673 2078 761 grimoaldi
2102 677 2249 743 comitis
2265 677 2302 742 et
2324 673 2416 740 iudi·

566 834 623 918 ci,
647 835 768 902 tamen
792 849 858 918 ego
882 829 1053 899 iamdicta
1076 826 1205 895 mulier
1229 845 1292 914 per
1320 825 1507 894 bolumtute
1530 826 1678 913 predicti
1704 827 1772 894 viri
1788 829 1870 912 mei,
1885 826 2105 895 donavimus
2128 828 2194 894 tivi
2226 827 2344 892 vivoni
2367 825 2420 895 dli

566 985 659 1070 petri
683 985 759 1070 ipsa
781 984 884 1068 pecta
906 999 985 1049 cum
1012 981 1198 1048 insitetum
1222 996 1291 1065 que
1305 983 1359 1046 est
1385 997 1448 1066 per
1470 999 1510 1048 ec
1532 981 1616 1048 finis
1638 985 1674 1050 et
1697 981 1889 1049 mensuris:
1915 978 1958 1047 de
1985 977 2073 1065 pede
2095 981 2190 1064 passi
2215 977 2411 1046 duodecim:

566 1137 613 1203 ab
635 1135 815 1202 occidente
838 1136 910 1202 fine
932 1133 975 1202 de
992 1133 1115 1202 eredes
1137 1135 1211 1200 ursi
1236 1134 1318 1202 abio
1346 1137 1422 1208 tuo,
1449 1133 1531 1201 inde
1554 1134 1660 1220 pedes
1682 1133 1835 1220 triginta
1858 1131 2037 1218 qnadtuor
2055 1137 2091 1199 et
2107 1131 2276 1199 medium:
2300 1130 2344 1198 de
2365 1149 2422 1206 ca.

565 1291 639 1376 pite
663 1291 746 1358 abet
767 1306 887 1375 passos
910 1293 1000 1356 octo:
1025 1290 1070 1358 ab
1093 1290 1230 1357 oriente
1254 1286 1325 1354 line
1355 1289 1501 1356 iohanni
1529 1290 1729 1356 adrianensi
1759 1285 1856 1372 passi
1882 1287 2032 1372 triginta
2056 1288 2092 1352 et
2113 1289 2187 1372 tres
2211 1287 2411 1354 mensurati

565 1441 609 1510 ad
634 1444 727 1508 iusto
750 1458 864 1528 pass03
883 1460 946 1528 per
962 1392 1210 1528 suprascripte
1228 1440 1309 1506 linis
1332 1443 1369 1507 et
1391 1441 1573 1507 mensurio
1598 1439 1761 1506 inclitum
1786 1437 1866 1504 illut
1880 1439 1945 1505 tivi
1962 1437 2173 1505 tradidimus
2189 1455 2270 1503 curn
2294 1439 2414 1506 omnia

566 1591 661 1659 inira
677 1609 714 1659 se
729 1593 918 1662 edentibus
934 1597 971 1660 et
994 1595 1069 1659 suis
1084 1592 1313 1678 pertinentiis
1335 1595 1462 1658 etcum
1488 1592 1577 1658 vice
1599 1589 1642 1656 de
1658 1589 1718 1656 via
1740 1606 1818 1674 sua,
1843 1587 2043 1656 iaciendum
2060 1587 2190 1656 exinde
2205 1589 2326 1656 omnia
2341 1607 2417 1674 que

562 1742 762 1830 volueritis5
786 1747 821 1812 et
845 1762 909 1831 pro
932 1761 1000 1812 auc
1024 1745 1148 1812 nostra
1171 1715 1362 1811 donatione
1385 1743 1448 1809 tivi
1473 1741 1684 1810 firmandam
1708 1738 1883 1826 launegilt
1910 1743 1991 1808 ate
2007 1739 2090 1808 inde
2114 1741 2208 1808 iusta
2233 1739 2343 1826 legem
2368 1758 2423 1808 re-

566 1896 724 1982 cepimus
747 1895 828 1962 auri
855 1895 925 1960 tari
950 1893 1071 1962 decern
1106 1894 1144 1956 in
1179 1892 1295 1958 omnis
1323 1889 1590 1960 deliberatione.
1625 1891 1669 1959 de
1692 1909 1763 1976 qua
1787 1909 1850 1977 per
1874 1868 2151 1960 combenientia
2174 1909 2237 1958 nos
2262 1891 2421 1960 iamdicti

566 2047 659 2115 maio
676 2050 711 2113 et
726 2045 912 2130 rodelaita,
931 2047 1038 2112 viret
1056 2061 1145 2112 uxor
1169 2045 1330 2128 comites
1354 2044 1490 2130 guadia
1512 2046 1576 2111 tivi
1594 2046 1768 2112 nominati
1810 2045 1891 2110 vibo
1908 2043 2081 2131 dedimus,
2097 2048 2133 2113 et
2149 2043 2341 2113 mediatore
2355 2047 2420 2111 tivi

567 2201 748 2287 posuimus
771 2215 836 2264 nos
861 2199 926 2283 ipsi
951 2201 988 2265 et
1013 2199 1185 2264 iohannes
1208 2214 1402 2284 germanus
1426 2216 1535 2283 meus3
1552 2204 1588 2266 et
1612 2217 1674 2285 per
1699 2201 1776 2285 ipsa
1814 2200 1948 2286 guadia
1972 2199 2208 2286 obligavimus
2231 2205 2346 2269 noset
2361 2218 2422 2268 no·

566 2354 658 2419 siros
684 2349 807 2418 eredes
830 2368 969 2437 semper
992 2349 1246 2418 defensandum
1264 2351 1328 2414 tivi
1348 2351 1470 2434 tuique
1494 2349 1656 2418 eredibus
1674 2348 1805 2420 inclita
1820 2355 2062 2438 suprascripta
2084 2359 2206 2421 nostra
2229 2352 2421 2421 donatione

565 2499 613 2572 da
637 2501 707 2570 illis
729 2502 932 2569 bominibus
955 2505 990 2568 et
1015 2499 1177 2586 partibus
1200 2503 1260 2587 qui
1286 2517 1348 2586 pro
1372 2503 1503 2568 nostris
1528 2504 1686 2586 partibus
1711 2503 1765 2570 vel
1788 2503 1924 2590 datum,
1950 2523 2011 2572 seu
2035 2507 2150 2590 etqui
2189 2522 2253 2591 pro
2276 2522 2362 2590 pars
2384 2509 2419 2572 et

565 2653 688 2725 datum
711 2653 754 2721 de
778 2655 852 2739 ipso
875 2654 1037 2739 genitore
1060 2657 1096 2720 et
1118 2656 1300 2740 genetrice
1324 2671 1471 2740 meaque
1495 2653 1635 2721 mulieri
1661 2655 1906 2742 quodcumque
1937 2659 2164 2724 causationes
2206 2654 2287 2722 inde
2322 2657 2422 2722 vobis

567 2807 806 2892 preposuerit;
833 2803 876 2871 de
901 2801 963 2871 alii
987 2821 1070 2870 vero
1094 2805 1298 2870 hominibus
1320 2808 1355 2873 et
1371 2807 1531 2890 partibus
1555 2823 1616 2890 per
1640 2823 1699 2873 vos
1724 2806 1810 2894 ipsis
1840 2807 1921 2875 illut
1950 2809 2047 2874 vobis
2079 2807 2282 2893 defensate,
2306 2805 2421 2894 quali·

567 2959 624 3024 ter
649 2921 844 3042 volueritis,
870 2975 950 3022 cum
975 2957 1138 3024 omnibus
1168 2958 1369 3024 rationibus
1403 2975 1471 3043 que
1496 2958 1577 3026 inde
1600 2959 1784 3026 abueritis.
1819 2963 1904 3046 quot
1919 2963 1948 3026 si
1966 2963 2113 3028 minime
2137 2959 2218 3029 illut
2240 2961 2338 3028 vobis
2360 2960 2421 3029 do·

569 3111 711 3178 iensare
735 3109 966 3194 potuerimus,
992 3107 1190 3175 secundum
1216 3105 1330 3194 legem
1356 3107 1454 3175 vobis
1476 3109 1745 3198 adimpleamus,
1770 3115 1805 3179 et
1828 3114 1859 3179 si
1882 3113 1925 3180 de
1949 3115 2082 3199 omnia,
2100 3131 2169 3198 que
2183 3114 2346 3200 superius
2368 3110 2417 3182 le-

568 3265 681 3353 gitur,
707 3262 1048 3349 contradixerimus,
1075 3279 1284 3348 componere
1307 3263 1549 3348 obligavimus
1572 3281 1636 3330 nos
1664 3268 1698 3331 et
1723 3267 1856 3332 uostris
1878 3263 2042 3332 eredibus
2065 3267 2132 3332 tivi
2158 3267 2281 3352 tuique
2310 3267 2424 3335 eredi-

569 3417 635 3482 bus
670 3417 801 3503 biginti
826 3416 906 3484 auri
931 3413 1061 3482 solidos
1092 3417 1400 3484 constantinianos
1423 3419 1488 3502 et,
1513 3419 1607 3484 sicut
1630 3417 1763 3485 dictum
1786 3421 1840 3486 est
1854 3466 1864 3504 ‚
1888 3420 2010 3487 omnia
2042 3421 2287 3507 suprascripta
2323 3422 2421 3488 vobis

567 3569 837 3658 adimpleamus,
862 3575 898 3640 et
921 3569 1044 3639 taliter
1067 3572 1222 3638 scribere
1246 3572 1454 3658 rogavimus
1480 3573 1514 3638 te
1537 3571 1718 3640 dauferius
1740 3573 1916 3640 notarius.
1941 3575 2059 3640 actum
2082 3573 2235 3641 salerno.

614 3695 645 3811 †
672 3723 745 3809 Ego
769 3725 829 3809 qui
859 3741 967 3810 supra
990 3723 1160 3810 grimoalt
1184 3740 1302 3792 comes
1327 3727 1362 3792 et
1387 3723 1507 3791 iudex.

1255 4009 1679 4024 m

1351 4369 1619 4452 CMXGV·

1343 4664 1400 4738 A.
1428 4663 1484 4737 D.
1511 4663 1642 4738 1042.

615 4893 651 5034 †
676 4949 715 5013 ln
738 4946 883 5014 nomine
906 4947 1039 5014 domini
1064 4946 1229 5016 vicesimo
1251 4952 1379 5033 quarto
1414 4966 1509 5016 anno
1544 4947 1767 5036 principatus
1789 4951 1923 5022 salerni
1948 4953 2067 5024 domni
2090 4957 2202 5024 nostri
2225 4958 2409 5045 guaimari

567 5098 714 5188 gloriosi
738 5099 926 5187 principis,
944 5105 980 5168 et
997 5105 1127 5188 quarto
1149 5120 1245 5170 anno
1269 5101 1491 5189 principatus
1512 5104 1589 5172 eius
1613 5123 1725 5192 capue
1747 5111 1784 5173 et
1805 5105 1951 5176 ducatui
1975 5109 2107 5197 amalfi,
2131 5113 2167 5177 et
2183 5111 2289 5179 tertio
2312 5129 2410 5182 anno

569 5251 716 5324 ducatui
741 5251 842 5320 illius
871 5253 1042 5342 sirrenti,
1067 5259 1102 5324 et
1122 5256 1237 5342 primo
1259 5273 1356 5324 anno
1378 5255 1700 5342 suprascriptorum
1723 5256 1988 5344 principatuum
2011 5265 2047 5328 et
2070 5261 2264 5330 ducatuum
2288 5215 2416 5333 domni

567 5406 690 5496 gisulfi
714 5404 838 5474 eximii
855 5405 1030 5494 principis
1049 5411 1085 5476 et
1100 5405 1175 5475 dux
1191 5405 1264 5474 filio
1295 5405 1372 5476 eius
1389 5457 1399 5494 ,
1417 5423 1536 5475 mense
1553 5407 1703 5496 magius,
1736 5407 1881 5479 decima
1905 5409 2110 5480 indictione.
2133 5413 2420 5484 Memoratorium

566 5561 700 5626 iactum
724 5578 747 5628 a
770 5576 827 5626 me
849 5555 955 5644 praxi
981 5559 1158 5645 presbiter
1184 5561 1220 5627 et
1242 5560 1352 5627 abbas
1376 5563 1490 5626 rector
1516 5557 1689 5627 hecclesie
1708 5561 1824 5629 sancti
1849 5559 1980 5631 nicolai
2012 5561 2077 5649 qui
2100 5567 2343 5634 constructum
2365 5576 2421 5640 est

566 5711 604 5777 in
628 5711 743 5778 locum
770 5713 898 5799 beteri,
914 5714 974 5780 nbi
993 5711 1135 5800 proprio
1157 5712 1370 5799 gallucaniu
1393 5712 1542 5800 dicitur,
1568 5713 1806 5799 pertinentem
1822 5715 1997 5786 hecclesie
2013 5715 2088 5806 ipsa
2105 5677 2148 5786 de
2164 5719 2312 5790 heredes
2329 5720 2418 5791 lam·
