5402 7088
640 503 688 577 lo
1278 503 1456 579 OODEX
1489 505 1763 583 cavttltsts

594 730 759 799 nnaliter
781 730 918 801 iaciant
940 734 1033 802 scire
1055 749 1139 821 pars
1160 729 1275 821 ipsius
1296 731 1458 820 ecclesie,
1482 735 1525 803 ut
1541 703 1681 822 dirigat
1702 729 1835 804 ibidem
1859 730 2007 802 missum
2030 733 2067 802 et
2089 751 2170 801 cum
2193 731 2269 820 ipso
2299 729 2452 801 missum

598 879 764 952 dividant
788 880 866 971 ipse
888 883 1067 972 abelleno,
1090 887 1126 955 et
1151 882 1252 955 tollat
1275 883 1358 954 inde
1380 887 1526 956 tertiam
1550 889 1666 975 parte,
1689 889 1727 956 et
1750 885 1823 954 illis
1846 885 1902 956 vel
1925 885 1999 954 suis
2024 885 2190 954 eredibus
2220 884 2350 954 tollant
2378 881 2450 954 due

595 1039 728 1125 sortis,
752 1043 788 1107 et
809 1037 884 1125 ipso
907 1039 1053 1107 missum
1077 1041 1214 1110 notrire
1238 1041 1432 1111 secundum
1448 1058 1515 1109 sua
1530 1037 1813 1127 possivilitatem,
1831 1040 1868 1108 et
1883 1056 1952 1125 que
1967 1037 2092 1106 amodo
2107 1042 2143 1108 et
2165 1055 2303 1126 semper
2320 1035 2454 1107 ibidem

604 1192 875 1280 seminaberint,
900 1193 1009 1262 deant
1029 1147 1113 1262 inde
1136 1190 1183 1262 ad
1205 1211 1291 1279 pars
1314 1192 1427 1280 ipsius
1450 1191 1598 1263 ecclesie
1613 1191 1821 1264 annualiter
1849 1192 2061 1262 terraticum
2090 1191 2285 1263 secundum
2300 1205 2451 1260 consuc-

589 1349 752 1440 tudinem
774 1347 818 1416 de
841 1347 918 1433 ipso
943 1343 1072 1432 looum;
1097 1349 1134 1415 et
1155 1347 1262 1434 quale
1285 1349 1443 1435 tempore
1466 1346 1513 1418 da
1536 1348 1606 1432 ipsi
1629 1347 1925 1434 quedtuordocim
1947 1345 2036 1418 anni
2062 1348 2101 1416 in
2125 1349 2235 1418 antea
2269 1345 2347 1434 ipsa
2373 1347 2447 1415 tra·

589 1501 703 1572 dictio
724 1507 849 1570 tenere
872 1503 909 1568 et
932 1500 1097 1570 laborare
1120 1517 1190 1568 non
1215 1499 1410 1586 boluerint,
1434 1498 1560 1569 inclita
1577 1501 1656 1587 ipse
1672 1503 1778 1569 rebus
1793 1500 1957 1572 laborata
1975 1505 2012 1571 et
2033 1501 2169 1570 cultata
2192 1499 2381 1570 remittant
2395 1498 2442 1570 ad

587 1673 675 1742 pars
699 1653 813 1742 ipsius
837 1653 998 1724 ecclesio.
1026 1653 1120 1723 unde
1144 1672 1207 1741 pro
1229 1653 1353 1724 taliter
1377 1672 1439 1742 per
1462 1671 1555 1724 vona
1578 1654 1827 1724 convenientia
1851 1673 1914 1743 pro
1937 1673 2022 1744 pars
2044 1659 2081 1726 et
2103 1655 2179 1724 vice
2203 1655 2315 1742 ipsius
2331 1652 2442 1724 eccle-

587 1809 640 1880 sie
664 1809 798 1899 guadia
821 1810 925 1878 nobis
949 1809 962 1876 i
986 1827 1108 1878 omues
1130 1810 1327 1898 supradicti
1352 1809 1527 1879 dederunt
1549 1812 1586 1878 et
1607 1810 1831 1880 fideiussores
1861 1827 1926 1898 per
1948 1811 2069 1897 partes
2092 1809 2287 1898 placientes
2316 1825 2442 1897 posue-

587 1967 675 2032 runt
699 1981 737 2032 se
760 1963 868 2050 ipsis;
894 1967 931 2032 et
954 1982 1017 2050 per
1041 1961 1163 2032 cadom
1180 1962 1314 2049 guadio
1332 1959 1584 2050 obligaverunt
1606 1981 1644 2032 se
1666 1967 1703 2033 et
1719 1962 1793 2031 suis
1809 1963 1987 2050 eredibus,
2003 1963 2097 2050 quod
2122 1965 2153 2032 si
2179 1960 2300 2032 taliter
2316 1957 2439 2034 omnia

587 2117 832 2205 suprascripta
855 2135 918 2204 per
940 2119 1147 2205 supradicto
1171 2120 1326 2188 hordine
1344 2118 1389 2188 ad
1406 2137 1490 2206 pars
1506 2119 1620 2205 ipsius
1635 2115 1782 2187 ecclesie
1799 2135 1870 2185 non
1886 2116 2135 2206 adimpleverit
2148 2120 2185 2186 et
2200 2114 2332 2202 aliquit
2349 2113 2435 2184 iude

593 2271 869 2361 contradixerit,
893 2283 957 2361 pe'r
980 2277 1058 2362 ipsa
1081 2273 1217 2361 guadio
1240 2293 1304 2361 per
1329 2291 1420 2343 vona
1443 2273 1937 2359 cumvenientiacomponere
1960 2270 2215 2358 obligaverunt
2238 2289 2276 2339 sc
2298 2275 2335 2340 et
2358 2269 2438 2340 suis

588 2427 754 2495 eredibus
777 2427 823 2497 ad
849 2448 933 2515 pars
956 2427 1071 2515 ipsius
1094 2429 1242 2498 ecclesie
1258 2429 1414 2517 triginta
1431 2428 1513 2497 auri
1529 2425 1657 2495 solidos
1672 2423 1995 2514 constantinianus,
2011 2424 2103 2514 quod
2118 2423 2243 2511 scripsi
2273 2441 2340 2511 ego
2365 2459 2420 2509 m.

585 2577 748 2647 moaldus
771 2581 946 2648 notarius.

616 2707 667 2826 †
691 2735 766 2821 Ego
788 2734 950 2806 alderissi
976 2739 1138 2806 notarius
1161 2755 1216 2805 me
1240 2737 1437 2824 subscripsi
1509 2826 1512 2832 Ι

630 2863 661 2981 †
686 2893 760 2980 Ego
783 2891 946 2962 alderissi
970 2895 1133 2962 notarius
1160 2909 1216 2960 me
1242 2890 1453 2979 subscripsi.

1436 3470 1581 3554 GMI.

1359 3782 1417 3860 A.
1445 3780 1500 3858 n.
1531 3777 1654 3858 roas.

626 4071 898 4141 summarium:

587 4311 591 4318 Ι
623 4170 660 4312 †
684 4221 825 4292 Decimo
849 4225 974 4293 octavo
996 4239 1092 4294 anno
1115 4221 1340 4312 principatus
1355 4224 1553 4295 Guaimarii
1577 4223 1644 4293 dlii
1668 4225 1848 4312 quondam
1871 4224 2070 4298 Guaimarii
2094 4227 2286 4318 principis,
2312 4247 2434 4299 mense

577 4375 812 4464 «Decembri,
826 4384 958 4465 quarta
979 4377 1187 4448 Indictione.
1202 4379 1502 4446 Moutorotordum
1523 4378 1655 4474 lactum
1679 4381 1874 4450 alohanne
1896 4385 1932 4451 et
1954 4382 2060 4451 Petro
2082 4381 2226 4452 clericis
2250 4383 2431 4452 ministris

576 4527 788 4598 «ecclesiae
812 4529 933 4598 Sancti
957 4529 1132 4620 Maximi,
1161 4549 1283 4600 coram
1307 4530 1438 4600 Alterio
1461 4533 1592 4605 abbate
1624 4533 1783 4604 eiusdem
1805 4535 1953 4608 ecclesie
1977 4536 2134 4626 aliisque
2163 4539 2339 4628 testibuS,
2363 4558 2435 4629 quo

576 4680 858 4751 «avellanetum
882 4682 1069 4771 Nuceriae,
1087 4685 1147 4754 ubi
1172 4703 1197 4752 a
1219 4688 1258 4753 lu
1280 4685 1405 4754 Proto
1427 4686 1587 4766 dicitur,
1613 4687 1659 4757 ad
1683 4689 1878 4758 tenendum
1900 4695 1937 4762 et
1959 4691 2193 4762 excolendum
2215 4693 2423 4766 conceditur

575 4835 784 4903 «Ruscinio
807 4835 882 4902 filio
906 4797 1084 4920 quondam
1106 4838 1277 4906 Iohannis
1300 4843 1336 4907 et
1358 4841 1509 4908 Iohanni
1532 4841 1606 4910 lilio
1628 4842 1809 4929 quondam
1831 4843 1994 4913 Maranci
2017 4843 2063 4914 ad
2087 4861 2201 4914 annos
2224 4845 2344 4915 decem
2360 4865 2425 4934 pro

574 4997 776 5060 «consueto
800 4995 970 5064 terratico
993 4997 1029 5082 et
1051 4993 1161 5063 tertia
1185 4999 1288 5081 parte
1310 4995 1491 5064 fructuum
1516 4995 1720 5067 avellaneti.

619 5143 728 5214 Finis
753 5101 894 5214 temtus:
946 5231 947 5237 η

618 5301 712 5378 Quod
736 5302 861 5388 scripsi
886 5320 952 5390 ego
975 5302 1178 5374 romoaldus
1203 5307 1378 5375 notarius.

619 5423 651 5541 †
675 5455 750 5544 Ego
775 5453 948 5524 Alderissi
974 5458 1135 5526 notarius
1157 5477 1213 5526 me
1234 5458 1433 5527 subscribsi

617 5579 648 5696 †
673 5611 748 5698 Ego
772 5607 942 5679 Alderissi
966 5611 1130 5710 notarius
1152 5629 1209 5682 me
1230 5610 1441 5700 subscripsi.

1268 5901 1694 5928 -Ἶ-η--ι-
