5456 7096
1019 467 1432 544 nrrcouirrcus
1483 561 1489 570 „
1925 487 1926 490 κ
2065 465 2109 540 es

308 696 501 768 introitum
527 715 658 787 suum,
681 701 718 768 et
740 697 905 768 omnibus
928 699 995 766 sivi
1022 697 1297 786 pertinentibus,
1321 663 1369 783 et,
1395 675 1503 764 s'icuti
1531 692 1596 762 tibi
1622 692 1701 762 illos
1725 711 1787 781 per
1812 693 2074 780 suprascriptas
2096 709 2153 760 co·
2270 721 2284 732 .

309 850 500 921 herentias
524 854 756 940 exegregavi,
781 853 875 921 sicut
897 851 1060 940 superius
1084 851 1233 938 legitur,
1257 871 1278 919 a
1302 867 1358 918 me
1373 849 1440 918 tibi
1457 848 1505 918 sit
1520 847 1776 918 venumdatum
1792 852 1828 916 et
1846 845 2021 916 traditum
2036 844 2073 913 in
2089 847 2154 918 tua

310 1005 436 1094 tuique
460 1005 649 1074 heredibus
682 1007 891 1092 potestatem
926 1008 1133 1092 perpetuam
1157 1005 1287 1074 exinde
1311 1003 1427 1073 lacere
1452 1004 1648 1092 volueritis,
1675 1005 1825 1073 liberam
1852 1018 1991 1087 semper
2015 999 2154 1070 abeatis

312 1159 538 1246 potestatem;
564 1161 600 1226 et
622 1175 736 1244 neque
759 1177 782 1226 a
804 1175 861 1226 me
883 1157 1127 1244 suprascripta
1144 1159 1356 1246 heupraxia,
1374 1177 1443 1246 que
1459 1160 1625 1226 nominor
1642 1155 1876 1244 campanella,
1894 1174 2009 1242 neque
2025 1155 2149 1225 ameis
2231 1235 2237 1248 .

309 1311 514 1400 heredibus,
537 1329 605 1380 nec
628 1331 651 1380 a
673 1311 776 1380 nobis
798 1310 959 1399 personis
981 1311 1177 1378 summissis
1200 1310 1297 1379 nullo
1320 1316 1476 1399 tempore
1500 1329 1699 1416 numquam
1723 1316 1763 1380 tu
1786 1312 2028 1398 suprascripto
2057 1308 2154 1376 dom·

303 1483 353 1534 no
376 1465 550 1552 stephano
573 1468 637 1534 aut
659 1463 850 1533 heredibus
871 1465 956 1552 tuis,
980 1463 1073 1552 quod
1095 1463 1203 1552 absit,
1228 1465 1366 1534 abeatis
1389 1463 1520 1532 exinde
1545 1462 1737 1552 aliquando
1754 1480 1979 1551 quacumque
2003 1463 2158 1549 requisi-

305 1619 439 1688 tionem
473 1622 537 1687 aut
558 1616 733 1705 molestia,
758 1637 821 1705 per
845 1616 984 1685 nullum
1008 1618 1163 1706 modum,
1186 1636 1252 1687 nec
1275 1638 1338 1706 per
1361 1619 1560 1687 summissis
1583 1617 1760 1706 personis,
1786 1639 1808 1689 a
1830 1635 1929 1686 nunc
1953 1621 1988 1686 et
2013 1617 2051 1683 in
2074 1635 2153 1704 per·

302 1772 419 1860 petuis
444 1773 673 1859 temporibus
697 1773 847 1859 Insuper
869 1769 966 1841 omni
988 1775 1146 1859 tempore
1168 1790 1235 1860 ego
1258 1745 1294 1842 et
1317 1749 1508 1843 her'edibus
1531 1774 1642 1862 meis,
1678 1773 1744 1841 tibi
1770 1774 1895 1858 tuique
1930 1769 2149 1860 heredibus,

303 1925 438 1996 exinde
460 1926 506 1994 ab
530 1926 645 1994 omnis
667 1926 834 2014 omnique
856 1926 1019 2014 partibus
1042 1926 1081 1992 in
1105 1927 1270 1994 omnibus
1293 1931 1475 1997 antestare
1499 1931 1535 1995 et
1557 1927 1746 1995 defensare
1769 1925 1991 2011 debeamus,
2016 1926 2157 2011 propter

301 2077 395 2165 quod
418 2077 550 2148 exinde
574 2079 695 2166 accepi
719 2099 742 2148 a
765 2083 800 2149 te
824 2077 861 2146 in
886 2080 1059 2166 presentis
1082 2079 1173 2172 idest
1196 2081 1275 2148 auri
1300 2082 1372 2149 tari
1396 2079 1614 2166 quindecim,
1638 2080 1731 2148 sicut
1754 2047 1849 2148 inter¹
1881 2081 1983 2147 nobis
2015 2096 2154 2152 comve·
2228 2054 2231 2060 ⁵

300 2230 375 2318 nit3
402 2230 432 2298 si
457 2235 577 2301 autem
599 2247 666 2319 ego
688 2235 753 2300 aut
774 2231 963 2301 heredibus
985 2233 1077 2300 meis
1101 2231 1208 2301 aliter
1231 2231 1417 2301 fecerimus
1441 2233 1483 2301 de
1506 2235 1563 2302 his
1586 2234 1752 2303 omnibus
1776 2233 2057 2321 suprascriptis,
2089 2250 2152 2318 per

300 2380 429 2467 quobis
451 2379 594 2449 modum
618 2386 683 2450 aut
709 2381 907 2454 summissis
930 2384 1102 2471 personis
1127 2389 1214 2454 tunc
1236 2405 1405 2471 compono
1428 2407 1493 2475 ego
1517 2389 1554 2454 et
1576 2387 1742 2456 eredibus
1759 2387 1847 2455 meis
1872 2387 1939 2455 tibi
1956 2385 2079 2473 tuique
2095 2387 2159 2454 he·

299 2535 444 2604 redibus
468 2537 549 2606 auri
577 2535 709 2604 solidos
734 2537 919 2607 duodecim
941 2539 1154 2626 bytianteos,
1178 2545 1215 2608 et
1236 2543 1331 2608 hanc
1356 2540 1562 2612 chartulam
1586 2541 1828 2628 venditionis,
1854 2547 1893 2608 ut
1925 2559 2032 2626 super
2069 2539 2156 2628 legi·

300 2691 374 2777 tur,
398 2691 445 2758 sit
467 2689 573 2759 firma
601 2692 736 2777 scripta
758 2709 821 2778 per
844 2711 973 2760 manus
995 2694 1106 2780 sergii
1130 2694 1294 2780 primarii
1317 2714 1380 2782 per
1403 2697 1647 2789 suprascripta
1670 2696 1822 2783 septima
1846 2695 2053 2764 indictione.

345 2817 472 2933 †Hoc
495 2847 638 2935 signum
670 2864 798 2916 manus
825 2847 1089 2936 suprascriptae
1113 2849 1322 2935 eumpraxie
1346 2869 1414 2936 que
1438 2853 1645 2918 nominatur
1679 2848 1932 2937 campanella,
1962 2847 2056 2937 quod
2079 2865 2146 2938 ego
2246 2895 2254 2908 .

302 3015 366 3084 pro
388 3016 432 3068 ea
455 2997 650 3086 subscripsi
677 3005 712 3069 et
737 3003 970 3086 suprascripti
993 3003 1065 3070 tari
1089 3003 1242 3072 traditos
1271 3002 1356 3070 vidi.
1384 2973 1414 3090 †

350 3124 380 3241 †
404 3171 471 3240 ego
494 3153 548 3222 leo
571 3151 666 3221 filius
690 3151 810 3234 domni
834 3155 1002 3224 iohannis
1026 3159 1108 3226 testi
1131 3158 1324 3245 subscripsi
1348 3161 1384 3226 et
1408 3155 1644 3246 suprascripti
1669 3158 1740 3226 tari
1766 3155 1921 3226 traditos
1946 3155 2020 3238 bidi
2046 3129 2077 3245 †

345 3277 374 3394 †
399 3324 466 3395 ego
488 3307 651 3377 marinus
674 3309 772 3376 tilius
796 3309 916 3377 domni
939 3309 1106 3378 iohannis
1129 3311 1228 3378 testis
1246 3310 1437 3397 subscripsi
1452 3315 1488 3380 et
1503 3311 1737 3398 suprascripti
1756 3311 1827 3379 tari
1846 3311 1995 3380 traditos
2012 3309 2087 3378 bidi
2109 3281 2142 3398 †
2172 3339 2177 3346 ·

344 3431 375 3551 †
399 3462 474 3550 Ego
498 3460 551 3530 leo
575 3461 778 3530 tabularius
801 3465 901 3532 testis
923 3463 1117 3550 subscripsi
1139 3468 1175 3532 et
1198 3462 1432 3550 suprascripti
1457 3461 1529 3531 tari
1555 3462 1708 3530 traditos
1739 3463 1815 3530 vidi
1844 3435 1875 3552 †

345 3586 376 3702 †
399 3613 476 3702 Ego
500 3618 642 3704 sergius
665 3617 864 3703 primarius
886 3615 1055 3704 complevi
1079 3623 1114 3686 et
1136 3615 1270 3687 absolvi
1294 3635 1356 3704 per
1380 3617 1623 3705 suprascripta
1647 3621 1797 3706 septima
1821 3615 2027 3689 indictione.
2053 3591 2084 3707 †

1045 4173 1414 4260 GMXXXHI.
1468 4214 1474 4224 “

1071 4440 1129 4518 A.
1157 4440 1212 4518 D.
1243 4439 1369 4518 1038.

343 4641 379 4784 †
407 4697 447 4762 In
470 4697 615 4766 nomine
638 4692 772 4764 domini
797 4693 924 4763 domno
947 4694 1103 4780 michayl
1126 4695 1250 4765 dibina
1273 4697 1394 4784 gratia
1416 4699 1609 4784 imperator
1643 4699 1821 4786 augusto,
1854 4695 1918 4765 deo
1942 4695 2148 4787 propitius,

299 4847 426 4935 quinto
449 4853 572 4919 hanno
597 4849 742 4937 imperii
766 4850 856 4938 eius,
881 4868 1001 4920 mense
1022 4852 1207 4938 hoctuber,
1231 4851 1383 4939 septima
1406 4851 1615 4921 indictione.
1641 4851 1794 4939 ld'eoque
1832 4868 1898 4939 ego
1921 4851 1978 4920 vir
2002 4853 2145 4922 nomino

296 5006 447 5072 cotuneo
470 5003 566 5073 lilius
588 5005 768 5093 quondam
792 5003 995 5094 adelgrimi,
1019 5005 1081 5093 qui
1105 5022 1182 5084 sum
1206 4977 1475 5074 commorantes
1489 5005 1587 5074 intus
1621 5003 1766 5074 cibitate
1790 5002 1952 5092 luceria,
1987 5023 2028 5075 eo
2051 5004 2145 5093 quod

292 5157 393 5226 intus
416 5157 563 5228 cibitate
586 5158 735 5249 luceria,
761 5179 880 5231 coram
903 5125 1121 5250 presentiam
1145 5159 1300 5228 iohanne
1323 5157 1515 5246 magnifico
1540 5157 1658 5227 iudice
1681 5162 1717 5228 et
1740 5157 1825 5229 aliis
1850 5163 1952 5228 vonis
1991 5158 2145 5228 homini-

290 5311 371 5400 bus,
399 5311 461 5400 qui
484 5313 545 5382 hic
568 5317 695 5402 suptus
718 5313 910 5402 conscripti
933 5317 1045 5403 sunt,
1069 5313 1258 5385 clarelacio
1280 5313 1401 5402 enim,
1426 5311 1513 5401 quia
1536 5313 1773 5400 pertinentem
1799 5314 1910 5382 michi
1934 5314 2047 5384 habeo
2071 5331 2144 5384 una

290 5468 390 5553 petia
407 5467 566 5538 deterre
589 5467 787 5556 propinquo
810 5471 888 5556 ipsa
910 5467 1087 5538 hecclesia
1109 5469 1226 5537 sancti
1251 5470 1366 5537 iacobi
1391 5465 1557 5554 apostoli,
1581 5484 1651 5553 que
1674 5466 1825 5537 lundata
1840 5470 1894 5535 est
1917 5469 1953 5534 st
1976 5467 2144 5538 edificata

290 5621 329 5690 in
354 5621 431 5688 loco
453 5619 514 5708 qui
538 5620 671 5691 dicitur
694 5622 922 5712 lama-cupa,
958 5621 1018 5689 ubi
1042 5621 1168 5689 domno
1191 5620 1314 5690 franco
1338 5619 1557 5690 benerabilis
1592 5621 1703 5690 abbas
1738 5620 1899 5708 regimen
1937 5637 2011 5688 esse
2045 5619 2142 5692 vide·

288 5777 364 5863 tur,
392 5778 519 5862 etque
544 5773 699 5848 hisdiota
721 5780 820 5846 terra
843 5794 906 5864 per
930 5776 1023 5845 bona
1046 5792 1125 5845 mea
1148 5775 1346 5845 bulumtate
1370 5778 1406 5843 et
1430 5793 1492 5863 pro
1515 5775 1682 5846 mercede
1704 5779 1740 5845 et
1765 5773 1973 5845 redentione
1996 5773 2144 5846 hanime
