5408 7108
585 489 649 561 nc
786 573 796 594 ,
1218 457 1774 604 οορττοττττετε,
1875 589 1880 598 ,

533 713 706 801 palatium
730 719 889 789 cecidere
912 721 1101 806 devuerint
1115 776 1126 815 ,
1149 732 1186 796 et
1209 731 1240 798 si
1266 729 1363 801 inira
1390 734 1507 804 tribus
1535 739 1622 806 anni
1654 737 1692 806 in
1719 739 1799 827 ip'sa
1824 729 1923 810 terra
1950 741 2123 812 redierint
2147 749 2183 812 et
2206 744 2389 814 noluerint

535 863 616 937 illut
641 845 863 962 recolligere,
887 875 1099 960 potestatem
1123 881 1321 970 absentet
1345 887 1374 952 si
1399 887 1600 957 lavoratum
1626 891 1706 960 illut
1731 893 1948 981 inbenerint,
1967 893 2075 964 liceat
2097 894 2159 966 ille
2175 853 2235 984 qui
2260 915 2319 966 eos
2336 895 2387 968 la·-

532 1024 748 1112 voraverint,
773 1026 855 1132 inde
880 1031 1089 1119 recolligere
1115 1035 1190 1121 ipso
1205 1037 1379 1134 ,frudium
1396 1043 1471 1127 ipso
1488 1061 1585 1111 anno
1600 1049 1636 1114 et
1653 1044 1717 1133 sic,
1735 1051 1775 1116 ut
1792 1049 1897 1116 rebus
1913 1046 1991 1134 ipsa
2009 1048 2223 1137 recolligant
2241 1049 2280 1134 in
2296 1050 2386 1119 ianr-

530 1168 627 1243 dicta
643 1178 795 1246 ratione.
812 1181 860 1247 De
877 1200 949 1268 qua
967 1200 1029 1270 per
1045 1188 1308 1259 combenicntia
1323 1193 1466 1308 guadia,
1478 1197 1565 1264 mibi
1582 1201 1658 1284 ipse
1675 1201 1860 1286 lequinius
1875 1205 1911 1268 et
1927 1201 2038 1268 dissio
2055 1200 2243 1282 dederunt,
2262 1209 2298 1274 et
2315 1220 2394 1271 me·

530 1325 669 1396 diatore
692 1331 780 1398 mihi
806 1344 1001 1418 posuerunt
1024 1339 1150 1427 seipsis
1173 1362 1236 1428 per
1259 1347 1422 1431 apposita
1448 1347 1588 1416 illorum
1616 1349 1790 1439 pingnere
1819 1351 1980 1440 legitimo
2004 1359 2040 1422 et
2064 1303 2312 1443 inl⁸egittim03
2347 1361 2384 1426 et
2468 1339 2475 1352 ’

530 1496 592 1566 ρετ
617 1483 696 1567 ipsa
717 1485 853 1571 guadia
876 1488 1050 1577 obligavit
1073 1511 1111 1562 se
1136 1501 1171 1562 et
1195 1498 1269 1565 suis
1292 1500 1457 1568 eredibus
1471 1552 1481 1588 ,
1506 1507 1547 1570 ut
1570 1504 1601 1571 si
1626 1506 1748 1574 taliter
1772 1507 1894 1577 omnia
1918 1509 2164 1594 suprascripta
2188 1509 2291 1576 nobis
2328 1510 2387 1578 vel

529 1632 568 1698 in
593 1651 676 1717 pars
700 1634 812 1722 ipsius
834 1639 982 1710 ecclesie
1005 1663 1076 1712 non
1099 1643 1374 1736 adimpleverint
1399 1659 1435 1723 et
1462 1655 1592 1743 aliquit
1619 1656 1701 1726 inde
1725 1660 2035 1737 contradixerint,
2059 1679 2122 1748 per
2146 1661 2227 1748 ipsa
2248 1661 2387 1750 guadia

389 1829 392 1836 -
531 1801 741 1872 componere
764 1791 937 1878 obligavit
960 1815 998 1864 se
1022 1779 1306 1888 ipse'iaquintus
1329 1811 1365 1874 et
1386 1803 1469 1875 suos
1490 1808 1611 1877 eredes
1624 1860 1634 1897 ,
1658 1813 1695 1879 et
1719 1812 1793 1897 ipsc
1820 1811 1929 1879 dissic
1952 1816 1989 1880 et
2010 1828 2092 1879 suos
2115 1805 2386 1900 eredes‚'mihi

529 1941 583 2008 vel
607 1942 646 2009 in
671 1961 754 2030 pars
778 1947 890 2032 ipsius
913 1951 1072 2039 ecclesie,
1097 1939 1253 2043 triginta
1280 1959 1361 2028 auri
1385 1961 1514 2030 solidos
1537 1964 1770 2032 constantini.
1788 1965 1834 2032 Et
1851 1981 1920 2032 unc
1935 1965 2079 2033 brebem
2096 1964 2225 2033 scribsi
2242 1983 2309 2053 ego
2325 1975 2388 2054 pe·

529 2098 605 2164 trus
629 2102 807 2168 notarius.

575 2219 606 2336 †
631 2251 706 2337 Ego
729 2254 977 2340 maghenolsus
1000 2276 1056 2327 me
1079 2261 1271 2348 subscripsi

579 2374 610 2491 †
635 2403 710 2490 Ego
735 2399 838 2474 ursus
860 2427 916 2477 me
939 2412 1128 2498 subscripsi
1246 2407 1256 2422 “

1096 3087 1101 3098 ·
1225 3041 1678 3149 GMLXxme.

1300 3341 1359 3441 AL
1386 3365 1442 3442 D.
1474 3363 1601 3440 1042.

573 3590 674 3732 †ln
698 3648 841 3714 nomine
865 3647 1000 3717 domini
1024 3629 1197 3736 ¹vigesimo
1220 3655 1348 3738 quarto
1370 3671 1466 3722 anno
1492 3652 1717 3741 principatus
1745 3655 1880 3724 salerni
1907 3656 2028 3725 domni
2053 3659 2166 3726 nostri
2191 3659 2374 3732 Guaimari

488 3897 492 3904 Ι
526 3795 674 3881 gloriosi
691 3797 881 3886 principis,
900 3807 936 3869 et
952 3807 1080 3887 quarto
1096 3773 1192 3870 anno
1207 3764 1431 3910 principatus
1443 3807 1520 3874 eius
1536 3826 1659 3894 capue,
1684 3811 1720 3875 et
1736 3809 1842 3876 tertio
1858 3824 1953 3875 anno
1969 3779 2122 3877 ducatus
2139 3809 2236 3878 illius
2252 3811 2375 3881 amalfi

522 3953 559 4016 et
575 3949 744 4038 sorrenti,
760 3959 882 4020 mense
905 3955 1107 4041 ianuarius,
1125 3957 1264 4027 decima
1281 3959 1488 4029 indictione.
1507 3943 1797 4028 Menioratoriunn
1813 3960 1950 4030 sactum
1965 3979 1988 4029 a
2005 3963 2106 4028 nobis
2129 3961 2261 4030 cicirus
2277 3955 2373 4030 filius

399 4096 413 4126 ⁸
514 4104 708 4191 ,quondam
734 4105 880 4174 landoni
907 4155 1209 4179 .........
1235 4116 1271 4180 et
1294 4115 1461 4182 iohannis
1490 4113 1558 4181 filii
1586 4113 1762 4198 quondam
1786 4109 1955 4222 ,sinenoln
1984 4112 2163 4182 abitantes
2195 4115 2238 4182 de
2262 4115 2380 4183 locum

530 4261 689 4344 nucerio,
713 4258 764 4326 Eo
779 4260 872 4346 quod
887 4263 972 4330 ante
995 4265 1176 4349 presentia
1198 4264 1317 4332 domni
1342 4264 1460 4333 alserii
1484 4265 1681 4335 venerabili
1705 4263 1848 4332 diaconi
1866 4267 1902 4331 et
1917 4265 2197 4352 archipresbiter
2213 4273 2248 4334 et
2264 4267 2378 4336 abbas
2487 4293 2494 4304 ·

520 4411 668 4480 ecclesie
693 4415 810 4482 sancti
834 4415 998 4502 maximi,
1021 4421 1057 4484 et
1082 4416 1131 4484 ibi
1156 4417 1293 4487 adesset
1314 4419 1461 4506 ydoneis
1484 4420 1674 4506 ominibus,
1692 4437 1755 4506 per
1771 4419 1961 4507 largietate
1985 4418 2100 4506 ipsius
2115 4420 2234 4490 domni
2251 4419 2375 4490 alserii

520 4567 675 4655 abbatis,
692 4557 753 4656 q'ui
771 4561 825 4638 est
842 4587 954 4639 unum
977 4573 1021 4640 de
1044 4573 1191 4640 dominii
1217 4573 1328 4660 ipsius
1351 4574 1497 4642 ecclesie
1520 4555 1635 4642 sancti
1661 4573 1823 4660 maximi,
1840 4572 1991 4642 tradidit
2016 4575 2117 4642 nobis
2143 4577 2196 4643 leo
2221 4573 2378 4643 clericus

520 4723 679 4792 eiusdem
703 4723 850 4792 ecclesie
874 4727 980 4793 rebus
1002 4745 1081 4794 cum
1106 4727 1263 4795 arbustis
1287 4725 1409 4794 vitatis
1432 4726 1644 4811 pertinentis
1672 4725 1783 4808 ipsius
1814 4724 1986 4812 ecclesie,
2009 4723 2102 4811 quod
2125 4725 2210 4794 abet
2233 4725 2273 4791 in
2297 4726 2377 4812 ipso

524 4875 640 4942 locum
664 4871 840 4964 nucerio,
866 4877 924 4945 ubi
950 4877 996 4948 ad
1019 4883 1131 4947 terme
1154 4876 1301 4966 dicitur,
1325 4842 1515 4964 quod'ipse
1540 4875 1592 4946 leo
1614 4877 1766 4945 clericus
1789 4875 1828 4942 in
1851 4877 2063 4945 beneficium
2087 4875 2220 4945 retinet
2244 4895 2267 4945 a
2290 4893 2379 4964 pars

524 5027 638 5116 ipsius
662 5025 824 5116 ecclesie,
849 5029 942 5116 quod
966 5035 1019 5098 est
1041 5034 1117 5098 tota
1134 5031 1211 5116 ipsa
1226 5031 1332 5098 rebus
1345 5027 1411 5114 per
1428 4987 1469 5096 as
1484 5029 1574 5097 lines
1589 5033 1625 5096 et
1641 5029 1854 5099 mensurias.
1872 5032 1902 5098 A
1920 5047 2003 5116 pars
2020 4999 2285 5116 septemtrionis
2302 5029 2375 5098 line

520 5180 581 5249 bia
598 5180 781 5267 pubblica,
798 5185 883 5248 sunt
899 5181 982 5248 inde
999 5179 1242 5268 quadraginta
1258 5200 1322 5250 sex
1344 5186 1380 5249 et
1395 5181 1554 5248 cubitum
1579 5197 1702 5247 unum.
1721 5181 1870 5266 Aperte
1885 5181 2034 5249 orientis
2050 5179 2121 5248 fine
2137 5182 2244 5248 rebus
2260 5179 2380 5266 ipsius

519 5334 682 5421 ecclesie,
700 5305 794 5402 sicut
809 5334 924 5402 limite
942 5339 978 5401 et
993 5335 1130 5403 termiti
1147 5334 1332 5422 discernit,
1346 5335 1428 5402 inde
1444 5333 1540 5418 passi
1557 5333 1800 5420 quadraginta
1816 5335 1853 5399 et
1865 5325 2019 5400 medium
2036 5350 2194 5418 passum.
2211 5333 2257 5400 Et
2272 5330 2377 5400 abin·

485 5473 503 5538 ·⁴
521 5485 564 5554 de
579 5487 784 5556 rebolbente
801 5449 840 5556 in
858 5507 943 5575 pars
965 5487 1114 5557 orientis
1129 5507 1193 5573 per
1217 5489 1288 5556 dne
1313 5488 1423 5571 ipsius
1446 5486 1606 5574 ecclesie,
1622 5486 1715 5555 sicut
1739 5486 1854 5556 limite
1877 5491 1912 5555 et
1928 5485 2062 5554 termiti
2085 5483 2269 5573 discernit,
2287 5489 2371 5553 sunt

517 5640 605 5708 inde
628 5605 725 5727 passi
749 5642 902 5728 triginta
926 5640 1007 5708 duo.
1032 5641 1078 5709 Et
1101 5642 1231 5712 iterum
1256 5643 1456 5710 revolbente
1473 5641 1510 5709 in
1535 5643 1636 5729 parte
1659 5641 1808 5710 meridie
1832 5657 1895 5727 per
1912 5639 1983 5707 fine
2002 5637 2169 5707 similiter
2187 5611 2301 5724 ipsius
2317 5655 2379 5704 ec·

521 5792 642 5881 clesie,
666 5793 760 5863 sicut
783 5795 865 5862 inde
889 5799 949 5864 via
972 5799 1093 5866 antica
1116 5797 1291 5864 discernit
1313 5799 1349 5864 ct
1372 5795 1533 5865 ascendit
1555 5796 1602 5862 ab
1626 5795 1700 5864 alia
1725 5795 1829 5861 rebus
1854 5791 1966 5879 ipsius
1989 5789 2161 5878 ecclesie,
2184 5789 2247 5858 ubi
2273 5789 2379 5858 modo
