<?xml version="1.0" encoding="UTF-8"?>
<!DOCTYPE html PUBLIC "-//W3C//DTD XHTML 1.0 Transitional//EN"
    "http://www.w3.org/TR/xhtml1/DTD/xhtml1-transitional.dtd">
<html xmlns="http://www.w3.org/1999/xhtml" xml:lang="en" lang="en">
 <head>
  <title>
</title>
<meta http-equiv="Content-Type" content="text/html;charset=utf-8" />
  <meta name='ocr-system' content='tesseract 3.04.00' />
  <meta name='ocr-capabilities' content='ocr_page ocr_carea ocr_par ocr_line ocrx_word'/>
</head>
<body>
  <div class='ocr_page' id='page_1' title='image "./codexdiplomatic04aragoog_0188.png"; bbox 0 0 5456 7096; ppageno 0'>
   <div class='ocr_carea' id='block_1_1' title="bbox 601 496 1710 574">
    <p class='ocr_par' dir='ltr' id='par_1_1' title="bbox 601 496 1710 574">
     <span class='ocr_line' id='line_1_1' title="bbox 601 496 1710 574; baseline 0.004 -6"><span class='ocrx_word' id='word_1_1' title='bbox 601 496 669 568; x_wconf 80' lang='lat' dir='ltr'>lle</span> <span class='ocrx_word' id='word_1_2' title='bbox 1229 499 1404 574; x_wconf 87' lang='lat' dir='ltr'>CODEX</span> <span class='ocrx_word' id='word_1_3' title='bbox 1435 499 1710 574; x_wconf 81' lang='lat' dir='ltr'>cnvnllsls</span> 
     </span>
    </p>
   </div>
   <div class='ocr_carea' id='block_1_2' title="bbox 543 711 2399 2493">
    <p class='ocr_par' dir='ltr' id='par_1_2' title="bbox 543 711 2399 2493">
     <span class='ocr_line' id='line_1_2' title="bbox 543 711 2387 814; baseline 0.001 -26"><span class='ocrx_word' id='word_1_4' title='bbox 543 737 663 790; x_wconf 92' lang='lat' dir='ltr'>comes</span> <span class='ocrx_word' id='word_1_5' title='bbox 688 722 825 810; x_wconf 88' lang='lat' dir='ltr'>palatio</span> <span class='ocrx_word' id='word_1_6' title='bbox 849 725 926 793; x_wconf 84' lang='lat' dir='ltr'>thio</span> <span class='ocrx_word' id='word_1_7' title='bbox 948 730 1082 813; x_wconf 87' lang='lat' dir='ltr'>nostro,</span> <span class='ocrx_word' id='word_1_8' title='bbox 1106 729 1248 814; x_wconf 90' lang='lat' dir='ltr'>propter</span> <span class='ocrx_word' id='word_1_9' title='bbox 1271 711 1315 793; x_wconf 89' lang='lat' dir='ltr'>ad</span> <span class='ocrx_word' id='word_1_10' title='bbox 1339 725 1680 812; x_wconf 89' lang='lat' dir='ltr'>compreendendum</span> <span class='ocrx_word' id='word_1_11' title='bbox 1703 729 1739 794; x_wconf 88' lang='lat' dir='ltr'>et</span> <span class='ocrx_word' id='word_1_12' title='bbox 1763 724 2048 794; x_wconf 89' lang='lat' dir='ltr'>confirmandum</span> <span class='ocrx_word' id='word_1_13' title='bbox 2071 722 2164 792; x_wconf 88' lang='lat' dir='ltr'>inter</span> <span class='ocrx_word' id='word_1_14' title='bbox 2187 740 2250 791; x_wconf 90' lang='lat' dir='ltr'>nos</span> <span class='ocrx_word' id='word_1_15' title='bbox 2274 722 2316 790; x_wconf 91' lang='lat' dir='ltr'>de</span> <span class='ocrx_word' id='word_1_16' title='bbox 2334 741 2387 814; x_wconf 84' lang='lat' dir='ltr'>re·</span> 
     </span>
     <span class='ocr_line' id='line_1_3' title="bbox 546 877 2391 965; baseline 0.001 -22"><span class='ocrx_word' id='word_1_17' title='bbox 546 877 611 944; x_wconf 90' lang='lat' dir='ltr'>bns</span> <span class='ocrx_word' id='word_1_18' title='bbox 634 895 705 963; x_wconf 90' lang='lat' dir='ltr'>que</span> <span class='ocrx_word' id='word_1_19' title='bbox 728 880 875 946; x_wconf 84' lang='lat' dir='ltr'>abemus</span> <span class='ocrx_word' id='word_1_20' title='bbox 898 877 997 947; x_wconf 90' lang='lat' dir='ltr'>Ulter</span> <span class='ocrx_word' id='word_1_21' title='bbox 1020 879 1126 946; x_wconf 88' lang='lat' dir='ltr'>dubio</span> <span class='ocrx_word' id='word_1_22' title='bbox 1150 877 1247 965; x_wconf 89' lang='lat' dir='ltr'>siler,</span> <span class='ocrx_word' id='word_1_23' title='bbox 1273 878 1311 945; x_wconf 93' lang='lat' dir='ltr'>in</span> <span class='ocrx_word' id='word_1_24' title='bbox 1336 879 1449 946; x_wconf 93' lang='lat' dir='ltr'>locum</span> <span class='ocrx_word' id='word_1_25' title='bbox 1473 881 1534 948; x_wconf 91' lang='lat' dir='ltr'>ubi</span> <span class='ocrx_word' id='word_1_26' title='bbox 1557 880 1689 948; x_wconf 91' lang='lat' dir='ltr'>dicitur</span> <span class='ocrx_word' id='word_1_27' title='bbox 1705 880 1749 950; x_wconf 90' lang='lat' dir='ltr'>ad</span> <span class='ocrx_word' id='word_1_28' title='bbox 1765 878 1986 964; x_wconf 90' lang='lat' dir='ltr'>mercalellu,</span> <span class='ocrx_word' id='word_1_29' title='bbox 2001 896 2073 965; x_wconf 91' lang='lat' dir='ltr'>que</span> <span class='ocrx_word' id='word_1_30' title='bbox 2087 881 2171 945; x_wconf 90' lang='lat' dir='ltr'>sunt</span> <span class='ocrx_word' id='word_1_31' title='bbox 2185 879 2292 946; x_wconf 86' lang='lat' dir='ltr'>terris</span> <span class='ocrx_word' id='word_1_32' title='bbox 2308 895 2391 945; x_wconf 92' lang='lat' dir='ltr'>cnm</span> 
     </span>
     <span class='ocr_line' id='line_1_4' title="bbox 544 1029 2393 1121; baseline 0.001 -24"><span class='ocrx_word' id='word_1_33' title='bbox 544 1029 662 1098; x_wconf 91' lang='lat' dir='ltr'>bineis</span> <span class='ocrx_word' id='word_1_34' title='bbox 684 1035 720 1099; x_wconf 92' lang='lat' dir='ltr'>et</span> <span class='ocrx_word' id='word_1_35' title='bbox 743 1034 895 1101; x_wconf 92' lang='lat' dir='ltr'>baouum</span> <span class='ocrx_word' id='word_1_36' title='bbox 918 1039 954 1100; x_wconf 88' lang='lat' dir='ltr'>et</span> <span class='ocrx_word' id='word_1_37' title='bbox 977 1035 1091 1121; x_wconf 90' lang='lat' dir='ltr'>silbis,</span> <span class='ocrx_word' id='word_1_38' title='bbox 1114 1034 1213 1102; x_wconf 84' lang='lat' dir='ltr'>Unde</span> <span class='ocrx_word' id='word_1_39' title='bbox 1236 1052 1300 1120; x_wconf 91' lang='lat' dir='ltr'>per</span> <span class='ocrx_word' id='word_1_40' title='bbox 1325 1033 1399 1118; x_wconf 90' lang='lat' dir='ltr'>ipso</span> <span class='ocrx_word' id='word_1_41' title='bbox 1423 1032 1529 1100; x_wconf 82' lang='lat' dir='ltr'>lando</span> <span class='ocrx_word' id='word_1_42' title='bbox 1554 1033 1629 1099; x_wconf 94' lang='lat' dir='ltr'>thio</span> <span class='ocrx_word' id='word_1_43' title='bbox 1651 1034 1772 1098; x_wconf 92' lang='lat' dir='ltr'>nostro</span> <span class='ocrx_word' id='word_1_44' title='bbox 1796 1035 1879 1099; x_wconf 90' lang='lat' dir='ltr'>ante</span> <span class='ocrx_word' id='word_1_45' title='bbox 1903 1048 1941 1097; x_wconf 92' lang='lat' dir='ltr'>os</span> <span class='ocrx_word' id='word_1_46' title='bbox 1967 1047 2080 1099; x_wconf 90' lang='lat' dir='ltr'>annos</span> <span class='ocrx_word' id='word_1_47' title='bbox 2105 1031 2184 1116; x_wconf 88' lang='lat' dir='ltr'>ipsa</span> <span class='ocrx_word' id='word_1_48' title='bbox 2200 1031 2307 1096; x_wconf 89' lang='lat' dir='ltr'>rebus</span> <span class='ocrx_word' id='word_1_49' title='bbox 2324 1030 2393 1098; x_wconf 82' lang='lat' dir='ltr'>suit</span> 
     </span>
     <span class='ocr_line' id='line_1_5' title="bbox 544 1182 2393 1279; baseline 0.001 -29"><span class='ocrx_word' id='word_1_50' title='bbox 544 1182 663 1255; x_wconf 87' lang='lat' dir='ltr'>dibisa</span> <span class='ocrx_word' id='word_1_51' title='bbox 687 1207 768 1255; x_wconf 92' lang='lat' dir='ltr'>cum</span> <span class='ocrx_word' id='word_1_52' title='bbox 793 1189 946 1275; x_wconf 75' lang='lat' dir='ltr'>predicti</span> <span class='ocrx_word' id='word_1_53' title='bbox 971 1191 1133 1276; x_wconf 83' lang='lat' dir='ltr'>germani</span> <span class='ocrx_word' id='word_1_54' title='bbox 1160 1191 1229 1278; x_wconf 93' lang='lat' dir='ltr'>sui,</span> <span class='ocrx_word' id='word_1_55' title='bbox 1253 1196 1290 1259; x_wconf 88' lang='lat' dir='ltr'>et</span> <span class='ocrx_word' id='word_1_56' title='bbox 1314 1192 1397 1259; x_wconf 86' lang='lat' dir='ltr'>fecit</span> <span class='ocrx_word' id='word_1_57' title='bbox 1422 1193 1503 1260; x_wconf 92' lang='lat' dir='ltr'>inde</span> <span class='ocrx_word' id='word_1_58' title='bbox 1526 1197 1600 1260; x_wconf 91' lang='lat' dir='ltr'>tres</span> <span class='ocrx_word' id='word_1_59' title='bbox 1623 1192 1730 1260; x_wconf 92' lang='lat' dir='ltr'>sortis</span> <span class='ocrx_word' id='word_1_60' title='bbox 1747 1211 1810 1279; x_wconf 91' lang='lat' dir='ltr'>per</span> <span class='ocrx_word' id='word_1_61' title='bbox 1826 1192 1910 1259; x_wconf 82' lang='lat' dir='ltr'>linis</span> <span class='ocrx_word' id='word_1_62' title='bbox 1924 1195 1960 1259; x_wconf 89' lang='lat' dir='ltr'>et</span> <span class='ocrx_word' id='word_1_63' title='bbox 1976 1191 2171 1275; x_wconf 89' lang='lat' dir='ltr'>mensurie,</span> <span class='ocrx_word' id='word_1_64' title='bbox 2187 1186 2343 1274; x_wconf 77' lang='lat' dir='ltr'>qualiter</span> <span class='ocrx_word' id='word_1_65' title='bbox 2361 1188 2393 1252; x_wconf 92' lang='lat' dir='ltr'>ic</span> 
     </span>
     <span class='ocr_line' id='line_1_6' title="bbox 546 1337 2393 1429; baseline 0 -25"><span class='ocrx_word' id='word_1_66' title='bbox 546 1340 669 1408; x_wconf 82' lang='lat' dir='ltr'>subter</span> <span class='ocrx_word' id='word_1_67' title='bbox 692 1339 837 1426; x_wconf 88' lang='lat' dir='ltr'>legitur,</span> <span class='ocrx_word' id='word_1_68' title='bbox 863 1346 899 1409; x_wconf 89' lang='lat' dir='ltr'>et</span> <span class='ocrx_word' id='word_1_69' title='bbox 922 1359 984 1428; x_wconf 89' lang='lat' dir='ltr'>per</span> <span class='ocrx_word' id='word_1_70' title='bbox 1008 1349 1128 1429; x_wconf 87' lang='lat' dir='ltr'>partes</span> <span class='ocrx_word' id='word_1_71' title='bbox 1152 1343 1247 1410; x_wconf 88' lang='lat' dir='ltr'>inter</span> <span class='ocrx_word' id='word_1_72' title='bbox 1270 1362 1307 1411; x_wconf 92' lang='lat' dir='ltr'>se</span> <span class='ocrx_word' id='word_1_73' title='bbox 1333 1343 1414 1410; x_wconf 92' lang='lat' dir='ltr'>inde</span> <span class='ocrx_word' id='word_1_74' title='bbox 1430 1347 1743 1429; x_wconf 85' lang='lat' dir='ltr'>compreenserunt</span> <span class='ocrx_word' id='word_1_75' title='bbox 1758 1341 1899 1429; x_wconf 83' lang='lat' dir='ltr'>singule</span> <span class='ocrx_word' id='word_1_76' title='bbox 1916 1343 2022 1408; x_wconf 89' lang='lat' dir='ltr'>sortis</span> <span class='ocrx_word' id='word_1_77' title='bbox 2038 1345 2074 1408; x_wconf 92' lang='lat' dir='ltr'>et</span> <span class='ocrx_word' id='word_1_78' title='bbox 2091 1337 2393 1422; x_wconf 86' lang='lat' dir='ltr'>mensurabimus,</span> 
     </span>
     <span class='ocr_line' id='line_1_7' title="bbox 546 1490 2396 1581; baseline 0 -25"><span class='ocrx_word' id='word_1_79' title='bbox 546 1490 648 1557; x_wconf 92' lang='lat' dir='ltr'>modo</span> <span class='ocrx_word' id='word_1_80' title='bbox 672 1493 773 1576; x_wconf 92' lang='lat' dir='ltr'>prius</span> <span class='ocrx_word' id='word_1_81' title='bbox 799 1493 878 1578; x_wconf 88' lang='lat' dir='ltr'>ipsa</span> <span class='ocrx_word' id='word_1_82' title='bbox 904 1496 1063 1561; x_wconf 86' lang='lat' dir='ltr'>sortione</span> <span class='ocrx_word' id='word_1_83' title='bbox 1087 1495 1178 1580; x_wconf 92' lang='lat' dir='ltr'>quod</span> <span class='ocrx_word' id='word_1_84' title='bbox 1204 1513 1268 1562; x_wconf 92' lang='lat' dir='ltr'>nos</span> <span class='ocrx_word' id='word_1_85' title='bbox 1291 1495 1588 1581; x_wconf 89' lang='lat' dir='ltr'>compreensimns</span> <span class='ocrx_word' id='word_1_86' title='bbox 1603 1500 1639 1563; x_wconf 91' lang='lat' dir='ltr'>et</span> <span class='ocrx_word' id='word_1_87' title='bbox 1655 1497 1872 1563; x_wconf 85' lang='lat' dir='ltr'>retinemus:</span> <span class='ocrx_word' id='word_1_88' title='bbox 1890 1497 1991 1581; x_wconf 90' lang='lat' dir='ltr'>prius</span> <span class='ocrx_word' id='word_1_89' title='bbox 2008 1493 2090 1560; x_wconf 93' lang='lat' dir='ltr'>inde</span> <span class='ocrx_word' id='word_1_90' title='bbox 2107 1493 2396 1561; x_wconf 91' lang='lat' dir='ltr'>mensurabimus</span> 
     </span>
     <span class='ocr_line' id='line_1_8' title="bbox 545 1603 2395 1733; baseline 0.001 -24"><span class='ocrx_word' id='word_1_91' title='bbox 545 1643 623 1709; x_wconf 90' lang='lat' dir='ltr'>Una</span> <span class='ocrx_word' id='word_1_92' title='bbox 647 1641 748 1727; x_wconf 89' lang='lat' dir='ltr'>pecia</span> <span class='ocrx_word' id='word_1_93' title='bbox 771 1641 814 1709; x_wconf 92' lang='lat' dir='ltr'>de</span> <span class='ocrx_word' id='word_1_94' title='bbox 837 1645 935 1710; x_wconf 87' lang='lat' dir='ltr'>terra</span> <span class='ocrx_word' id='word_1_95' title='bbox 960 1646 1074 1712; x_wconf 14' lang='lat' dir='ltr'>pascua</span> <span class='ocrx_word' id='word_1_96' title='bbox 1097 1651 1133 1713; x_wconf 89' lang='lat' dir='ltr'>et</span> <span class='ocrx_word' id='word_1_97' title='bbox 1156 1652 1211 1712; x_wconf 87' lang='lat' dir='ltr'>est</span> <span class='ocrx_word' id='word_1_98' title='bbox 1233 1603 1295 1732; x_wconf 86' lang='lat' dir='ltr'>per</span> <span class='ocrx_word' id='word_1_99' title='bbox 1319 1645 1401 1712; x_wconf 82' lang='lat' dir='ltr'>linis</span> <span class='ocrx_word' id='word_1_100' title='bbox 1424 1651 1460 1714; x_wconf 91' lang='lat' dir='ltr'>et</span> <span class='ocrx_word' id='word_1_101' title='bbox 1483 1648 1685 1714; x_wconf 88' lang='lat' dir='ltr'>mensurie:</span> <span class='ocrx_word' id='word_1_102' title='bbox 1712 1667 1734 1716; x_wconf 92' lang='lat' dir='ltr'>a</span> <span class='ocrx_word' id='word_1_103' title='bbox 1757 1665 1841 1733; x_wconf 88' lang='lat' dir='ltr'>pars</span> <span class='ocrx_word' id='word_1_104' title='bbox 1863 1646 2060 1714; x_wconf 89' lang='lat' dir='ltr'>occidentis</span> <span class='ocrx_word' id='word_1_105' title='bbox 2084 1648 2156 1715; x_wconf 84' lang='lat' dir='ltr'>line</span> <span class='ocrx_word' id='word_1_106' title='bbox 2173 1647 2249 1731; x_wconf 91' lang='lat' dir='ltr'>ipsa</span> <span class='ocrx_word' id='word_1_107' title='bbox 2266 1646 2395 1711; x_wconf 90' lang='lat' dir='ltr'>sortio-</span> 
     </span>
     <span class='ocr_line' id='line_1_9' title="bbox 545 1791 2397 1887; baseline 0.005 -31"><span class='ocrx_word' id='word_1_108' title='bbox 545 1807 604 1878; x_wconf 89' lang='lat' dir='ltr'>ne,</span> <span class='ocrx_word' id='word_1_109' title='bbox 630 1791 723 1876; x_wconf 93' lang='lat' dir='ltr'>quod</span> <span class='ocrx_word' id='word_1_110' title='bbox 746 1793 822 1878; x_wconf 92' lang='lat' dir='ltr'>ipse</span> <span class='ocrx_word' id='word_1_111' title='bbox 846 1793 953 1861; x_wconf 93' lang='lat' dir='ltr'>lando</span> <span class='ocrx_word' id='word_1_112' title='bbox 976 1811 1091 1863; x_wconf 89' lang='lat' dir='ltr'>comes</span> <span class='ocrx_word' id='word_1_113' title='bbox 1114 1798 1341 1884; x_wconf 88' lang='lat' dir='ltr'>comprensit,</span> <span class='ocrx_word' id='word_1_114' title='bbox 1367 1799 1448 1865; x_wconf 90' lang='lat' dir='ltr'>inde</span> <span class='ocrx_word' id='word_1_115' title='bbox 1472 1804 1523 1867; x_wconf 89' lang='lat' dir='ltr'>est</span> <span class='ocrx_word' id='word_1_116' title='bbox 1548 1819 1610 1886; x_wconf 91' lang='lat' dir='ltr'>per</span> <span class='ocrx_word' id='word_1_117' title='bbox 1634 1800 1817 1887; x_wconf 87' lang='lat' dir='ltr'>longitudo</span> <span class='ocrx_word' id='word_1_118' title='bbox 1841 1801 1937 1886; x_wconf 87' lang='lat' dir='ltr'>passi</span> <span class='ocrx_word' id='word_1_119' title='bbox 1962 1800 2127 1868; x_wconf 87' lang='lat' dir='ltr'>duocenti</span> <span class='ocrx_word' id='word_1_120' title='bbox 2145 1804 2246 1868; x_wconf 88' lang='lat' dir='ltr'>octo:</span> <span class='ocrx_word' id='word_1_121' title='bbox 2273 1816 2397 1886; x_wconf 88' lang='lat' dir='ltr'>apars</span> 
     </span>
     <span class='ocr_line' id='line_1_10' title="bbox 545 1943 2395 2042; baseline 0.006 -34"><span class='ocrx_word' id='word_1_122' title='bbox 545 1943 811 2028; x_wconf 87' lang='lat' dir='ltr'>septemtrionis</span> <span class='ocrx_word' id='word_1_123' title='bbox 834 1944 904 2011; x_wconf 84' lang='lat' dir='ltr'>dne</span> <span class='ocrx_word' id='word_1_124' title='bbox 928 1945 1023 2030; x_wconf 90' lang='lat' dir='ltr'>pullo</span> <span class='ocrx_word' id='word_1_125' title='bbox 1047 1951 1082 2014; x_wconf 91' lang='lat' dir='ltr'>et</span> <span class='ocrx_word' id='word_1_126' title='bbox 1106 1947 1190 2035; x_wconf 85' lang='lat' dir='ltr'>lagu</span> <span class='ocrx_word' id='word_1_127' title='bbox 1213 1948 1371 2034; x_wconf 84' lang='lat' dir='ltr'>paulino,</span> <span class='ocrx_word' id='word_1_128' title='bbox 1398 1950 1480 2019; x_wconf 90' lang='lat' dir='ltr'>inde</span> <span class='ocrx_word' id='word_1_129' title='bbox 1503 1955 1587 2018; x_wconf 84' lang='lat' dir='ltr'>sunt</span> <span class='ocrx_word' id='word_1_130' title='bbox 1610 1953 1704 2038; x_wconf 85' lang='lat' dir='ltr'>passi</span> <span class='ocrx_word' id='word_1_131' title='bbox 1729 1957 1872 2020; x_wconf 90' lang='lat' dir='ltr'>centum</span> <span class='ocrx_word' id='word_1_132' title='bbox 1896 1953 2234 2042; x_wconf 87' lang='lat' dir='ltr'>quadragintaduo:</span> <span class='ocrx_word' id='word_1_133' title='bbox 2262 1956 2395 2040; x_wconf 80' lang='lat' dir='ltr'>Apars</span> 
     </span>
     <span class='ocr_line' id='line_1_11' title="bbox 546 2093 2397 2191; baseline 0.005 -31"><span class='ocrx_word' id='word_1_134' title='bbox 546 2093 695 2163; x_wconf 90' lang='lat' dir='ltr'>orientis</span> <span class='ocrx_word' id='word_1_135' title='bbox 730 2095 802 2165; x_wconf 88' lang='lat' dir='ltr'>fine</span> <span class='ocrx_word' id='word_1_136' title='bbox 838 2099 912 2184; x_wconf 91' lang='lat' dir='ltr'>ipso</span> <span class='ocrx_word' id='word_1_137' title='bbox 947 2097 1031 2184; x_wconf 89' lang='lat' dir='ltr'>lagu</span> <span class='ocrx_word' id='word_1_138' title='bbox 1055 2100 1229 2187; x_wconf 84' lang='lat' dir='ltr'>pauline,</span> <span class='ocrx_word' id='word_1_139' title='bbox 1255 2102 1337 2169; x_wconf 91' lang='lat' dir='ltr'>inde</span> <span class='ocrx_word' id='word_1_140' title='bbox 1360 2108 1443 2170; x_wconf 93' lang='lat' dir='ltr'>sunt</span> <span class='ocrx_word' id='word_1_141' title='bbox 1466 2104 1560 2189; x_wconf 91' lang='lat' dir='ltr'>passi</span> <span class='ocrx_word' id='word_1_142' title='bbox 1585 2109 1728 2172; x_wconf 86' lang='lat' dir='ltr'>centum</span> <span class='ocrx_word' id='word_1_143' title='bbox 1751 2106 1968 2191; x_wconf 80' lang='lat' dir='ltr'>sexaginta:</span> <span class='ocrx_word' id='word_1_144' title='bbox 1994 2126 2016 2172; x_wconf 88' lang='lat' dir='ltr'>a</span> <span class='ocrx_word' id='word_1_145' title='bbox 2042 2123 2126 2191; x_wconf 87' lang='lat' dir='ltr'>pars</span> <span class='ocrx_word' id='word_1_146' title='bbox 2159 2104 2308 2172; x_wconf 91' lang='lat' dir='ltr'>meridie</span> <span class='ocrx_word' id='word_1_147' title='bbox 2326 2104 2397 2171; x_wconf 86' lang='lat' dir='ltr'>dne</span> 
     </span>
     <span class='ocr_line' id='line_1_12' title="bbox 547 2248 2399 2343; baseline 0.004 -28"><span class='ocrx_word' id='word_1_148' title='bbox 547 2248 608 2316; x_wconf 90' lang='lat' dir='ltr'>bia</span> <span class='ocrx_word' id='word_1_149' title='bbox 644 2265 792 2317; x_wconf 89' lang='lat' dir='ltr'>comune</span> <span class='ocrx_word' id='word_1_150' title='bbox 828 2268 897 2337; x_wconf 90' lang='lat' dir='ltr'>que</span> <span class='ocrx_word' id='word_1_151' title='bbox 921 2249 1026 2318; x_wconf 86' lang='lat' dir='ltr'>bedid</span> <span class='ocrx_word' id='word_1_152' title='bbox 1051 2253 1095 2319; x_wconf 88' lang='lat' dir='ltr'>ad</span> <span class='ocrx_word' id='word_1_153' title='bbox 1120 2253 1195 2338; x_wconf 90' lang='lat' dir='ltr'>ipso</span> <span class='ocrx_word' id='word_1_154' title='bbox 1220 2251 1327 2341; x_wconf 88' lang='lat' dir='ltr'>lagu,</span> <span class='ocrx_word' id='word_1_155' title='bbox 1366 2254 1447 2321; x_wconf 89' lang='lat' dir='ltr'>inde</span> <span class='ocrx_word' id='word_1_156' title='bbox 1470 2259 1554 2322; x_wconf 86' lang='lat' dir='ltr'>sunt</span> <span class='ocrx_word' id='word_1_157' title='bbox 1577 2257 1670 2342; x_wconf 87' lang='lat' dir='ltr'>passi</span> <span class='ocrx_word' id='word_1_158' title='bbox 1693 2263 1836 2325; x_wconf 91' lang='lat' dir='ltr'>centum</span> <span class='ocrx_word' id='word_1_159' title='bbox 1860 2258 2071 2343; x_wconf 84' lang='lat' dir='ltr'>octuaginta</span> <span class='ocrx_word' id='word_1_160' title='bbox 2095 2256 2298 2343; x_wconf 87' lang='lat' dir='ltr'>quadtuor:</span> <span class='ocrx_word' id='word_1_161' title='bbox 2326 2257 2399 2326; x_wconf 91' lang='lat' dir='ltr'>ista</span> 
     </span>
     <span class='ocr_line' id='line_1_13' title="bbox 549 2403 2398 2493; baseline 0.002 -24"><span class='ocrx_word' id='word_1_162' title='bbox 549 2404 651 2486; x_wconf 83' lang='lat' dir='ltr'>pecie</span> <span class='ocrx_word' id='word_1_163' title='bbox 673 2408 727 2471; x_wconf 91' lang='lat' dir='ltr'>est</span> <span class='ocrx_word' id='word_1_164' title='bbox 750 2411 850 2472; x_wconf 89' lang='lat' dir='ltr'>terra</span> <span class='ocrx_word' id='word_1_165' title='bbox 873 2422 952 2471; x_wconf 89' lang='lat' dir='ltr'>cnm</span> <span class='ocrx_word' id='word_1_166' title='bbox 978 2403 1085 2472; x_wconf 89' lang='lat' dir='ltr'>binea</span> <span class='ocrx_word' id='word_1_167' title='bbox 1108 2407 1145 2471; x_wconf 86' lang='lat' dir='ltr'>et</span> <span class='ocrx_word' id='word_1_168' title='bbox 1168 2405 1332 2473; x_wconf 88' lang='lat' dir='ltr'>becuum.</span> <span class='ocrx_word' id='word_1_169' title='bbox 1359 2406 1424 2472; x_wconf 89' lang='lat' dir='ltr'>Seu</span> <span class='ocrx_word' id='word_1_170' title='bbox 1448 2410 1483 2475; x_wconf 85' lang='lat' dir='ltr'>et</span> <span class='ocrx_word' id='word_1_171' title='bbox 1506 2407 1792 2474; x_wconf 84' lang='lat' dir='ltr'>mensurabimus</span> <span class='ocrx_word' id='word_1_172' title='bbox 1826 2407 1900 2475; x_wconf 89' lang='lat' dir='ltr'>alia</span> <span class='ocrx_word' id='word_1_173' title='bbox 1930 2410 2033 2493; x_wconf 85' lang='lat' dir='ltr'>pecie</span> <span class='ocrx_word' id='word_1_174' title='bbox 2054 2407 2097 2475; x_wconf 93' lang='lat' dir='ltr'>de</span> <span class='ocrx_word' id='word_1_175' title='bbox 2121 2413 2219 2476; x_wconf 87' lang='lat' dir='ltr'>terra</span> <span class='ocrx_word' id='word_1_176' title='bbox 2242 2425 2323 2474; x_wconf 90' lang='lat' dir='ltr'>cum</span> <span class='ocrx_word' id='word_1_177' title='bbox 2348 2406 2398 2474; x_wconf 94' lang='lat' dir='ltr'>bi·</span> 
     </span>
    </p>
   </div>
   <div class='ocr_carea' id='block_1_3' title="bbox 548 2558 2394 2648">
    <p class='ocr_par' dir='ltr' id='par_1_3' title="bbox 548 2558 2394 2648">
     <span class='ocr_line' id='line_1_14' title="bbox 548 2558 2394 2648; baseline 0.002 -26"><span class='ocrx_word' id='word_1_178' title='bbox 548 2572 619 2626; x_wconf 88' lang='lat' dir='ltr'>nea</span> <span class='ocrx_word' id='word_1_179' title='bbox 659 2561 695 2626; x_wconf 88' lang='lat' dir='ltr'>et</span> <span class='ocrx_word' id='word_1_180' title='bbox 733 2559 897 2626; x_wconf 90' lang='lat' dir='ltr'>bacuum.</span> <span class='ocrx_word' id='word_1_181' title='bbox 923 2558 989 2626; x_wconf 87' lang='lat' dir='ltr'>Seu</span> <span class='ocrx_word' id='word_1_182' title='bbox 1014 2563 1049 2626; x_wconf 89' lang='lat' dir='ltr'>et</span> <span class='ocrx_word' id='word_1_183' title='bbox 1072 2561 1358 2627; x_wconf 90' lang='lat' dir='ltr'>mensurabimus</span> <span class='ocrx_word' id='word_1_184' title='bbox 1382 2558 1455 2628; x_wconf 88' lang='lat' dir='ltr'>alia</span> <span class='ocrx_word' id='word_1_185' title='bbox 1480 2561 1579 2648; x_wconf 86' lang='lat' dir='ltr'>pecie</span> <span class='ocrx_word' id='word_1_186' title='bbox 1602 2561 1764 2629; x_wconf 85' lang='lat' dir='ltr'>deterre</span> <span class='ocrx_word' id='word_1_187' title='bbox 1787 2579 1868 2628; x_wconf 91' lang='lat' dir='ltr'>cum</span> <span class='ocrx_word' id='word_1_188' title='bbox 1894 2561 2000 2629; x_wconf 90' lang='lat' dir='ltr'>binea</span> <span class='ocrx_word' id='word_1_189' title='bbox 2023 2560 2114 2646; x_wconf 93' lang='lat' dir='ltr'>quod</span> <span class='ocrx_word' id='word_1_190' title='bbox 2140 2561 2337 2630; x_wconf 89' lang='lat' dir='ltr'>retinemus</span> <span class='ocrx_word' id='word_1_191' title='bbox 2356 2561 2394 2626; x_wconf 93' lang='lat' dir='ltr'>in</span> 
     </span>
    </p>
   </div>
   <div class='ocr_carea' id='block_1_4' title="bbox 549 2710 2475 2802">
    <p class='ocr_par' dir='ltr' id='par_1_4' title="bbox 549 2710 2475 2802">
     <span class='ocr_line' id='line_1_15' title="bbox 549 2710 2475 2802; baseline 0.002 -23"><span class='ocrx_word' id='word_1_192' title='bbox 549 2711 670 2779; x_wconf 90' lang='lat' dir='ltr'>eodem</span> <span class='ocrx_word' id='word_1_193' title='bbox 706 2710 806 2798; x_wconf 91' lang='lat' dir='ltr'>loco,</span> <span class='ocrx_word' id='word_1_194' title='bbox 845 2719 882 2780; x_wconf 88' lang='lat' dir='ltr'>et</span> <span class='ocrx_word' id='word_1_195' title='bbox 916 2716 970 2779; x_wconf 87' lang='lat' dir='ltr'>est</span> <span class='ocrx_word' id='word_1_196' title='bbox 1003 2730 1066 2799; x_wconf 86' lang='lat' dir='ltr'>per</span> <span class='ocrx_word' id='word_1_197' title='bbox 1102 2711 1184 2778; x_wconf 85' lang='lat' dir='ltr'>finis</span> <span class='ocrx_word' id='word_1_198' title='bbox 1217 2718 1253 2780; x_wconf 91' lang='lat' dir='ltr'>et</span> <span class='ocrx_word' id='word_1_199' title='bbox 1286 2715 1492 2781; x_wconf 91' lang='lat' dir='ltr'>mensurie:</span> <span class='ocrx_word' id='word_1_200' title='bbox 1529 2735 1658 2802; x_wconf 85' lang='lat' dir='ltr'>apars</span> <span class='ocrx_word' id='word_1_201' title='bbox 1681 2717 1873 2785; x_wconf 90' lang='lat' dir='ltr'>occidentis</span> <span class='ocrx_word' id='word_1_202' title='bbox 1896 2719 1966 2785; x_wconf 89' lang='lat' dir='ltr'>line</span> <span class='ocrx_word' id='word_1_203' title='bbox 1989 2721 2087 2786; x_wconf 91' lang='lat' dir='ltr'>terra</span> <span class='ocrx_word' id='word_1_204' title='bbox 2111 2735 2194 2784; x_wconf 91' lang='lat' dir='ltr'>oum</span> <span class='ocrx_word' id='word_1_205' title='bbox 2223 2716 2332 2783; x_wconf 87' lang='lat' dir='ltr'>binea</span> <span class='ocrx_word' id='word_1_206' title='bbox 2355 2713 2399 2783; x_wconf 93' lang='lat' dir='ltr'>de</span> <span class='ocrx_word' id='word_1_207' title='bbox 2466 2757 2475 2770; x_wconf 93' lang='lat'><strong>·</strong></span> 
     </span>
    </p>
   </div>
   <div class='ocr_carea' id='block_1_5' title="bbox 549 2863 2416 5706">
    <p class='ocr_par' dir='ltr' id='par_1_5' title="bbox 549 2863 2416 5706">
     <span class='ocr_line' id='line_1_16' title="bbox 549 2863 2398 2955; baseline 0 -23"><span class='ocrx_word' id='word_1_208' title='bbox 549 2866 710 2932; x_wconf 90' lang='lat' dir='ltr'>sortione</span> <span class='ocrx_word' id='word_1_209' title='bbox 735 2863 847 2950; x_wconf 93' lang='lat' dir='ltr'>ipsius</span> <span class='ocrx_word' id='word_1_210' title='bbox 871 2864 1014 2933; x_wconf 89' lang='lat' dir='ltr'>landoni</span> <span class='ocrx_word' id='word_1_211' title='bbox 1039 2864 1174 2952; x_wconf 90' lang='lat' dir='ltr'>comiti,</span> <span class='ocrx_word' id='word_1_212' title='bbox 1200 2866 1282 2936; x_wconf 90' lang='lat' dir='ltr'>inde</span> <span class='ocrx_word' id='word_1_213' title='bbox 1305 2871 1389 2934; x_wconf 90' lang='lat' dir='ltr'>sunt</span> <span class='ocrx_word' id='word_1_214' title='bbox 1412 2867 1506 2953; x_wconf 89' lang='lat' dir='ltr'>passi</span> <span class='ocrx_word' id='word_1_215' title='bbox 1531 2869 1660 2954; x_wconf 91' lang='lat' dir='ltr'>viginti</span> <span class='ocrx_word' id='word_1_216' title='bbox 1684 2868 1776 2936; x_wconf 90' lang='lat' dir='ltr'>duo:</span> <span class='ocrx_word' id='word_1_217' title='bbox 1803 2888 1826 2937; x_wconf 87' lang='lat' dir='ltr'>a</span> <span class='ocrx_word' id='word_1_218' title='bbox 1849 2887 1931 2955; x_wconf 92' lang='lat' dir='ltr'>pars</span> <span class='ocrx_word' id='word_1_219' title='bbox 1949 2867 2096 2936; x_wconf 90' lang='lat' dir='ltr'>meridie</span> <span class='ocrx_word' id='word_1_220' title='bbox 2107 2867 2183 2934; x_wconf 80' lang='lat' dir='ltr'>&#39;dne</span> <span class='ocrx_word' id='word_1_221' title='bbox 2201 2871 2300 2934; x_wconf 90' lang='lat' dir='ltr'>terra</span> <span class='ocrx_word' id='word_1_222' title='bbox 2316 2884 2398 2932; x_wconf 93' lang='lat' dir='ltr'>cum</span> 
     </span>
     <span class='ocr_line' id='line_1_17' title="bbox 552 3017 2398 3109; baseline 0 -24"><span class='ocrx_word' id='word_1_223' title='bbox 552 3019 660 3088; x_wconf 88' lang='lat' dir='ltr'>binca</span> <span class='ocrx_word' id='word_1_224' title='bbox 683 3017 726 3086; x_wconf 87' lang='lat' dir='ltr'>dc</span> <span class='ocrx_word' id='word_1_225' title='bbox 749 3019 907 3086; x_wconf 90' lang='lat' dir='ltr'>sortione</span> <span class='ocrx_word' id='word_1_226' title='bbox 931 3019 1046 3105; x_wconf 88' lang='lat' dir='ltr'>ipsius</span> <span class='ocrx_word' id='word_1_227' title='bbox 1070 3019 1214 3087; x_wconf 84' lang='lat' dir='ltr'>landoni</span> <span class='ocrx_word' id='word_1_228' title='bbox 1242 3020 1316 3087; x_wconf 87' lang='lat' dir='ltr'>thio</span> <span class='ocrx_word' id='word_1_229' title='bbox 1340 3025 1471 3107; x_wconf 87' lang='lat' dir='ltr'>nostre,</span> <span class='ocrx_word' id='word_1_230' title='bbox 1497 3021 1580 3089; x_wconf 92' lang='lat' dir='ltr'>inde</span> <span class='ocrx_word' id='word_1_231' title='bbox 1603 3024 1685 3090; x_wconf 87' lang='lat' dir='ltr'>suni</span> <span class='ocrx_word' id='word_1_232' title='bbox 1709 3023 1803 3109; x_wconf 88' lang='lat' dir='ltr'>pessi</span> <span class='ocrx_word' id='word_1_233' title='bbox 1829 3020 1983 3107; x_wconf 85' lang='lat' dir='ltr'>triginta</span> <span class='ocrx_word' id='word_1_234' title='bbox 2006 3039 2093 3088; x_wconf 84' lang='lat' dir='ltr'>sex:</span> <span class='ocrx_word' id='word_1_235' title='bbox 2130 3041 2153 3088; x_wconf 92' lang='lat' dir='ltr'>a</span> <span class='ocrx_word' id='word_1_236' title='bbox 2176 3037 2259 3104; x_wconf 87' lang='lat' dir='ltr'>pers</span> <span class='ocrx_word' id='word_1_237' title='bbox 2282 3022 2398 3086; x_wconf 92' lang='lat' dir='ltr'>orien-</span> 
     </span>
     <span class='ocr_line' id='line_1_18' title="bbox 552 3149 2402 3259; baseline -0.002 -21"><span class='ocrx_word' id='word_1_238' title='bbox 552 3169 598 3238; x_wconf 90' lang='lat' dir='ltr'>tis</span> <span class='ocrx_word' id='word_1_239' title='bbox 622 3170 789 3238; x_wconf 89' lang='lat' dir='ltr'>similiter</span> <span class='ocrx_word' id='word_1_240' title='bbox 812 3149 883 3237; x_wconf 84' lang='lat' dir='ltr'>fine</span> <span class='ocrx_word' id='word_1_241' title='bbox 910 3170 1022 3255; x_wconf 91' lang='lat' dir='ltr'>ipsius</span> <span class='ocrx_word' id='word_1_242' title='bbox 1045 3169 1190 3238; x_wconf 83' lang='lat' dir='ltr'>landoni</span> <span class='ocrx_word' id='word_1_243' title='bbox 1215 3170 1348 3258; x_wconf 89' lang='lat' dir='ltr'>comiti,</span> <span class='ocrx_word' id='word_1_244' title='bbox 1373 3170 1455 3238; x_wconf 88' lang='lat' dir='ltr'>inde</span> <span class='ocrx_word' id='word_1_245' title='bbox 1478 3177 1563 3240; x_wconf 92' lang='lat' dir='ltr'>sunt</span> <span class='ocrx_word' id='word_1_246' title='bbox 1587 3175 1681 3259; x_wconf 87' lang='lat' dir='ltr'>passi</span> <span class='ocrx_word' id='word_1_247' title='bbox 1706 3171 1915 3240; x_wconf 89' lang='lat' dir='ltr'>duodecim:</span> <span class='ocrx_word' id='word_1_248' title='bbox 1942 3188 2064 3258; x_wconf 88' lang='lat' dir='ltr'>epars</span> <span class='ocrx_word' id='word_1_249' title='bbox 2079 3168 2344 3258; x_wconf 86' lang='lat' dir='ltr'>septemtrionis</span> <span class='ocrx_word' id='word_1_250' title='bbox 2361 3170 2402 3237; x_wconf 86' lang='lat' dir='ltr'>fi-</span> 
     </span>
     <span class='ocr_line' id='line_1_19' title="bbox 552 3321 2403 3414; baseline 0.001 -24"><span class='ocrx_word' id='word_1_251' title='bbox 552 3340 598 3390; x_wconf 89' lang='lat' dir='ltr'>ne</span> <span class='ocrx_word' id='word_1_252' title='bbox 624 3324 701 3410; x_wconf 89' lang='lat' dir='ltr'>ipsa</span> <span class='ocrx_word' id='word_1_253' title='bbox 724 3323 784 3392; x_wconf 91' lang='lat' dir='ltr'>bia</span> <span class='ocrx_word' id='word_1_254' title='bbox 807 3340 968 3409; x_wconf 90' lang='lat' dir='ltr'>comune,</span> <span class='ocrx_word' id='word_1_255' title='bbox 992 3342 1062 3409; x_wconf 90' lang='lat' dir='ltr'>que</span> <span class='ocrx_word' id='word_1_256' title='bbox 1086 3323 1185 3392; x_wconf 88' lang='lat' dir='ltr'>badit</span> <span class='ocrx_word' id='word_1_257' title='bbox 1209 3321 1307 3392; x_wconf 83' lang='lat' dir='ltr'>iusto&#39;</span> <span class='ocrx_word' id='word_1_258' title='bbox 1325 3324 1430 3393; x_wconf 85' lang='lat' dir='ltr'>dubio</span> <span class='ocrx_word' id='word_1_259' title='bbox 1454 3325 1565 3412; x_wconf 89' lang='lat' dir='ltr'>siler,</span> <span class='ocrx_word' id='word_1_260' title='bbox 1590 3331 1675 3394; x_wconf 91' lang='lat' dir='ltr'>sunt</span> <span class='ocrx_word' id='word_1_261' title='bbox 1700 3327 1782 3395; x_wconf 91' lang='lat' dir='ltr'>inde</span> <span class='ocrx_word' id='word_1_262' title='bbox 1806 3328 1900 3414; x_wconf 90' lang='lat' dir='ltr'>passi</span> <span class='ocrx_word' id='word_1_263' title='bbox 1924 3326 2078 3413; x_wconf 89' lang='lat' dir='ltr'>triginta</span> <span class='ocrx_word' id='word_1_264' title='bbox 2100 3341 2176 3392; x_wconf 85' lang='lat' dir='ltr'>sex.</span> <span class='ocrx_word' id='word_1_265' title='bbox 2202 3322 2285 3392; x_wconf 86' lang='lat' dir='ltr'>Alia</span> <span class='ocrx_word' id='word_1_266' title='bbox 2301 3323 2403 3408; x_wconf 88' lang='lat' dir='ltr'>pecia</span> 
     </span>
     <span class='ocr_line' id='line_1_20' title="bbox 555 3475 2405 3566; baseline 0.001 -24"><span class='ocrx_word' id='word_1_267' title='bbox 555 3475 598 3544; x_wconf 91' lang='lat' dir='ltr'>de</span> <span class='ocrx_word' id='word_1_268' title='bbox 623 3480 723 3545; x_wconf 83' lang='lat' dir='ltr'>terra</span> <span class='ocrx_word' id='word_1_269' title='bbox 746 3495 825 3544; x_wconf 90' lang='lat' dir='ltr'>curn</span> <span class='ocrx_word' id='word_1_270' title='bbox 850 3476 958 3545; x_wconf 85' lang='lat' dir='ltr'>binea</span> <span class='ocrx_word' id='word_1_271' title='bbox 981 3477 1102 3565; x_wconf 90' lang='lat' dir='ltr'>ibique</span> <span class='ocrx_word' id='word_1_272' title='bbox 1125 3479 1217 3564; x_wconf 92' lang='lat' dir='ltr'>quod</span> <span class='ocrx_word' id='word_1_273' title='bbox 1241 3496 1305 3546; x_wconf 91' lang='lat' dir='ltr'>nos</span> <span class='ocrx_word' id='word_1_274' title='bbox 1330 3481 1524 3548; x_wconf 87' lang='lat' dir='ltr'>retinemus</span> <span class='ocrx_word' id='word_1_275' title='bbox 1548 3480 1586 3546; x_wconf 92' lang='lat' dir='ltr'>in</span> <span class='ocrx_word' id='word_1_276' title='bbox 1610 3485 1732 3550; x_wconf 86' lang='lat' dir='ltr'>nostra</span> <span class='ocrx_word' id='word_1_277' title='bbox 1755 3479 1923 3566; x_wconf 88' lang='lat' dir='ltr'>sortione,</span> <span class='ocrx_word' id='word_1_278' title='bbox 1949 3483 1985 3548; x_wconf 92' lang='lat' dir='ltr'>et</span> <span class='ocrx_word' id='word_1_279' title='bbox 2000 3485 2054 3547; x_wconf 88' lang='lat' dir='ltr'>est</span> <span class='ocrx_word' id='word_1_280' title='bbox 2069 3497 2133 3566; x_wconf 89' lang='lat' dir='ltr'>per</span> <span class='ocrx_word' id='word_1_281' title='bbox 2150 3477 2233 3545; x_wconf 82' lang='lat' dir='ltr'>finis</span> <span class='ocrx_word' id='word_1_282' title='bbox 2256 3481 2292 3545; x_wconf 90' lang='lat' dir='ltr'>ct</span> <span class='ocrx_word' id='word_1_283' title='bbox 2306 3493 2405 3544; x_wconf 90' lang='lat' dir='ltr'>men·</span> 
     </span>
     <span class='ocr_line' id='line_1_21' title="bbox 554 3627 2406 3721; baseline 0.003 -28"><span class='ocrx_word' id='word_1_284' title='bbox 554 3629 674 3695; x_wconf 90' lang='lat' dir='ltr'>surie:</span> <span class='ocrx_word' id='word_1_285' title='bbox 702 3647 724 3695; x_wconf 90' lang='lat' dir='ltr'>a</span> <span class='ocrx_word' id='word_1_286' title='bbox 748 3647 831 3716; x_wconf 87' lang='lat' dir='ltr'>pars</span> <span class='ocrx_word' id='word_1_287' title='bbox 854 3627 1047 3697; x_wconf 91' lang='lat' dir='ltr'>occidentis</span> <span class='ocrx_word' id='word_1_288' title='bbox 1071 3631 1141 3698; x_wconf 84' lang='lat' dir='ltr'>fine</span> <span class='ocrx_word' id='word_1_289' title='bbox 1165 3632 1320 3699; x_wconf 89' lang='lat' dir='ltr'>sortione</span> <span class='ocrx_word' id='word_1_290' title='bbox 1345 3631 1455 3718; x_wconf 86' lang='lat' dir='ltr'>ipsius</span> <span class='ocrx_word' id='word_1_291' title='bbox 1482 3632 1624 3702; x_wconf 81' lang='lat' dir='ltr'>landoni</span> <span class='ocrx_word' id='word_1_292' title='bbox 1651 3635 1726 3701; x_wconf 88' lang='lat' dir='ltr'>thio</span> <span class='ocrx_word' id='word_1_293' title='bbox 1750 3638 1884 3721; x_wconf 82' lang='lat' dir='ltr'>nostro,</span> <span class='ocrx_word' id='word_1_294' title='bbox 1910 3633 1993 3702; x_wconf 92' lang='lat' dir='ltr'>inde</span> <span class='ocrx_word' id='word_1_295' title='bbox 2014 3639 2097 3702; x_wconf 91' lang='lat' dir='ltr'>sunt</span> <span class='ocrx_word' id='word_1_296' title='bbox 2113 3635 2209 3721; x_wconf 89' lang='lat' dir='ltr'>passi</span> <span class='ocrx_word' id='word_1_297' title='bbox 2226 3631 2406 3719; x_wconf 86' lang='lat' dir='ltr'>quinqua·</span> 
     </span>
     <span class='ocr_line' id='line_1_22' title="bbox 556 3781 2405 3876; baseline 0.005 -31"><span class='ocrx_word' id='word_1_298' title='bbox 556 3783 686 3868; x_wconf 81' lang='lat' dir='ltr'>ginta:</span> <span class='ocrx_word' id='word_1_299' title='bbox 712 3800 734 3848; x_wconf 86' lang='lat' dir='ltr'>a</span> <span class='ocrx_word' id='word_1_300' title='bbox 758 3801 840 3867; x_wconf 85' lang='lat' dir='ltr'>pars</span> <span class='ocrx_word' id='word_1_301' title='bbox 864 3781 1012 3850; x_wconf 89' lang='lat' dir='ltr'>meridie</span> <span class='ocrx_word' id='word_1_302' title='bbox 1036 3782 1107 3850; x_wconf 87' lang='lat' dir='ltr'>line</span> <span class='ocrx_word' id='word_1_303' title='bbox 1131 3782 1248 3850; x_wconf 90' lang='lat' dir='ltr'>media</span> <span class='ocrx_word' id='word_1_304' title='bbox 1270 3801 1352 3869; x_wconf 92' lang='lat' dir='ltr'>sepe</span> <span class='ocrx_word' id='word_1_305' title='bbox 1376 3790 1580 3854; x_wconf 89' lang='lat' dir='ltr'>mensurata</span> <span class='ocrx_word' id='word_1_306' title='bbox 1604 3788 1698 3856; x_wconf 89' lang='lat' dir='ltr'>iusta</span> <span class='ocrx_word' id='word_1_307' title='bbox 1724 3790 1801 3874; x_wconf 89' lang='lat' dir='ltr'>ipsa</span> <span class='ocrx_word' id='word_1_308' title='bbox 1825 3807 1906 3876; x_wconf 90' lang='lat' dir='ltr'>sepe</span> <span class='ocrx_word' id='word_1_309' title='bbox 1922 3787 2018 3876; x_wconf 86' lang='lat' dir='ltr'>passi</span> <span class='ocrx_word' id='word_1_310' title='bbox 2038 3789 2171 3874; x_wconf 91' lang='lat' dir='ltr'>biginti</span> <span class='ocrx_word' id='word_1_311' title='bbox 2188 3786 2269 3854; x_wconf 89' lang='lat' dir='ltr'>duo:</span> <span class='ocrx_word' id='word_1_312' title='bbox 2287 3803 2405 3875; x_wconf 86' lang='lat' dir='ltr'>apars</span> 
     </span>
     <span class='ocr_line' id='line_1_23' title="bbox 555 3931 2406 4027; baseline 0.006 -31"><span class='ocrx_word' id='word_1_313' title='bbox 555 3932 706 4000; x_wconf 89' lang='lat' dir='ltr'>orientis</span> <span class='ocrx_word' id='word_1_314' title='bbox 729 3931 898 3999; x_wconf 87' lang='lat' dir='ltr'>similiter</span> <span class='ocrx_word' id='word_1_315' title='bbox 922 3934 994 4002; x_wconf 89' lang='lat' dir='ltr'>line</span> <span class='ocrx_word' id='word_1_316' title='bbox 1017 3934 1134 4003; x_wconf 89' lang='lat' dir='ltr'>media</span> <span class='ocrx_word' id='word_1_317' title='bbox 1156 3953 1237 4022; x_wconf 89' lang='lat' dir='ltr'>sepe</span> <span class='ocrx_word' id='word_1_318' title='bbox 1260 3943 1468 4007; x_wconf 85' lang='lat' dir='ltr'>mensurata</span> <span class='ocrx_word' id='word_1_319' title='bbox 1493 3938 1588 4007; x_wconf 89' lang='lat' dir='ltr'>iusta</span> <span class='ocrx_word' id='word_1_320' title='bbox 1604 3941 1682 4026; x_wconf 87' lang='lat' dir='ltr'>ipse</span> <span class='ocrx_word' id='word_1_321' title='bbox 1697 3959 1777 4026; x_wconf 90' lang='lat' dir='ltr'>sepe</span> <span class='ocrx_word' id='word_1_322' title='bbox 1794 3941 1888 4026; x_wconf 91' lang='lat' dir='ltr'>passi</span> <span class='ocrx_word' id='word_1_323' title='bbox 1904 3939 1970 4008; x_wconf 88' lang='lat' dir='ltr'>alii</span> <span class='ocrx_word' id='word_1_324' title='bbox 1988 3939 2267 4027; x_wconf 86' lang='lat' dir='ltr'>quinquaginta:</span> <span class='ocrx_word' id='word_1_325' title='bbox 2283 3959 2305 4009; x_wconf 92' lang='lat' dir='ltr'>a</span> <span class='ocrx_word' id='word_1_326' title='bbox 2321 3957 2406 4025; x_wconf 85' lang='lat' dir='ltr'>pars</span> 
     </span>
     <span class='ocr_line' id='line_1_24' title="bbox 557 4084 2401 4190; baseline 0.003 -38"><span class='ocrx_word' id='word_1_327' title='bbox 557 4084 823 4171; x_wconf 88' lang='lat' dir='ltr'>septemtrionis</span> <span class='ocrx_word' id='word_1_328' title='bbox 859 4086 929 4154; x_wconf 84' lang='lat' dir='ltr'>dne</span> <span class='ocrx_word' id='word_1_329' title='bbox 953 4089 1051 4155; x_wconf 86' lang='lat' dir='ltr'>terra</span> <span class='ocrx_word' id='word_1_330' title='bbox 1074 4104 1154 4190; x_wconf 89' lang='lat' dir='ltr'>cum</span> <span class='ocrx_word' id='word_1_331' title='bbox 1178 4086 1311 4176; x_wconf 91' lang='lat' dir='ltr'>binea,</span> <span class='ocrx_word' id='word_1_332' title='bbox 1335 4109 1404 4176; x_wconf 90' lang='lat' dir='ltr'>que</span> <span class='ocrx_word' id='word_1_333' title='bbox 1426 4097 1483 4158; x_wconf 90' lang='lat' dir='ltr'>est</span> <span class='ocrx_word' id='word_1_334' title='bbox 1506 4093 1661 4161; x_wconf 88' lang='lat' dir='ltr'>sortione</span> <span class='ocrx_word' id='word_1_335' title='bbox 1684 4091 1834 4179; x_wconf 90' lang='lat' dir='ltr'>predicti</span> <span class='ocrx_word' id='word_1_336' title='bbox 1859 4093 2005 4160; x_wconf 89' lang='lat' dir='ltr'>landoni</span> <span class='ocrx_word' id='word_1_337' title='bbox 2028 4093 2149 4160; x_wconf 90' lang='lat' dir='ltr'>comiti</span> <span class='ocrx_word' id='word_1_338' title='bbox 2172 4097 2209 4160; x_wconf 91' lang='lat' dir='ltr'>et</span> <span class='ocrx_word' id='word_1_339' title='bbox 2234 4091 2316 4160; x_wconf 93' lang='lat' dir='ltr'>inde</span> <span class='ocrx_word' id='word_1_340' title='bbox 2341 4093 2401 4160; x_wconf 89' lang='lat' dir='ltr'>bia</span> 
     </span>
     <span class='ocr_line' id='line_1_25' title="bbox 557 4237 2407 4334; baseline 0.004 -30"><span class='ocrx_word' id='word_1_341' title='bbox 557 4237 745 4322; x_wconf 90' lang='lat' dir='ltr'>discernit,</span> <span class='ocrx_word' id='word_1_342' title='bbox 772 4237 855 4304; x_wconf 91' lang='lat' dir='ltr'>inde</span> <span class='ocrx_word' id='word_1_343' title='bbox 877 4241 963 4304; x_wconf 93' lang='lat' dir='ltr'>sunt</span> <span class='ocrx_word' id='word_1_344' title='bbox 987 4239 1080 4324; x_wconf 85' lang='lat' dir='ltr'>passi</span> <span class='ocrx_word' id='word_1_345' title='bbox 1105 4241 1421 4330; x_wconf 83' lang='lat' dir='ltr'>quedtuordecim3</span> <span class='ocrx_word' id='word_1_346' title='bbox 1446 4262 1508 4312; x_wconf 92' lang='lat' dir='ltr'>seu</span> <span class='ocrx_word' id='word_1_347' title='bbox 1532 4251 1567 4313; x_wconf 90' lang='lat' dir='ltr'>et</span> <span class='ocrx_word' id='word_1_348' title='bbox 1591 4248 1786 4315; x_wconf 86' lang='lat' dir='ltr'>retinemus</span> <span class='ocrx_word' id='word_1_349' title='bbox 1809 4265 1874 4334; x_wconf 90' lang='lat' dir='ltr'>pro</span> <span class='ocrx_word' id='word_1_350' title='bbox 1899 4252 2021 4316; x_wconf 87' lang='lat' dir='ltr'>nostra</span> <span class='ocrx_word' id='word_1_351' title='bbox 2037 4249 2193 4314; x_wconf 90' lang='lat' dir='ltr'>sortione</span> <span class='ocrx_word' id='word_1_352' title='bbox 2210 4247 2288 4313; x_wconf 88' lang='lat' dir='ltr'>Una</span> <span class='ocrx_word' id='word_1_353' title='bbox 2305 4247 2407 4330; x_wconf 91' lang='lat' dir='ltr'>pecia</span> 
     </span>
     <span class='ocr_line' id='line_1_26' title="bbox 557 4392 2405 4500; baseline 0.002 -40"><span class='ocrx_word' id='word_1_354' title='bbox 557 4413 638 4460; x_wconf 93' lang='lat' dir='ltr'>cum</span> <span class='ocrx_word' id='word_1_355' title='bbox 663 4392 770 4461; x_wconf 87' lang='lat' dir='ltr'>binea</span> <span class='ocrx_word' id='word_1_356' title='bbox 794 4393 887 4479; x_wconf 92' lang='lat' dir='ltr'>quod</span> <span class='ocrx_word' id='word_1_357' title='bbox 911 4394 1116 4480; x_wconf 86' lang='lat' dir='ltr'>pastenebit</span> <span class='ocrx_word' id='word_1_358' title='bbox 1138 4396 1193 4462; x_wconf 90' lang='lat' dir='ltr'>leo</span> <span class='ocrx_word' id='word_1_359' title='bbox 1216 4397 1458 4483; x_wconf 76' lang='lat' dir='ltr'>amalfitanuS,</span> <span class='ocrx_word' id='word_1_360' title='bbox 1481 4417 1550 4484; x_wconf 91' lang='lat' dir='ltr'>que</span> <span class='ocrx_word' id='word_1_361' title='bbox 1573 4397 1615 4465; x_wconf 90' lang='lat' dir='ltr'>de</span> <span class='ocrx_word' id='word_1_362' title='bbox 1639 4399 1707 4466; x_wconf 90' lang='lat' dir='ltr'>due</span> <span class='ocrx_word' id='word_1_363' title='bbox 1731 4401 1824 4485; x_wconf 87' lang='lat' dir='ltr'>parti</span> <span class='ocrx_word' id='word_1_364' title='bbox 1848 4400 1892 4466; x_wconf 89' lang='lat' dir='ltr'>de</span> <span class='ocrx_word' id='word_1_365' title='bbox 1916 4399 1992 4466; x_wconf 91' lang='lat' dir='ltr'>iber</span> <span class='ocrx_word' id='word_1_366' title='bbox 2017 4403 2275 4500; x_wconf 86' lang='lat' dir='ltr'>tempusaqna</span> <span class='ocrx_word' id='word_1_367' title='bbox 2299 4397 2350 4464; x_wconf 93' lang='lat' dir='ltr'>ibi</span> <span class='ocrx_word' id='word_1_368' title='bbox 2367 4415 2405 4464; x_wconf 92' lang='lat' dir='ltr'>se</span> 
     </span>
     <span class='ocr_line' id='line_1_27' title="bbox 560 4545 2410 4633; baseline 0.001 -17"><span class='ocrx_word' id='word_1_369' title='bbox 560 4546 692 4632; x_wconf 89' lang='lat' dir='ltr'>aduna,</span> <span class='ocrx_word' id='word_1_370' title='bbox 717 4549 830 4612; x_wconf 87' lang='lat' dir='ltr'>totum</span> <span class='ocrx_word' id='word_1_371' title='bbox 854 4547 942 4614; x_wconf 90' lang='lat' dir='ltr'>istut</span> <span class='ocrx_word' id='word_1_372' title='bbox 966 4545 1061 4616; x_wconf 86' lang='lat' dir='ltr'>inira</span> <span class='ocrx_word' id='word_1_373' title='bbox 1084 4547 1241 4633; x_wconf 86' lang='lat' dir='ltr'>predicte</span> <span class='ocrx_word' id='word_1_374' title='bbox 1264 4549 1345 4615; x_wconf 86' lang='lat' dir='ltr'>finis</span> <span class='ocrx_word' id='word_1_375' title='bbox 1368 4556 1405 4632; x_wconf 83' lang='lat' dir='ltr'>et</span> <span class='ocrx_word' id='word_1_376' title='bbox 1428 4550 1606 4617; x_wconf 91' lang='lat' dir='ltr'>mensurie</span> <span class='ocrx_word' id='word_1_377' title='bbox 1630 4556 1682 4618; x_wconf 92' lang='lat' dir='ltr'>est</span> <span class='ocrx_word' id='word_1_378' title='bbox 1704 4553 1860 4618; x_wconf 87' lang='lat' dir='ltr'>sortione</span> <span class='ocrx_word' id='word_1_379' title='bbox 1884 4555 2018 4618; x_wconf 87' lang='lat' dir='ltr'>nostre.</span> <span class='ocrx_word' id='word_1_380' title='bbox 2045 4551 2112 4617; x_wconf 91' lang='lat' dir='ltr'>Seu</span> <span class='ocrx_word' id='word_1_381' title='bbox 2129 4555 2167 4616; x_wconf 91' lang='lat' dir='ltr'>et</span> <span class='ocrx_word' id='word_1_382' title='bbox 2188 4551 2410 4618; x_wconf 88' lang='lat' dir='ltr'>mensurabi-</span> 
     </span>
     <span class='ocr_line' id='line_1_28' title="bbox 560 4695 2408 4794; baseline 0.005 -34"><span class='ocrx_word' id='word_1_383' title='bbox 560 4713 639 4763; x_wconf 90' lang='lat' dir='ltr'>mus</span> <span class='ocrx_word' id='word_1_384' title='bbox 663 4695 741 4783; x_wconf 93' lang='lat' dir='ltr'>ipsa</span> <span class='ocrx_word' id='word_1_385' title='bbox 763 4698 919 4764; x_wconf 90' lang='lat' dir='ltr'>sortione</span> <span class='ocrx_word' id='word_1_386' title='bbox 943 4697 1054 4784; x_wconf 90' lang='lat' dir='ltr'>ipsius</span> <span class='ocrx_word' id='word_1_387' title='bbox 1079 4699 1223 4768; x_wconf 88' lang='lat' dir='ltr'>landoni</span> <span class='ocrx_word' id='word_1_388' title='bbox 1247 4699 1380 4767; x_wconf 82' lang='lat' dir='ltr'>comiti:</span> <span class='ocrx_word' id='word_1_389' title='bbox 1400 4700 1437 4764; x_wconf 93' lang='lat' dir='ltr'>in</span> <span class='ocrx_word' id='word_1_390' title='bbox 1456 4699 1582 4785; x_wconf 90' lang='lat' dir='ltr'>primis</span> <span class='ocrx_word' id='word_1_391' title='bbox 1605 4701 1890 4770; x_wconf 87' lang='lat' dir='ltr'>mensurabimus</span> <span class='ocrx_word' id='word_1_392' title='bbox 1911 4703 1990 4770; x_wconf 86' lang='lat' dir='ltr'>Una</span> <span class='ocrx_word' id='word_1_393' title='bbox 2013 4705 2115 4794; x_wconf 77' lang='lat' dir='ltr'>pecie</span> <span class='ocrx_word' id='word_1_394' title='bbox 2137 4701 2181 4769; x_wconf 92' lang='lat' dir='ltr'>de</span> <span class='ocrx_word' id='word_1_395' title='bbox 2204 4709 2408 4771; x_wconf 85' lang='lat' dir='ltr'>terrenum</span> 
     </span>
     <span class='ocr_line' id='line_1_29' title="bbox 562 4847 2411 4940; baseline 0.005 -27"><span class='ocrx_word' id='word_1_396' title='bbox 562 4847 669 4917; x_wconf 88' lang='lat' dir='ltr'>binea</span> <span class='ocrx_word' id='word_1_397' title='bbox 692 4853 729 4917; x_wconf 87' lang='lat' dir='ltr'>el</span> <span class='ocrx_word' id='word_1_398' title='bbox 752 4855 806 4918; x_wconf 90' lang='lat' dir='ltr'>est</span> <span class='ocrx_word' id='word_1_399' title='bbox 829 4867 892 4934; x_wconf 89' lang='lat' dir='ltr'>per</span> <span class='ocrx_word' id='word_1_400' title='bbox 915 4851 997 4917; x_wconf 84' lang='lat' dir='ltr'>finis</span> <span class='ocrx_word' id='word_1_401' title='bbox 1021 4856 1056 4918; x_wconf 92' lang='lat' dir='ltr'>et</span> <span class='ocrx_word' id='word_1_402' title='bbox 1079 4850 1280 4918; x_wconf 89' lang='lat' dir='ltr'>mensurie:</span> <span class='ocrx_word' id='word_1_403' title='bbox 1306 4870 1329 4919; x_wconf 89' lang='lat' dir='ltr'>a</span> <span class='ocrx_word' id='word_1_404' title='bbox 1352 4869 1435 4936; x_wconf 89' lang='lat' dir='ltr'>pars</span> <span class='ocrx_word' id='word_1_405' title='bbox 1458 4851 1607 4920; x_wconf 91' lang='lat' dir='ltr'>meridie</span> <span class='ocrx_word' id='word_1_406' title='bbox 1629 4852 1701 4919; x_wconf 89' lang='lat' dir='ltr'>fine</span> <span class='ocrx_word' id='word_1_407' title='bbox 1724 4853 1783 4920; x_wconf 86' lang='lat' dir='ltr'>bia</span> <span class='ocrx_word' id='word_1_408' title='bbox 1805 4869 1966 4936; x_wconf 91' lang='lat' dir='ltr'>comune,</span> <span class='ocrx_word' id='word_1_409' title='bbox 1991 4851 2074 4919; x_wconf 93' lang='lat' dir='ltr'>inde</span> <span class='ocrx_word' id='word_1_410' title='bbox 2099 4859 2183 4920; x_wconf 90' lang='lat' dir='ltr'>sunt</span> <span class='ocrx_word' id='word_1_411' title='bbox 2200 4855 2296 4940; x_wconf 90' lang='lat' dir='ltr'>passi</span> <span class='ocrx_word' id='word_1_412' title='bbox 2314 4854 2411 4923; x_wconf 90' lang='lat' dir='ltr'>side-</span> 
     </span>
     <span class='ocr_line' id='line_1_30' title="bbox 561 4999 2413 5092; baseline 0.006 -26"><span class='ocrx_word' id='word_1_413' title='bbox 561 4999 632 5067; x_wconf 90' lang='lat' dir='ltr'>cim</span> <span class='ocrx_word' id='word_1_414' title='bbox 655 5007 691 5070; x_wconf 90' lang='lat' dir='ltr'>el</span> <span class='ocrx_word' id='word_1_415' title='bbox 713 5001 893 5070; x_wconf 90' lang='lat' dir='ltr'>medium:</span> <span class='ocrx_word' id='word_1_416' title='bbox 919 5022 941 5071; x_wconf 88' lang='lat' dir='ltr'>a</span> <span class='ocrx_word' id='word_1_417' title='bbox 964 5022 1047 5090; x_wconf 84' lang='lat' dir='ltr'>pers</span> <span class='ocrx_word' id='word_1_418' title='bbox 1070 5003 1218 5072; x_wconf 89' lang='lat' dir='ltr'>orientis</span> <span class='ocrx_word' id='word_1_419' title='bbox 1241 5003 1312 5070; x_wconf 85' lang='lat' dir='ltr'>fine</span> <span class='ocrx_word' id='word_1_420' title='bbox 1337 5003 1414 5090; x_wconf 91' lang='lat' dir='ltr'>ipsa</span> <span class='ocrx_word' id='word_1_421' title='bbox 1437 5005 1598 5090; x_wconf 87' lang='lat' dir='ltr'>portione</span> <span class='ocrx_word' id='word_1_422' title='bbox 1622 5007 1814 5090; x_wconf 88' lang='lat' dir='ltr'>nostraque</span> <span class='ocrx_word' id='word_1_423' title='bbox 1838 5003 2026 5090; x_wconf 89' lang='lat' dir='ltr'>germani:</span> <span class='ocrx_word' id='word_1_424' title='bbox 2047 5011 2413 5092; x_wconf 86' lang='lat' dir='ltr'>apersseptemtrio·</span> 
     </span>
     <span class='ocr_line' id='line_1_31' title="bbox 563 5153 2405 5244; baseline 0.004 -24"><span class='ocrx_word' id='word_1_425' title='bbox 563 5155 621 5221; x_wconf 91' lang='lat' dir='ltr'>nis</span> <span class='ocrx_word' id='word_1_426' title='bbox 646 5153 717 5225; x_wconf 86' lang='lat' dir='ltr'>fine</span> <span class='ocrx_word' id='word_1_427' title='bbox 742 5158 802 5224; x_wconf 89' lang='lat' dir='ltr'>bia</span> <span class='ocrx_word' id='word_1_428' title='bbox 826 5174 1002 5224; x_wconf 90' lang='lat' dir='ltr'>comune:</span> <span class='ocrx_word' id='word_1_429' title='bbox 1028 5175 1051 5225; x_wconf 90' lang='lat' dir='ltr'>a</span> <span class='ocrx_word' id='word_1_430' title='bbox 1074 5173 1158 5243; x_wconf 89' lang='lat' dir='ltr'>pars</span> <span class='ocrx_word' id='word_1_431' title='bbox 1180 5155 1356 5224; x_wconf 89' lang='lat' dir='ltr'>occidenti</span> <span class='ocrx_word' id='word_1_432' title='bbox 1380 5157 1450 5224; x_wconf 88' lang='lat' dir='ltr'>fine</span> <span class='ocrx_word' id='word_1_433' title='bbox 1474 5158 1535 5224; x_wconf 90' lang='lat' dir='ltr'>bia</span> <span class='ocrx_word' id='word_1_434' title='bbox 1558 5175 1717 5225; x_wconf 90' lang='lat' dir='ltr'>comune.</span> <span class='ocrx_word' id='word_1_435' title='bbox 1743 5156 1824 5224; x_wconf 91' lang='lat' dir='ltr'>Alia</span> <span class='ocrx_word' id='word_1_436' title='bbox 1848 5155 1953 5225; x_wconf 88' lang='lat' dir='ltr'>binea</span> <span class='ocrx_word' id='word_1_437' title='bbox 1978 5157 2091 5244; x_wconf 91' lang='lat' dir='ltr'>ipsius</span> <span class='ocrx_word' id='word_1_438' title='bbox 2114 5159 2259 5226; x_wconf 90' lang='lat' dir='ltr'>landoni</span> <span class='ocrx_word' id='word_1_439' title='bbox 2284 5161 2405 5228; x_wconf 86' lang='lat' dir='ltr'>comiti</span> 
     </span>
     <span class='ocr_line' id='line_1_32' title="bbox 562 5307 2411 5398; baseline 0.002 -22"><span class='ocrx_word' id='word_1_440' title='bbox 562 5307 650 5396; x_wconf 80' lang='lat' dir='ltr'>abet</span> <span class='ocrx_word' id='word_1_441' title='bbox 676 5311 774 5377; x_wconf 76' lang='lat' dir='ltr'>‚dnos</span> <span class='ocrx_word' id='word_1_442' title='bbox 797 5313 833 5376; x_wconf 92' lang='lat' dir='ltr'>et</span> <span class='ocrx_word' id='word_1_443' title='bbox 858 5310 1062 5376; x_wconf 85' lang='lat' dir='ltr'>mensurio:</span> <span class='ocrx_word' id='word_1_444' title='bbox 1088 5329 1109 5378; x_wconf 89' lang='lat' dir='ltr'>a</span> <span class='ocrx_word' id='word_1_445' title='bbox 1133 5325 1217 5393; x_wconf 90' lang='lat' dir='ltr'>pars</span> <span class='ocrx_word' id='word_1_446' title='bbox 1251 5309 1403 5378; x_wconf 89' lang='lat' dir='ltr'>orientis</span> <span class='ocrx_word' id='word_1_447' title='bbox 1427 5309 1497 5374; x_wconf 81' lang='lat' dir='ltr'>rinc</span> <span class='ocrx_word' id='word_1_448' title='bbox 1521 5309 1634 5396; x_wconf 89' lang='lat' dir='ltr'>ipsius</span> <span class='ocrx_word' id='word_1_449' title='bbox 1659 5307 1802 5378; x_wconf 81' lang='lat' dir='ltr'>landoni</span> <span class='ocrx_word' id='word_1_450' title='bbox 1828 5307 1903 5377; x_wconf 92' lang='lat' dir='ltr'>thio</span> <span class='ocrx_word' id='word_1_451' title='bbox 1926 5313 2077 5394; x_wconf 92' lang='lat' dir='ltr'>nostro,</span> <span class='ocrx_word' id='word_1_452' title='bbox 2101 5309 2184 5380; x_wconf 93' lang='lat' dir='ltr'>inde</span> <span class='ocrx_word' id='word_1_453' title='bbox 2208 5323 2294 5380; x_wconf 91' lang='lat' dir='ltr'>sunt</span> <span class='ocrx_word' id='word_1_454' title='bbox 2315 5315 2411 5398; x_wconf 91' lang='lat' dir='ltr'>passi</span> 
     </span>
     <span class='ocr_line' id='line_1_33' title="bbox 564 5439 2414 5550; baseline 0.001 -20"><span class='ocrx_word' id='word_1_455' title='bbox 564 5462 810 5550; x_wconf 87' lang='lat' dir='ltr'>quadraginta</span> <span class='ocrx_word' id='word_1_456' title='bbox 834 5479 897 5530; x_wconf 86' lang='lat' dir='ltr'>sex</span> <span class='ocrx_word' id='word_1_457' title='bbox 916 5485 923 5528; x_wconf 91' lang='lat'>:</span> <span class='ocrx_word' id='word_1_458' title='bbox 948 5481 971 5532; x_wconf 89' lang='lat' dir='ltr'>a</span> <span class='ocrx_word' id='word_1_459' title='bbox 995 5480 1080 5548; x_wconf 86' lang='lat' dir='ltr'>pers</span> <span class='ocrx_word' id='word_1_460' title='bbox 1102 5463 1364 5548; x_wconf 90' lang='lat' dir='ltr'>septemtrionis</span> <span class='ocrx_word' id='word_1_461' title='bbox 1388 5460 1554 5530; x_wconf 89' lang='lat' dir='ltr'>similiter</span> <span class='ocrx_word' id='word_1_462' title='bbox 1577 5461 1648 5529; x_wconf 85' lang='lat' dir='ltr'>fine</span> <span class='ocrx_word' id='word_1_463' title='bbox 1673 5439 1783 5549; x_wconf 90' lang='lat' dir='ltr'>ipsius</span> <span class='ocrx_word' id='word_1_464' title='bbox 1806 5460 1950 5530; x_wconf 87' lang='lat' dir='ltr'>landoni</span> <span class='ocrx_word' id='word_1_465' title='bbox 1974 5461 2050 5529; x_wconf 91' lang='lat' dir='ltr'>thio</span> <span class='ocrx_word' id='word_1_466' title='bbox 2074 5465 2208 5550; x_wconf 90' lang='lat' dir='ltr'>nostro,</span> <span class='ocrx_word' id='word_1_467' title='bbox 2228 5461 2309 5532; x_wconf 92' lang='lat' dir='ltr'>inde</span> <span class='ocrx_word' id='word_1_468' title='bbox 2326 5471 2414 5532; x_wconf 90' lang='lat' dir='ltr'>sont</span> 
     </span>
     <span class='ocr_line' id='line_1_34' title="bbox 566 5611 2416 5706; baseline -0.002 -22"><span class='ocrx_word' id='word_1_469' title='bbox 566 5619 661 5700; x_wconf 87' lang='lat' dir='ltr'>pessi</span> <span class='ocrx_word' id='word_1_470' title='bbox 685 5615 916 5703; x_wconf 91' lang='lat' dir='ltr'>quindecim:</span> <span class='ocrx_word' id='word_1_471' title='bbox 941 5634 964 5685; x_wconf 89' lang='lat' dir='ltr'>a</span> <span class='ocrx_word' id='word_1_472' title='bbox 988 5633 1073 5703; x_wconf 88' lang='lat' dir='ltr'>pars</span> <span class='ocrx_word' id='word_1_473' title='bbox 1096 5613 1292 5706; x_wconf 87' lang='lat' dir='ltr'>occidentis</span> <span class='ocrx_word' id='word_1_474' title='bbox 1314 5615 1397 5682; x_wconf 86' lang='lat' dir='ltr'>abet</span> <span class='ocrx_word' id='word_1_475' title='bbox 1419 5612 1515 5699; x_wconf 87' lang='lat' dir='ltr'>pessi</span> <span class='ocrx_word' id='word_1_476' title='bbox 1538 5612 1601 5680; x_wconf 91' lang='lat' dir='ltr'>alii</span> <span class='ocrx_word' id='word_1_477' title='bbox 1626 5611 1866 5699; x_wconf 82' lang='lat' dir='ltr'>qnadraginta</span> <span class='ocrx_word' id='word_1_478' title='bbox 1889 5629 1982 5680; x_wconf 85' lang='lat' dir='ltr'>sex:</span> <span class='ocrx_word' id='word_1_479' title='bbox 2008 5631 2030 5681; x_wconf 86' lang='lat' dir='ltr'>e</span> <span class='ocrx_word' id='word_1_480' title='bbox 2054 5630 2137 5698; x_wconf 86' lang='lat' dir='ltr'>pers</span> <span class='ocrx_word' id='word_1_481' title='bbox 2161 5611 2309 5682; x_wconf 89' lang='lat' dir='ltr'>moridie</span> <span class='ocrx_word' id='word_1_482' title='bbox 2333 5617 2416 5684; x_wconf 87' lang='lat' dir='ltr'>abet</span> 
     </span>
    </p>
   </div>
   <div class='ocr_carea' id='block_1_6' title="bbox 566 5763 2417 5858">
    <p class='ocr_par' dir='ltr' id='par_1_6' title="bbox 566 5763 2417 5858">
     <span class='ocr_line' id='line_1_35' title="bbox 566 5763 2417 5858; baseline -0.001 -21"><span class='ocrx_word' id='word_1_483' title='bbox 566 5772 662 5853; x_wconf 88' lang='lat' dir='ltr'>passi</span> <span class='ocrx_word' id='word_1_484' title='bbox 687 5769 818 5858; x_wconf 88' lang='lat' dir='ltr'>viginti</span> <span class='ocrx_word' id='word_1_485' title='bbox 843 5773 928 5837; x_wconf 84' lang='lat' dir='ltr'>tres.</span> <span class='ocrx_word' id='word_1_486' title='bbox 954 5767 1037 5836; x_wconf 82' lang='lat' dir='ltr'>Alia</span> <span class='ocrx_word' id='word_1_487' title='bbox 1059 5773 1157 5835; x_wconf 89' lang='lat' dir='ltr'>terra</span> <span class='ocrx_word' id='word_1_488' title='bbox 1180 5785 1261 5834; x_wconf 90' lang='lat' dir='ltr'>cnm</span> <span class='ocrx_word' id='word_1_489' title='bbox 1285 5767 1391 5834; x_wconf 90' lang='lat' dir='ltr'>binea</span> <span class='ocrx_word' id='word_1_490' title='bbox 1416 5763 1535 5850; x_wconf 89' lang='lat' dir='ltr'>ibique</span> <span class='ocrx_word' id='word_1_491' title='bbox 1559 5764 1671 5850; x_wconf 89' lang='lat' dir='ltr'>ipsius</span> <span class='ocrx_word' id='word_1_492' title='bbox 1695 5763 1837 5833; x_wconf 86' lang='lat' dir='ltr'>landoni</span> <span class='ocrx_word' id='word_1_493' title='bbox 1862 5764 1983 5832; x_wconf 92' lang='lat' dir='ltr'>comiti</span> <span class='ocrx_word' id='word_1_494' title='bbox 2007 5767 2091 5834; x_wconf 89' lang='lat' dir='ltr'>abet</span> <span class='ocrx_word' id='word_1_495' title='bbox 2115 5765 2198 5834; x_wconf 85' lang='lat' dir='ltr'>finis</span> <span class='ocrx_word' id='word_1_496' title='bbox 2222 5772 2258 5835; x_wconf 91' lang='lat' dir='ltr'>et</span> <span class='ocrx_word' id='word_1_497' title='bbox 2275 5785 2417 5835; x_wconf 89' lang='lat' dir='ltr'>mensu-</span> 
     </span>
    </p>
   </div>
   <div class='ocr_carea' id='block_1_7' title="bbox 0 0 2763 7092">
    <p class='ocr_par' dir='ltr' id='par_1_7' title="bbox 0 0 2763 7092">
     <span class='ocr_line' id='line_1_36' title="bbox 0 0 2763 7092; baseline 0 0"><span class='ocrx_word' id='word_1_498' title='bbox 0 0 2763 7092; x_wconf 95' lang='lat' dir='ltr'> </span> 
     </span>
    </p>
   </div>
  </div>
 </body>
</html>
