5408 7108
617 526 686 601 lot
1262 526 1438 608 CODEX
1470 529 1737 606 clvnllsls

569 770 693 822 mense
718 754 853 838 aprelis
876 756 978 844 prius
1000 759 1166 829 veniente
1188 759 1299 830 deant
1323 762 1427 828 nobis
1449 760 1569 829 decem
1593 759 1699 827 modii
1724 760 1767 828 de
1789 778 1943 847 granum
1965 763 2097 828 bonum
2113 761 2216 847 plene
2232 761 2322 828 bene
2337 760 2418 827 cul·

569 913 664 978 male
682 909 728 977 ad
745 911 1025 998 suprascriptum
1043 913 1212 998 modium3
1229 917 1265 980 et
1279 911 1326 981 da
1343 915 1447 982 istum
1466 931 1585 981 mense
1603 916 1722 999 magio
1738 914 1840 1000 prius
1858 911 2023 982 veniente
2038 915 2147 983 deant
2163 914 2265 981 nobis
2287 911 2423 982 duode-

572 1063 643 1130 cim
659 1063 752 1130 modi
776 1063 819 1130 de
841 1082 995 1151 granum
1019 1066 1149 1132 bonum
1174 1066 1277 1150 plene
1299 1064 1452 1133 culmate
1468 1067 1513 1136 ad
1530 1067 1726 1154 predictum
1742 1067 1898 1136 modium
1913 1087 1976 1155 per
1991 1086 2113 1136 omues
2135 1087 2275 1137 menses
2298 1085 2414 1154 usque

568 1214 613 1283 ad
631 1215 842 1300 completum
861 1215 975 1301 ipsum
989 1234 1137 1304 annum,
1153 1221 1190 1286 et
1206 1237 1268 1305 per
1283 1235 1406 1286 omnes
1422 1218 1632 1286 ebdomadas
1647 1224 1835 1287 macenent
1848 1221 1950 1288 nobis
1966 1223 2044 1288 sinc
2061 1221 2241 1296 molitura,
2255 1221 2420 1307 qualiter

568 1367 636 1434 luit
659 1367 892 1456 consuetudo;
918 1371 1007 1438 etsi
1033 1368 1216 1439 forratura
1243 1376 1308 1440 aut
1332 1359 1519 1440 arcaturis
1542 1390 1580 1440 se
1603 1371 1754 1457 ruperit,
1777 1371 1919 1460 quando
1940 1371 2047 1460 plena
2062 1371 2184 1459 luerit,
2201 1389 2340 1460 semper
2354 1389 2423 1441 nos

571 1519 747 1590 iaciamus
770 1517 866 1606 ipsas
889 1522 1069 1608 conciare,
1092 1526 1129 1590 et
1152 1521 1374 1628 illis-ibidem
1398 1525 1570 1594 adiubent
1593 1544 1656 1612 per
1678 1545 1716 1594 se
1740 1528 1845 1614 ipsos,
1879 1534 2051 1614 quantum
2077 1526 2204 1596 melius
2231 1525 2419 1613 potuerint

568 1678 607 1742 et
629 1675 659 1742 si
686 1675 775 1743 mole
801 1673 853 1744 ibi
878 1691 1061 1743 necessum
1085 1675 1208 1763 luerit,
1232 1693 1297 1742 nos
1320 1675 1442 1743 demus
1462 1678 1539 1762 ipse
1562 1694 1683 1745 eorum
1706 1683 1742 1747 ct
1767 1677 1840 1746 illis
1872 1677 2059 1763 assignent
2082 1678 2166 1744 ibi.
2195 1728 2205 1745 .
2233 1729 2241 1745 .
2267 1676 2319 1744 ibi
2344 1675 2420 1745 lue·

570 1827 661 1914 rint,
685 1832 722 1897 et
745 1831 919 1916 quantum
940 1814 1028 1899 'inde
1051 1833 1184 1916 hopera
1208 1829 1442 1916 perdiderint,
1466 1847 1529 1915 per
1551 1831 1726 1898 rationem
1752 1831 1956 1918 inputcmus
1979 1849 2044 1898 nos
2077 1831 2121 1899 dc
2146 1832 2222 1917 ipso
2244 1846 2372 1919 gran0;
2398 1849 2422 1900 a

571 1981 783 2070 completum
807 1985 921 2068 ipsum
949 2001 1086 2050 annum
1111 1981 1224 2050 licead
1248 1981 1321 2050 illis
1343 1986 1379 2050 et
1393 1983 1555 2050 homines
1571 1985 1633 2069 qui
1649 1983 1698 2050 ibi
1717 1983 1891 2070 miserint,
1908 1982 1990 2051 inde
2012 1986 2114 2053 exire
2129 2002 2210 2051 cum
2224 2001 2336 2051 causa
2353 1999 2422 2052 sus

573 2135 666 2224 quod
690 2137 822 2204 iustum
847 2135 956 2204 suerit
969 2185 980 2222 ,
1003 2139 1040 2202 et
1063 2135 1227 2202 inclitum
1249 2135 1364 2220 ipsum
1388 2133 1558 2201 molinum
1582 2133 1786 2202 conciatum
1809 2153 1887 2202 cum
1911 2133 2026 2202 omnis
2048 2153 2115 2202 sua
2145 2133 2363 2219 pertinentia
2385 2135 2422 2202 st

569 2307 651 2358 cum
677 2290 756 2375 ipsa
780 2289 910 2376 redita,
934 2288 1090 2375 qualiter
1114 2287 1310 2374 perfectum
1337 2291 1482 2374 pussant
1505 2305 1695 2355 macenare
1708 2335 1719 2372 ,
1742 2287 1844 2355 nobis
1866 2287 2053 2373 assignent
2076 2287 2122 2354 ad
2145 2289 2282 2372 partem
2306 2285 2425 2372 ipsius

571 2459 707 2525 gemme
729 2445 766 2509 et
790 2443 901 2529 ipsius
926 2441 1145 2510 monasterii.
1171 2441 1269 2509 Unde
1293 2442 1330 2506 in
1354 2457 1395 2507 eo
1417 2441 1534 2508 tinore
1555 2459 1616 2526 per
1649 2439 1900 2509 convenientia
1932 2439 2069 2526 guadia
2103 2439 2205 2506 nobis
2239 2437 2417 2506 dederunt

576 2594 646 2681 ipsi
670 2595 833 2682 germani
855 2593 1062 2663 benedictus
1084 2598 1120 2661 et
1145 2595 1328 2679 iohannes,
1352 2596 1387 2661 et
1409 2571 1639 2661 mediatorem
1663 2593 1765 2660 nobis
1781 2597 1975 2679 posuerunt
1997 2608 2096 2659 sassu
2113 2607 2278 2677 capuanu
2301 2589 2420 2658 filium

571 2749 709 2836 donali3
732 2751 770 2816 et
794 2764 857 2833 per
883 2749 961 2834 ipsa
984 2748 1119 2836 guadia
1142 2746 1317 2834 obligavit
1340 2765 1377 2815 se
1399 2747 1487 2833 ipsis
1510 2745 1683 2814 nominati
1707 2743 1883 2832 germani,
1908 2748 1947 2813 ut
1970 2745 2001 2812 si
2025 2744 2146 2811 omnia
2168 2743 2422 2829 suprascripta

556 2914 642 2966 ‘non
665 2897 942 2984 adimplebcrint
965 2897 1004 2964 in
1029 2905 1132 2985 parte
1155 2899 1288 2966 exdicti
1315 2898 1506 2967 monasteri
1530 2903 1566 2967 et
1589 2900 1701 2985 ipsius
1724 2899 1851 2966 domne
1865 2916 2016 2986 gemme,
2034 2901 2070 2966 et
2084 2896 2215 2984 aliquit
2230 2896 2314 2966 inde
2337 2914 2423 2966 con·

569 3052 801 3140 tradixerint,
818 3054 915 3122 Tunc
931 3070 994 3138 per
1010 3053 1089 3138 ipsa
1104 3051 1240 3146 guadia
1255 3068 1463 3138 componere
1479 3051 1729 3139 obligaverunt
1745 3069 1783 3119 sc
1800 3052 1887 3138 ipsis
1901 3049 2112 3119 benedictus
2126 3053 2164 3117 et
2188 3049 2362 3118 iohannes
2381 3046 2421 3116 in

572 3206 690 3292 ipsum
725 3203 982 3273 monasterium
1005 3201 1136 3290 viginti
1160 3200 1260 3270 solidi
1283 3203 1386 3272 aurei
1408 3203 1652 3292 constantini,
1676 3203 1769 3292 quod
1791 3205 1917 3292 scripsi
1941 3219 2008 3292 ego
2029 3205 2091 3290 qui
2115 3221 2224 3289 supra
2247 3204 2428 3272 iohannes

574 3358 727 3428 clericus
750 3363 787 3426 et
809 3351 1000 3428 advocator
1023 3357 1084 3444 qui
1109 3361 1145 3426 ot
1167 3357 1297 3426 scriba.

616 3484 647 3604 †
670 3531 737 3602 ego
760 3513 822 3602 qui
845 3531 956 3600 supra
980 3503 1155 3580 iohannes
1177 3507 1310 3578 domini
1333 3511 1475 3597 gratias
1498 3511 1623 3580 abbas.

1369 4155 1636 4239 GMXCII.

1347 4452 1405 4528 A.
1433 4451 1488 4526 D.
1515 4450 1646 4526 1042.

593 4783 597 4790 -
623 4689 660 4830 †
685 4741 727 4809 ln
749 4740 894 4808 nomine
916 4738 1052 4808 domini
1076 4735 1242 4806 vicesimo
1265 4743 1391 4824 quarto
1415 4755 1509 4806 anno
1532 4737 1755 4825 principatus
1777 4736 1909 4807 salerni
1933 4737 2051 4805 domni
2080 4737 2193 4805 nostri
2227 4737 2425 4824 guaimarii

573 4893 720 4982 gloriosi
738 4891 926 4980 principis,
942 4895 988 4991 Et
1004 4895 1133 4978 quarto
1152 4908 1246 4960 anno
1263 4891 1486 4977 principatus
1501 4890 1578 4959 eius
1594 4909 1717 4976 capue,
1734 4893 1778 4956 lit
1793 4890 1899 4958 tertio
1914 4907 2010 4959 anno
2022 4889 2172 4960 ducatus
2184 4891 2262 4959 eius
2276 4889 2417 4962 amalfis

574 5051 612 5116 et
635 5047 796 5132 sirrenti,
821 5063 941 5114 mense
964 5044 1110 5132 aprelis,
1143 5043 1281 5111 decima
1305 5044 1509 5112 indictione.
1536 5047 1606 5111 Nos
1622 5043 1815 5110 roderisius
1831 5047 1868 5111 et
1883 5042 2032 5111 alferius
2047 5045 2210 5130 germani
2230 5042 2297 5114 filii
2313 5062 2428 5131 quon·

575 5195 659 5264 dam
683 5195 845 5279 roderici,
869 5198 905 5263 et
927 5193 1057 5261 mulier
1080 5193 1221 5260 nomino
1244 5205 1384 5279 gomma
1405 5193 1479 5262 illia
1504 5193 1595 5262 leoni
1621 5194 1713 5260 zicza
1737 5210 1827 5261 uxor
1842 5193 2037 5278 supradicti
2063 5194 2270 5281 roderisius,
2288 5201 2324 5264 et
2341 5213 2419 5262 mu·

576 5342 644 5413 lier
667 5346 810 5413 nomine
835 5343 952 5414 blacta
975 5343 1052 5414 illia
1075 5343 1253 5431 quondam
1277 5343 1370 5411 leoni
1393 5344 1541 5432 stagilli,
1566 5364 1634 5432 que
1650 5347 1718 5414 luit
1733 5364 1824 5414 uxor
1848 5345 2074 5431 supradictus
2090 5345 2251 5434 alferius,
2269 5345 2426 5416 clareia-

575 5485 690 5566 cimus
705 5515 777 5565 non
794 5499 864 5566 viri
882 5497 1030 5584 predicti
1048 5502 1084 5565 et
1100 5499 1286 5582 uxoribus,
1299 5496 1468 5582 quoniam
1486 5497 1641 5584 pertinet
1658 5497 1759 5564 nobis
1773 5498 1972 5566 comuniter
1988 5499 2095 5567 abere
2117 5499 2223 5566 rebus
2241 5497 2279 5564 in
2303 5499 2421 5566 locum

575 5649 789 5717 transbenee
814 5649 853 5716 in
876 5647 1007 5717 finibus
1029 5647 1261 5736 salernitane,
1285 5667 1353 5736 que
1376 5653 1431 5718 est
1453 5653 1551 5717 terra
1574 5667 1653 5716 cum
1679 5648 1786 5717 binea
1808 5651 1844 5716 et
1860 5649 2014 5762 bacuum
2030 5647 2202 5716 coniunta
2217 5667 2298 5716 cum
2317 5651 2429 5719 rebus

578 5797 732 5866 cibolino
755 5799 991 5868 ministeriale
1014 5799 1210 5886 supradicti
1235 5799 1382 5887 gloriosi
1406 5798 1580 5886 principis
1602 5803 1639 5867 et
1661 5798 1756 5867 tilius
1778 5798 1955 5886 quondam
1989 5797 2201 5868 machonolll
2230 5798 2269 5866 in
2302 5799 2424 5870 eodem
