5456 7096
637 493 685 566 90
1271 481 1448 557 OODEX
1482 479 1748 558 cnvlcNSIS

591 718 724 789 surcati
747 721 783 788 et
806 735 889 805 sepe
912 714 1031 804 posita
1054 715 1108 782 est
1132 729 1243 798 usque
1267 711 1305 780 in
1328 659 1409 798 ipsa
1432 711 1506 798 via;
1530 709 1614 778 dum
1639 711 1759 779 autem
1775 719 1839 794 per
1855 704 1949 792 ipsos
1971 700 2191 770 ministrales
2215 696 2305 769 talia
2328 713 2438 786 agno·

437 880 441 893 ’
562 877 640 966 ri,
665 877 752 966 quia
775 894 838 964 per
863 875 957 961 ipsos
979 870 1095 940 finitio
1119 873 1197 959 ipsa
1221 868 1317 938 lacta
1340 867 1478 954 luisset,
1502 862 1732 954 percognita
1764 878 1875 929 causa
1909 856 2094 942 ordinavi,
2128 863 2168 928 ut
2193 856 2232 924 in
2256 859 2435 945 posterum

594 1032 677 1102 inde
701 1048 774 1099 non
797 1030 938 1097 oriatur
961 1022 1127 1110 intentio,
1152 1026 1188 1091 et
1211 1041 1234 1090 a
1259 1020 1345 1091 soris
1370 1019 1446 1108 ipsa
1470 1018 1589 1105 scpale
1609 975 1651 1084 in
1677 1019 1779 1103 parte
1800 1013 1950 1083 orientis
1973 1011 2013 1080 in
2037 1010 2154 1081 media
2176 1011 2235 1079 via
2252 1027 2321 1097 que
2337 1007 2438 1077 venit

587 1184 632 1254 de
655 1183 732 1272 ipso
757 1185 865 1269 ponte
890 1181 1038 1264 terrato,
1065 1179 1160 1245 inter
1183 1194 1241 1244 res
1264 1173 1452 1262 pubblicas
1479 1173 1600 1242 inveni
1624 1177 1762 1259 petram
1788 1167 2030 1255 immobilem,
2066 1167 2129 1235 ubi
2155 1165 2201 1234 ab
2224 1165 2302 1251 ipsa
2337 1167 2440 1250 petra

590 1355 703 1425 usque
728 1336 767 1403 in
791 1335 870 1421 ipsa
893 1330 1026 1419 sepale,
1050 1331 1112 1400 ubi
1129 1329 1204 1417 -ipsi
1231 1327 1418 1396 musiricle
1441 1325 1639 1396 cancellum
1663 1326 1795 1394 iactum
1818 1324 1964 1409 habent,
1988 1322 2138 1388 nonest
2162 1317 2236 1388 alia
2252 1320 2367 1405 petra,
2386 1321 2439 1387 sot

589 1491 697 1560 iuxta
722 1491 839 1576 ipsum
864 1482 1285 1565 cancellumterminum
1307 1483 1419 1570 figere
1443 1479 1525 1570 feci,
1549 1485 1589 1548 ut
1611 1480 1696 1548 sunt
1713 1478 1759 1545 ab
1775 1474 1853 1564 ipsa
1869 1478 1973 1562 petra
1991 1471 2164 1541 immobili
2182 1470 2348 1558 usquein
2365 1467 2451 1560 ipso¹

590 1643 744 1716 termino
768 1639 863 1730 passi
888 1640 1022 1728 viginti
1048 1641 1201 1726 quatuor
1227 1636 1273 1706 ad
1297 1635 1408 1750 iustos
1431 1625 1568 1722 passus,
1593 1636 1633 1700 ut
1646 1632 1704 1700 ab
1726 1630 1801 1718 ipso
1823 1627 1976 1696 termine
1998 1631 2046 1715 et,
2076 1625 2171 1694 sicut
2193 1624 2335 1693 conficti
2356 1625 2441 1690 sunt

589 1799 656 1886 ipsi
681 1795 811 1867 lurcati
836 1813 949 1883 usque
973 1793 1012 1860 in
1035 1791 1122 1879 ipsis
1145 1796 1218 1859 tres
1246 1790 1424 1878 pesclora,
1449 1789 1596 1856 teneant
1619 1785 1716 1873 ipsas
1740 1801 1797 1852 res
1822 1781 1889 1869 ipsi
1914 1780 2044 1868 prefati
2071 1785 2209 1868 petrus,
2234 1784 2270 1849 et
2293 1795 2390 1866 urso,
2407 1780 2443 1846 et

591 1954 765 2037 marinuS,
789 1953 825 2018 et
852 1947 1047 2033 balsamuS,
1071 1949 1107 2014 et
1131 1945 1318 2029 iohannes
1342 1946 1522 2010 eteorum
1546 1939 1705 2027 heredes,
1730 1938 1808 2006 sine
1831 1937 1929 2004 omni
1953 1932 2221 2020 contrarietate,
2246 1935 2284 2001 et
2312 1930 2443 2004 iamin

590 2105 726 2175 forensi
750 2105 910 2174 habeant
937 2101 1122 2170 licentiam
1146 2098 1189 2168 de
1217 2099 1304 2186 ipsis
1328 2100 1435 2165 rebus
1457 2094 1584 2164 deinde
1608 2111 1671 2181 pro
1693 2057 1744 2162 eis
1768 2065 1949 2178 retinere,
1985 2093 2021 2158 et
2042 2087 2165 2158 taliter
2189 2088 2350 2157 scribere
2373 2085 2443 2155 feci

595 2265 631 2331 te
654 2259 805 2331 talarico
829 2255 1005 2346 presbiter
1026 2259 1064 2324 et
1087 2253 1254 2324 notarius
1277 2252 1340 2340 qui
1364 2251 1462 2320 fuisti
1487 2253 1588 2322 actus
1611 2248 1747 2318 cilenti.

644 2389 675 2505 †
699 2418 775 2505 Ego
797 2414 859 2502 qui
882 2431 993 2502 supra
1017 2411 1205 2499 iaquintus
1227 2407 1419 2477 castaldus.

1321 2629 1706 2644 m

1352 2855 1686 2981 cmxxxm.

1376 3198 1434 3273 A.
1461 3197 1517 3271 n.
1545 3195 1681 3304 ross.¹

641 3443 678 3585 †
702 3497 742 3563 In
766 3495 912 3564 nomine
934 3493 1068 3562 domini
1092 3493 1149 3562 dei
1164 3492 1472 3563 salvatorisihesu
1483 3489 1622 3579 christi,
1639 3491 1837 3578 imperante
1850 3488 1978 3556 domno
1993 3485 2160 3556 michaeli
2177 3500 2308 3573 magno
2339 3483 2447 3570 imps-

594 3652 729 3736 ratore,
752 3667 848 3718 anno
872 3647 1010 3737 quinto,
1036 3647 1094 3716 die
1118 3645 1386 3734 quintadecima
1401 3644 1533 3714 mensis
1553 3642 1772 3732 septembrii,
1790 3643 1987 3714 indictione
2004 3643 2170 3730 septima,
2186 3639 2343 3727 neapoli.
2366 3638 2447 3706 Ger-

596 3805 674 3872 tum
697 3805 752 3871 est
763 3821 819 3870 me
836 3800 1038 3888 heupraxia
1053 3800 1166 3869 libera
1182 3801 1331 3887 semina,
1348 3818 1416 3886 que
1433 3801 1598 3868 nominor
1614 3799 1851 3886 campanella,
1868 3799 1943 3868 lilia
1954 3799 2135 3885 quondam
2159 3794 2279 3864 domni
2296 3791 2449 3864 iohanni

596 3953 640 4022 de
655 3955 749 4022 rocci
767 3957 803 4022 et
819 3951 995 4040 quondam
1011 3952 1138 4021 domne
1153 3954 1296 4021 drosum
1309 3951 1418 4022 libero
1435 3954 1579 4040 femine,
1596 3952 1774 4040 iugalium
1789 3970 2033 4040 personarum,
2049 3949 2175 4022 relicta
2190 3954 2312 4022 autem
2335 3964 2449 4036 quon·

539 4147 545 4166 ·
597 4105 679 4178 dam
703 4107 831 4175 domno
855 4103 1036 4193 stephani,
1060 4106 1122 4193 qui
1146 4106 1333 4177 dicebatur
1356 4106 1592 4194 campanella,
1617 4124 1640 4174 a
1663 4104 1821 4194 presenti
1844 4105 1902 4173 die
1918 4103 2158 4193 promtissima
2174 4102 2368 4175 volumtate
2392 4119 2452 4172 ve·

597 4259 764 4329 numdedi
790 4265 825 4329 et
848 4259 983 4330 tradidi
1006 4259 1074 4329 tibi
1098 4262 1271 4348 stephano
1293 4259 1368 4328 filio
1391 4261 1569 4348 quondam
1592 4261 1712 4330 domni
1735 4261 1778 4331 de
1802 4265 1915 4331 masto
1939 4259 2064 4350 sergii,
2090 4259 2182 4330 idest
2204 4261 2352 4349 integra
2375 4276 2450 4329 una

597 4413 827 4483 clusuricella
850 4432 930 4482 mea
945 4413 988 4482 de
1005 4417 1104 4483 terra
1120 4387 1189 4501 que
1204 4413 1411 4484 nominatur
1428 4415 1713 4505 panupictulum,
1730 4419 1846 4506 posita
1861 4435 1944 4486 vero
1959 4418 2046 4486 ioris
2062 4417 2137 4488 loco
2153 4416 2216 4506 qui
2240 4417 2453 4486 nominatur

600 4570 736 4657 miana,
757 4570 964 4658 pertinente
986 4567 1075 4637 mihi
1099 4587 1163 4656 per
1187 4573 1418 4655 parentorum
1443 4587 1615 4658 meorum,
1640 4587 1712 4640 una
1729 4588 1810 4638 cum
1826 4572 2012 4640 arvoribus
2028 4573 2066 4639 et
2082 4569 2270 4638 introitum
2294 4569 2454 4638 suomet

599 4723 760 4790 omnibus
783 4723 851 4790 sivi
876 4721 1149 4809 pertinentibus,
1175 4724 1365 4790 coherente
1388 4722 1456 4789 sivi
1482 4725 1528 4791 ab
1551 4740 1623 4792 uno
1647 4721 1758 4791 latere
1781 4728 1880 4793 terra
1903 4721 2022 4792 domni
2048 4722 2216 4791 iohannis
2236 4721 2354 4810 pisani
2378 4719 2455 4789 filio

598 4875 777 4961 quondam
803 4874 924 4944 domni
948 4876 1108 4964 gregorii
1131 4867 1263 4964 pisani,
1287 4879 1323 4944 et
1348 4875 1391 4944 de
1416 4876 1487 4945 aiio
1509 4877 1622 4945 latero
1646 4877 1788 4945 coheret
1802 4881 1903 4946 terra
1917 4879 1980 4945 tua
1998 4875 2231 4963 suprascripti
2248 4874 2370 4945 domni
2385 4877 2420 4982 st

598 5028 723 5116 phani:
747 5029 790 5097 de
815 5047 886 5098 uno
909 5032 1025 5119 capite
1049 5033 1104 5100 est
1129 5032 1167 5098 in
1191 5029 1417 5118 aliquantum
1442 5034 1540 5100 terra
1561 5031 1795 5117 suprascripti
1818 5029 1938 5099 domni
1962 5030 2128 5100 iohannis
2151 5031 2270 5118 pisani
2287 5036 2325 5098 et
2351 5032 2452 5100 terra

604 5184 709 5271 (deest
732 5185 890 5268 nomen);
913 5189 948 5252 et
972 5184 1014 5251 de
1029 5182 1099 5254 alio
1114 5184 1231 5271 capite
1249 5187 1301 5252 est
1318 5184 1417 5252 terra
1434 5182 1477 5250 do
1493 5183 1635 5270 quidem
1654 5186 1827 5271 stephano
1844 5183 2006 5270 ferrario,
2026 5185 2093 5270 qui
2113 5183 2325 5254 nominatur
2340 5201 2459 5252 arrec-

600 5339 748 5429 tiaculo,
767 5297 874 5410 sicuti
892 5338 1052 5408 exomni
1070 5343 1205 5426 partem
1223 5340 1317 5426 sepis
1332 5357 1411 5407 eam
1427 5337 1628 5425 circundat,
1644 5336 1687 5404 de
1705 5357 1776 5424 qua
1794 5335 1890 5403 nihil
1908 5335 1994 5404 mihi
2011 5335 2154 5424 exinde,
2184 5354 2250 5405 nec
2267 5336 2306 5404 in
2322 5337 2459 5410 alienas

607 5495 780 5582 cuiusque
802 5511 984 5582 personas
1009 5493 1101 5582 qnod
1126 5493 1233 5580 absit,
1258 5491 1435 5562 commisit
1449 5497 1513 5562 aut
1529 5493 1601 5561 iam
1618 5493 1797 5562 committo
1814 5498 2037 5585 potestatem,
2055 5502 2109 5566 set
2129 5517 2151 5584 a
2168 5499 2329 5583 presenti
2345 5495 2408 5566 die
2423 5497 2460 5563 et

608 5647 775 5736 deinceps
800 5651 1052 5736 prenominata
1076 5651 1323 5737 suprascripta
1348 5647 1490 5738 integra
1514 5649 1740 5719 clusuricella
1764 5669 1842 5720 mea
1865 5649 1909 5720 de
1933 5655 2031 5721 terra
2054 5670 2123 5739 que
2139 5650 2205 5721 tibi
2235 5649 2462 5737 venumdedi,

1102 5751 1116 5782 .

602 5821 671 5890 quo
695 5803 903 5872 nominatur
927 5803 1214 5891 panupictulum,
1239 5806 1354 5892 posita
1378 5803 1463 5874 soris
1486 5806 1727 5894 suprascripto
1752 5805 1824 5875 loco
1849 5809 1983 5894 misna,
2009 5825 2191 5876 unacum
2219 5809 2410 5877 arboribus
2425 5811 2464 5878 et
