5402 7088
1006 545 1418 621 DlPLOMATlCUS
2050 543 2101 629 13'

288 781 351 833 seu
375 763 637 850 reliquentibus
662 769 770 837 hauri
794 767 922 838 solidos
946 773 1019 840 tres
1042 771 1255 859 vytianteos,
1279 775 1316 842 et
1338 791 1378 840 ec
1401 773 1579 862 chartula,
1604 780 1643 845 ut
1666 795 1772 865 super
1790 776 1948 868 legitur,
1966 782 2013 851 sit
2036 783 2154 854 firma.

287 917 426 1004 scripta
448 936 512 1004 per
536 935 664 1032 manus
687 919 798 1007 sergii
823 921 1007 1008 scriptoris
1030 926 1104 994 filio
1120 927 1237 996 domni
1255 929 1405 996 Iohanni
1422 925 1572 997 curialis
1587 947 1650 1014 per
1667 931 1915 1018 suprascripta
1930 933 2140 1006 indictione.

293 1046 421 1164 †Hoc
444 1072 589 1160 signum
612 1091 741 1143 manus
764 1074 1000 1161 suprascripti
1025 1077 1189 1148 lamberti
1212 1084 1246 1148 et
1263 1081 1497 1165 suprascripti
1521 1079 1700 1148 hadenolfl
1724 1081 1816 1167 quod
1840 1100 1905 1169 ego
1929 1085 1990 1170 qui
2015 1104 2141 1174 supra-

287 1227 438 1312 scriptos
461 1226 609 1295 habeis
633 1229 782 1312 rogatus
806 1245 869 1314 pro
893 1229 946 1295 eis
969 1230 1161 1317 subscripsi
1185 1237 1222 1299 et
1245 1231 1477 1318 suprascripti
1503 1231 1573 1298 tari
1599 1234 1779 1302 consessus
1804 1237 2021 1323 percepisse.

329 1349 461 1467 †Ego
487 1381 664 1448 iohannes
687 1379 782 1448 filius
805 1380 924 1448 domni
949 1385 1061 1470 sergii
1087 1383 1170 1452 testi
1197 1383 1388 1470 subscripsi
1415 1389 1452 1453 et
1474 1387 1710 1474 suprascripti
1734 1387 1807 1457 tari
1832 1389 1984 1458 confessi
2021 1410 2141 1478 perce·

281 1529 377 1618 pisse
402 1503 433 1619 †

325 1659 357 1777 †
383 1688 458 1775 Ego
483 1687 596 1756 sotius
620 1688 767 1758 curialis
791 1691 892 1758 testis
915 1691 1108 1778 subscripsi
1133 1698 1168 1757 et
1190 1693 1425 1780 suprascripti
1451 1695 1523 1762 tari
1547 1697 1728 1763 confessus
1753 1698 1951 1784 percepisse
1976 1671 2006 1788 †

331 1812 461 1930 †Ego
486 1843 627 1930 sergius
649 1842 798 1911 curialis
821 1843 922 1911 lestis
944 1843 1137 1931 subscripsi
1163 1851 1198 1912 et
1220 1846 1456 1931 suprascripti
1481 1847 1552 1913 tari
1576 1847 1758 1915 consessus
1784 1852 1984 1936 percepisse
2079 1909 2083 1914 .

328 1970 359 2088 †
384 2001 458 2083 Ego
482 1995 657 2065 iohannes
683 1997 829 2066 curialis
847 2003 930 2084 post
940 1998 1235 2084 subscriptionem
1259 1999 1496 2085 suprascripti
1520 2003 1629 2088 sergii
1648 2001 1712 2068 filii
1732 2003 1801 2069 mei
1823 2007 1860 2070 et
1876 2005 2136 2074 rescrationem

251 2139 253 2146 ’
279 2151 602 2239 suprascriptorum
628 2151 774 2220 testium
800 2147 972 2235 complevi
998 2154 1033 2217 et
1056 2150 1192 2218 absolvi
1217 2169 1279 2237 per
1304 2151 1552 2239 suprascripta
1575 2154 1683 2223 tertia
1708 2154 1915 2224 indictione.

979 2409 1403 2420 —-———-————-—

961 2707 1438 2789 DCCCLXXVIII.

1052 2941 1107 3014 A.
1139 2941 1192 3013 D.
1225 2938 1354 3013 1034.

320 3167 423 3309 †ln
461 3225 604 3294 nomine
628 3225 761 3294 domini
799 3231 1085 3298 sebtimodeclmo
1109 3248 1203 3297 anno
1229 3227 1453 3316 principatus
1476 3228 1595 3296 domni
1627 3230 1738 3297 nostrl
1769 3231 1948 3318 guaimari
1978 3230 2132 3318 glorioso

272 3379 448 3468 principe,
472 3397 594 3448 mense
618 3383 775 3468 octuber,
800 3384 912 3452 tertia
936 3384 1142 3451 indictione.
1159 3381 1446 3450 illemoratorium
1469 3381 1601 3450 factum
1628 3401 1651 3450 a
1675 3400 1731 3450 me
1757 3381 1941 3469 iaquintus
1961 3384 2132 3453 diaconus

275 3537 314 3604 et
335 3535 561 3620 primicerius
584 3535 679 3602 lilius
702 3534 880 3622 gaudiosi,
909 3553 949 3603 eo
978 3536 1069 3620 quod
1094 3539 1178 3603 ante
1201 3537 1383 3620 presentia
1406 3531 1540 3612 maioni
1565 3535 1756 3620 presbiteri
1782 3541 1818 3604 et
1841 3538 1962 3605 abbati
1983 3513 2133 3606 'ecclesie

275 3689 393 3759 sancti
416 3687 564 3758 maximi
591 3689 650 3775 qui
676 3691 784 3756 situm
808 3692 862 3755 est
886 3687 984 3754 intus
1007 3705 1075 3754 ano
1099 3686 1324 3754 salernitana
1346 3685 1524 3774 civitate,
1548 3693 1585 3755 et
1607 3689 1727 3787 ibique
1750 3694 1843 3776 esset
1868 3695 1992 3777 petrus
2014 3708 2130 3758 comes

272 3841 334 3930 qui
358 3849 413 3911 est
435 3842 627 3911 adbocator
649 3845 686 3909 et
709 3860 819 3908 unum
842 3841 885 3910 de
908 3841 1056 3908 dominii
1080 3841 1192 3928 ipsius
1214 3838 1373 3925 ecclesie,
1392 3843 1429 3908 et
1452 3844 1545 3908 esset
1561 3838 1624 3910 alii
1640 3839 1832 3929 subscripti
1849 3845 1969 3931 testes,
1987 3862 2050 3930 per
2067 3844 2126 3914 de·

278 3997 543 4066 mandationem
565 3995 680 4083 ipsius
702 3996 823 4063 abbati
855 3994 902 4064 ad
925 3995 1118 4063 tenendum
1145 3999 1181 4064 et
1203 3995 1462 4082 pastenandum
1487 3979 1739 4068 abellanietum
1776 4047 2125 4068 ..........

272 4169 339 4240 ego
362 4149 550 4238 iaquintus
572 4147 716 4236 dictus,
741 4167 815 4216 una
837 4166 975 4216 mecum
998 4150 1090 4216 esset
1113 4149 1188 4234 ipse
1211 4151 1334 4256 petrus
1357 4165 1471 4218 comes
1494 4150 1685 4220 adbocator
1718 4151 1831 4239 ipsius
1853 4152 2001 4222 ecclesie
2024 4156 2122 4242 sergi

272 4302 340 4373 filii
364 4301 620 4390 iohanni,una
635 4302 737 4390 pecie
759 4301 803 4369 de
826 4303 925 4368 terra
947 4303 1076 4386 bacua,
1099 4318 1168 4387 que
1189 4317 1274 4386 pars
1297 4301 1410 4387 ipsius
1433 4301 1579 4370 ecclesie
1594 4305 1676 4372 abet
1691 4302 1857 4372 inlocum
1871 4305 2033 4393 nucerie,
2061 4305 2124 4374 ubi

271 4455 317 4528 cd
341 4454 461 4543 agella
483 4455 629 4542 dicitur,
652 4455 745 4542 quod
770 4472 836 4542 ego
859 4452 940 4520 illut
963 4454 1002 4520 in
1025 4451 1236 4520 veneficium
1259 4451 1396 4521 retineo
1419 4472 1442 4520 a
1463 4471 1549 4540 pars
1572 4451 1687 4541 ipsius
1711 4454 1859 4525 ecclesie
1881 4474 1945 4544 per
1967 4457 2052 4525 linis
2088 4463 2125 4527 et

272 4611 479 4681 mensuris:
503 4629 526 4680 a
549 4626 633 4697 pars
656 4610 804 4679 orientis
827 4609 899 4676 fine
921 4609 1015 4676 sicut
1038 4607 1151 4676 limite
1173 4607 1374 4712 discernit,
1407 4611 1492 4676 sunt
1514 4609 1597 4678 inde
1620 4609 1805 4699 longitudo
1828 4629 1949 4698 passos
1973 4617 2122 4699 quatra·

275 4761 379 4853 ginta
404 4809 673 4830 ........
710 4783 734 4832 a
756 4778 838 4849 pars
871 4763 1021 4830 meridie
1050 4757 1217 4830 similiter
1244 4760 1317 4860 dne
1339 4758 1481 4839 limite,
1513 4766 1599 4830 sunt
1627 4763 1710 4832 inde
1740 4761 1892 4832 latitudo
1921 4731 2042 4852 passos
2065 4764 2124 4835 de-

272 4933 348 4985 cem
371 4925 407 4985 et
430 4917 582 4986 nobem:
607 4935 630 4985 a
652 4933 738 5020 pars
761 4915 956 5002 occidentis
979 4913 1145 4982 similiter
1172 4959 1587 4982 ............
1613 4918 1699 4983 sunt
1722 4912 1805 4983 inde
1830 4915 1927 5001 passi
1965 4915 2123 5002 triginta

273 5071 458 5157 quinque:
483 5088 506 5138 a
528 5086 613 5155 pars
636 5057 900 5136 sebtemtrionis
924 5065 1092 5136 similiter
1114 5066 1186 5132 line
1210 5063 1302 5132 siout
1326 5064 1442 5134 limite
1457 5063 1631 5134 discernit
1656 5113 2119 5137 .............

269 5223 305 5290 ct
326 5223 474 5310 sebtem,
499 5225 613 5292 totum
635 5220 682 5289 ad
705 5221 799 5289 iusto
821 5238 964 5307 passum
986 5217 1098 5286 omini
1122 5221 1382 5324 mensuratum
1407 5233 1447 5284 ec
1468 5233 1552 5284 vero
1574 5216 1735 5304 predicta
1752 5219 1854 5306 pecia
1878 5221 1923 5289 de
1940 5223 2041 5292 terra
2057 5241 2120 5310 per

272 5372 442 5445 iamdicto
464 5373 548 5442 finis
571 5377 608 5442 et
629 5373 810 5441 mensurio
832 5376 945 5441 totum
968 5377 1004 5440 et
1026 5369 1189 5440 inclitum
1213 5368 1294 5437 illut
1316 5387 1398 5437 cum
1421 5370 1543 5438 omnia
1565 5370 1662 5439 intro
1677 5389 1715 5441 se
1731 5374 1920 5443 abentibus
1936 5331 2121 5445 omnibus·

270 5547 337 5617 que
359 5527 436 5596 suis
459 5525 687 5615 pertinentiis
709 5532 746 5595 et
768 5544 848 5593 cum
874 5525 950 5594 vice
973 5523 1016 5592 de
1047 5523 1107 5593 bia
1134 5541 1202 5591 sua
1231 5521 1314 5592 illut
1342 5523 1489 5610 ipsius.
1518 5573 1526 5589 .
1555 5573 1563 5590 .
1592 5574 1602 5590 .,
1630 5573 1821 5594 ......
1857 5528 2119 5614 pastenandum

268 5679 524 5750 abellanietum
546 5677 709 5800 tradidit.
742 5675 841 5744 Unde
863 5693 928 5763 pro
951 5673 1075 5744 taliter
1098 5693 1162 5762 per
1185 5675 1497 5747 demandationem
1524 5678 1639 5766 ipsius
1661 5679 1784 5750 abbati
1810 5679 1944 5768 guadia
1966 5679 2052 5748 mihi
2081 5685 2119 5750 et

268 5834 316 5910 ad
337 5836 535 5926 predictum
557 5835 723 5906 abbatem
746 5831 902 5938 dedit-et
924 5827 1155 5898 mediatorem
1178 5826 1265 5894 mihi
1290 5827 1407 5915 posuit
1428 5847 1467 5899 sc
1490 5829 1606 5916 ipsum
1629 5830 1740 5926 sergi3
1765 5833 1801 5900 et
1824 5848 1889 5919 per
1913 5831 1993 5918 ipsa
2026 5849 2118 5919 gua·
