5456 7096
1235 511 1416 587 GODEX
1454 512 1723 589 GAVENSIS

1315 1051 1665 1135 GMLXXIII·

1337 1381 1394 1456 A·
1424 1383 1477 1458 D.
1507 1382 1632 1456 1041.

613 1617 648 1756 †
674 1671 714 1736 ln
738 1673 884 1738 nomine
907 1669 1040 1739 domini
1066 1669 1233 1744 bicesimo
1257 1672 1363 1739 tertio
1384 1688 1480 1740 anno
1503 1674 1726 1758 principatus
1747 1669 1882 1741 salerni
1899 1670 2020 1739 domni
2037 1667 2152 1736 nostri
2169 1665 2361 1754 guaimari,
2377 1669 2412 1733 et

567 1823 673 1892 tertio
698 1839 798 1892 anno
824 1823 1049 1910 principatus
1071 1825 1149 1892 eius
1171 1842 1295 1910 capue,
1319 1827 1354 1892 et
1376 1823 1529 1892 secundo
1552 1841 1647 1893 anno
1669 1824 1819 1893 ducatus
1841 1823 1937 1890 illius
1960 1820 2082 1892 amalll
2098 1823 2134 1888 et
2150 1819 2320 1912 surrenti,
2339 1819 2413 1907 glo·

566 1974 652 2044 riosi
677 1975 868 2064 principis,
895 1993 1017 2044 mense
1032 1975 1195 2065 martius,
1210 1993 1307 2045 nona
1323 1975 1529 2045 indictione.
1548 1977 1835 2046 memoratorium
1850 1976 1982 2046 sactum
1998 1994 2021 2044 a
2036 1993 2092 2043 me
2107 1973 2259 2041 domnus
2281 1971 2415 2040 alferus

572 2127 851 2215 archipresbiter
891 2129 928 2196 et
953 2127 1124 2196 diaconus
1147 2131 1183 2196 et
1206 2129 1298 2197 abba
1320 2129 1492 2206 hecclesie
1515 2131 1632 2198 sancti
1656 2129 1832 2216 maximi,
1856 2129 1917 2216 qui
1941 2133 2025 2196 sunt
2047 2127 2091 2195 de
2113 2125 2310 2194 dominium
2337 2143 2415 2210 pre·

574 2281 668 2350 dicte
692 2280 878 2367 hecclesie,
904 2299 945 2348 co
969 2280 1060 2367 quod
1085 2285 1168 2349 ante
1192 2237 1383 2367 subscripti
1406 2279 1542 2349 idoneis
1564 2279 1741 2350 ominibus
1755 2298 1817 2368 per
1834 2278 2130 2347 combeuientiam
2151 2275 2285 2346 tradidi
2300 2276 2346 2346 ad
2363 2280 2415 2344 te·

577 2433 732 2502 nendum
757 2437 793 2500 et
815 2431 1063 2520 possidendum
1087 2433 1173 2518 ursi,
1198 2435 1234 2499 et
1255 2431 1421 2519 garolali,
1439 2437 1474 2500 et
1489 2433 1593 2518 mari,
1618 2433 1782 2518 germani
1799 2429 1866 2497 filii
1883 2428 2061 2516 quondam
2078 2429 2227 2496 iohanni
2245 2426 2416 2496 abitatori

583 2585 625 2652 de
649 2590 743 2671 rota,
766 2583 893 2652 inclita
917 2589 1013 2653 terra
1036 2605 1114 2652 cnm
1139 2603 1223 2654 casa
1246 2591 1280 2654 et
1299 2604 1378 2652 cum
1395 2585 1504 2671 pariti
1517 2584 1657 2670 irabite,
1674 2583 1764 2670 quod
1782 2601 1865 2668 pars
1877 2582 2042 2651 iamdicte
2058 2583 2207 2651 ecclesie
2223 2583 2306 2651 abet
2321 2581 2419 2650 intus

576 2757 645 2810 auc
682 2737 865 2808 civitatem
898 2741 934 2808 in
960 2739 1055 2825 plaic
1077 2739 1119 2805 de
1142 2744 1297 2808 montem
1319 2741 1369 2806 ha
1391 2757 1496 2824 super
1521 2739 1633 2826 ipsam
1657 2737 1864 2824 ecclesiam,
1889 2737 1951 2823 qui
1977 2740 2030 2805 est
2054 2738 2130 2824 ipsa
2153 2741 2253 2805 terra
2275 2741 2313 2804 at
2336 2753 2419 2807 casa

482 2963 487 2974 ,
571 2895 742 2960 coniunte
766 2912 813 2960 ex
837 2893 935 2959 omni
962 2899 1063 2979 parte
1087 2894 1131 2962 ad
1155 2893 1224 2960 fine
1248 2893 1361 2980 ipsius
1383 2892 1566 2979 hecclesie,
1589 2896 1732 2978 quaest
1754 2911 1817 2980 per
1840 2910 1879 2961 ec
1902 2889 1986 2959 finis
2008 2894 2045 2958 et
2070 2906 2258 2958 mensuras
2274 2909 2282 2956 ε
2301 2889 2348 2957 ab
2363 2905 2421 2957 oe·

490 3075 491 3078 ¹
571 3049 719 3116 ridente
744 3049 830 3114 sunt
853 3046 959 3134 pedes
981 3045 1100 3115 decem
1123 3051 1159 3116 et
1181 3051 1272 3132 octe,
1297 3046 1343 3115 da
1366 3045 1627 3134 septemtrionis
1649 3047 1733 3111 sunt
1755 3042 1860 3130 pedes
1882 3041 2188 3128 quadtuordecim,
2203 3040 2249 3110 ad
2264 3040 2421 3108 orientes

573 3203 669 3267 sunt
692 3197 797 3284 pedes
820 3195 882 3266 alii
909 3199 1028 3267 decem
1054 3202 1090 3266 et
1113 3203 1202 3284 octo,
1227 3198 1273 3267 da
1297 3201 1398 3284 parte
1421 3196 1569 3266 meridie
1592 3199 1675 3264 sunt
1690 3194 1795 3281 pedes
1810 3195 1969 3281 sidecim,
1987 3197 2108 3262 totum
2121 3195 2365 3261 mensuratum
2376 3191 2423 3263 ad

582 3354 676 3421 iusto
700 3352 824 3440 pedem
851 3369 999 3420 manum
1023 3353 1132 3418 omini
1148 3370 1157 3436 3
1182 3351 1247 3419 hec
1270 3367 1352 3418 vero
1373 3354 1471 3420 terra
1494 3352 1530 3418 et
1552 3368 1635 3418 casa
1652 3367 1715 3436 per
1731 3347 1931 3436 supradicte
1947 3347 2028 3415 finis
2045 3351 2081 3416 et
2098 3348 2278 3414 mensurie
2295 3350 2372 3416 tota
2387 3349 2424 3414 et

573 3504 715 3573 inclita
741 3504 842 3573 illam
867 3503 1021 3590 ipsorum
1046 3501 1209 3590 germani
1234 3502 1364 3572 tradidi
1389 3503 1452 3572 tali
1478 3502 1613 3590 ordine,
1636 3501 1683 3570 ud
1706 3502 1829 3571 amodo
1852 3505 1888 3568 et
1910 3518 2021 3586 usque
2044 3499 2171 3586 bigiuti
2192 3499 2319 3565 nobem
2335 3499 2424 3566 anni

576 3659 742 3743 completi
773 3657 895 3725 licead
919 3657 992 3725 illis
1018 3660 1054 3723 et
1076 3654 1151 3722 suis
1174 3643 1338 3722 eredibu's
1361 3661 1435 3724 lota
1460 3661 1495 3722 et
1518 3655 1642 3724 inclita
1665 3656 1744 3741 ipsa
1760 3659 1856 3724 terra
1871 3660 1908 3723 et
1924 3673 2007 3724 casa
2022 3653 2190 3720 conciare
2206 3653 2243 3719 et
2259 3651 2426 3720 edificare

578 3812 621 3880 de
657 3814 750 3880 bona
776 3811 1014 3898 lignamina,
1038 3816 1074 3881 et
1098 3811 1227 3880 ibidem
1252 3812 1406 3882 residere
1416 3837 1433 3903 ·,
1457 3820 1493 3883 et
1516 3813 1651 3882 omines
1674 3833 1760 3904 quos
1784 3817 1855 3886 illis
1878 3817 1923 3886 ad
1947 3816 2172 3885 residendum
2197 3814 2270 3882 illis
2293 3812 2426 3882 ibidem

579 3964 789 4052 micterent,
811 3969 955 4034 tantum
980 3984 1043 4052 per
1067 3984 1189 4034 omnes
1211 3985 1345 4036 annum
1369 3968 1620 4054 obligaberuut
1643 3989 1681 4038 se
1703 3971 1771 4056 ipsi
1795 3970 1960 4058 germani
1976 3973 2014 4039 et
2027 3969 2100 4036 suis
2116 3967 2286 4037 eredibus
2299 3965 2428 4035 darent

579 4115 670 4184 mihi
694 4117 751 4184 vel
781 4115 819 4184 in
843 4136 928 4203 pars
952 4117 1109 4205 predicte
1133 4082 1280 4188 ecclesie
1304 4139 1446 4188 censum
1469 4123 1512 4191 de
1535 4126 1778 4211 suprascripta
1801 4123 2015 4194 tradictione
2039 4127 2116 4192 octo
2133 4119 2250 4191 sollari
2273 4118 2359 4188 boni
2381 4117 2446 4188 ud.

582 4277 645 4356 per
668 4289 772 4357 capu.
791 4320 798 4336 .
817 4317 826 4336 .
845 4321 853 4338 .
878 4270 922 4338 ad
949 4273 1113 4359 completi
1141 4272 1208 4360 ipsi
1234 4275 1362 4360 bigiuti
1389 4277 1514 4342 nobem
1531 4278 1618 4343 anni
1637 4279 1710 4344 tota
1726 4279 1762 4344 et
1779 4273 1905 4344 inclita
1920 4273 2164 4362 suprascripta
2180 4275 2281 4342 terra
2296 4272 2333 4339 et
2346 4287 2430 4339 casa

581 4443 643 4511 per
675 4425 843 4493 iamdicte
868 4423 953 4493 linis
976 4428 1011 4492 et
1038 4442 1225 4496 mensuras
1249 4427 1413 4495 conciata
1436 4432 1473 4494 et
1496 4426 1593 4496 clusa
1615 4433 1651 4496 ct
1673 4433 1837 4515 cooperta
1859 4429 1980 4514 buna,
2004 4425 2096 4494 siout
2122 4423 2294 4494 meruerit
2318 4443 2404 4493 casa
2417 4475 2428 4511 ,

586 4577 815 4647 remicterent
839 4577 910 4644 illis
933 4579 987 4646 vel
1013 4581 1090 4648 suis
1117 4580 1289 4648 eredibus
1311 4581 1355 4650 ad
1372 4585 1584 4668 potestatem
1602 4585 1699 4651 tuam
1715 4582 1752 4648 in
1767 4600 1851 4668 pars
1869 4580 2036 4650 iamdicte
2051 4580 2209 4666 ecclesie,
2227 4577 2431 4648 iaciendum

582 4730 673 4818 quod
700 4729 928 4817 boluerimus,
953 4734 991 4800 et
1018 4730 1132 4799 licead
1158 4730 1229 4799 illis
1252 4736 1289 4800 et
1311 4733 1386 4800 suis
1408 4734 1572 4802 eredibus
1595 4734 1677 4802 inde
1698 4736 1800 4804 exire
1822 4752 1903 4802 cum
1930 4735 2049 4803 omnia
2072 4733 2214 4802 illorum
2238 4749 2347 4800 causa
2361 4747 2432 4799 mo·

584 4882 685 4969 bilia,
699 4885 779 4951 sine
792 4885 1091 4952 contrarietatem
1107 4883 1151 4951 de
1162 4901 1248 4970 pars
1262 4885 1428 4954 iamdicte
1444 4884 1599 4954 ecclesie.
1618 4886 1716 4954 Unde
1732 4905 1794 4973 per
1811 4888 2110 4956 combeuientiam
2122 4887 2255 4975 guadia
2270 4887 2338 4973 ipsi
2351 4903 2435 4972 ger·

585 5036 682 5106 mani
710 5037 800 5104 mihi
823 5037 999 5107 dederunt
1025 5042 1062 5105 et
1089 5039 1301 5108 mediatores
1316 5038 1402 5105 mihi
1428 5043 1621 5126 posuerunt
1636 5057 1673 5106 se
1690 5039 1795 5124 ipsis3
1814 5045 1922 5125 etper
1939 5041 2018 5126 ipsa
2036 5040 2435 5127 guadiaobligaberunt

584 5209 622 5260 se
644 5194 681 5258 et
706 5193 781 5258 suis
804 5191 980 5277 eredibus,
1009 5191 1055 5259 ud
1080 5193 1111 5260 si
1136 5191 1259 5262 taliter
1281 5192 1399 5260 omnia
1416 5193 1659 5278 suprascripta
1676 5192 1776 5258 nobis
1793 5193 1847 5262 vel
1866 5183 1902 5259 in
1918 5213 2001 5280 pars
2018 5192 2184 5262 iamdicte
2199 5193 2346 5262 ecclesie
2361 5211 2434 5261 non

586 5343 852 5430 adimple-berit,
877 5363 939 5431 per
967 5343 1046 5430 ipsa
1069 5341 1206 5430 guadia
1229 5343 1483 5432 obligauerunt
1506 5363 1543 5412 se
1566 5349 1603 5413 et
1628 5345 1702 5411 suis
1725 5345 1888 5414 eredibus
1912 5347 1955 5415 ad
1980 5347 2259 5432 componendum
2275 5345 2365 5415 mihi
2382 5345 2435 5414 vel

588 5497 627 5564 in
671 5515 757 5582 pars
781 5496 951 5566 iamdicte
974 5496 1121 5566 ecclesie
1146 5497 1276 5585 biginti
1300 5498 1380 5567 auri
1404 5495 1531 5565 solidos
1553 5496 1870 5564 constantinianos.
1900 5500 2148 5566 berumtamen
2182 5497 2252 5582 ipsi
2275 5499 2352 5565 octo
2374 5496 2439 5564 iol·

590 5645 659 5714 lari
686 5647 761 5714 illis
788 5648 892 5716 nobis
916 5647 1016 5716 modo
1041 5648 1149 5719 deant
1172 5668 1235 5736 pro
1260 5650 1337 5735 ipso
1362 5667 1506 5716 censum
1531 5665 1594 5734 pro
1617 5648 1683 5714 isto
1705 5666 1812 5734 annu,
1836 5652 1872 5715 et
1893 5649 2036 5718 abinde
2054 5651 2091 5716 in
2109 5653 2217 5718 antea
2234 5669 2296 5736 per
2314 5655 2435 5720 omnes

588 5815 723 5868 annum
753 5817 867 5889 usque
892 5802 966 5889 ipso
990 5804 1220 5874 constitutum
1244 5799 1354 5868 deant
1376 5797 1448 5867 illis
1471 5805 1506 5867 et
1530 5799 1605 5866 suis
1628 5797 1793 5866 eredibus
1815 5817 1887 5868 aua
1901 5803 1978 5867 octo
1994 5800 2113 5869 folla-ri
2130 5801 2211 5868 boni
2228 5821 2291 5887 per
2319 5803 2435 5871 omnis
2472 5775 2477 5780 ¹
