5456 7096
1043 535 1449 611 orrnonnrrcus
1496 585 1498 590 ,
1901 493 1903 496 ’
2056 533 2123 606 roo

208 763 215 770 ’
320 787 385 858 ego
410 767 602 839 iamdictus
624 767 785 836 stefanus
809 785 916 853 quarn
939 767 976 833 et
997 767 1223 852 egopetrus,
1247 764 1309 848 qui
1332 778 1453 828 sumus
1477 762 1650 846 amboque
1673 777 1832 827 socerum
1862 764 1899 828 et
1929 777 2104 846 generum
2128 765 2168 830 et
2244 857 2249 868 Ι
2326 829 2329 838 ,
2394 745 2406 768 “

324 919 390 990 filii
416 918 594 1006 quondam
621 920 727 1006 petri,
751 917 794 986 de
818 917 911 985 sicut
932 917 1036 984 nobis
1048 931 1245 1002 congruum
1261 918 1326 999 est,
1343 930 1433 978 rone
1448 917 1567 988 nostre
1584 910 1782 978 voluntatis
1799 930 1861 997 per
1879 929 1947 978 anc
1967 919 2070 980 carta
2085 916 2172 982 ante

321 1025 492 1136 ronorum
516 1025 696 1136 ominibus
709 1021 772 1152 riui
790 1068 911 1134 subter
929 1063 1057 1152 scripti
1078 1067 1175 1150 sunt,
1191 1055 1496 1161 ben'umdedimus,
1511 1061 1656 1148 ideoque
1674 1061 1718 1129 ad
1734 1079 1872 1148 semper
1888 1061 2067 1131 avendum
2084 1079 2171 1130 con-

322 1221 545 1294 firmavimus
570 1220 635 1288 tivi
660 1220 744 1287 miri
762 1219 872 1287 iudici
889 1218 963 1286 filio
978 1216 1155 1303 quondam
1169 1215 1323 1284 mirandi
1340 1213 1462 1284 clerici
1475 1213 1695 1302 inclitajpsa
1710 1213 1879 1284 iamdicta
1891 1217 1992 1301 pecia
2002 1215 2047 1324 de
2065 1220 2166 1286 terra

319 1392 398 1442 cum
424 1373 609 1441 arbustum
635 1377 775 1440 etcum
800 1373 874 1441 alia
898 1370 1082 1457 pomifera,
1106 1369 1571 1455 quodavemusineodem
1597 1359 1712 1436 locum
1740 1369 1979 1438 rusticianum
2008 1420 2016 1435 .
2045 1420 2053 1436 .
2082 1421 2090 1437 .
2120 1421 2128 1437 .
2158 1420 2169 1457 ‚

217 1563 219 1566 ·
321 1528 441 1593 tamen
469 1523 547 1610 ipsa
572 1523 745 1594 iamdicta
769 1524 871 1610 pecie
892 1524 935 1590 de
962 1527 1059 1592 terra
1082 1525 1125 1593 de
1140 1522 1278 1590 duobus
1302 1523 1480 1611 partibus,
1505 1543 1574 1611 que
1589 1529 1642 1592 cst
1658 1545 1680 1592 a
1696 1525 1842 1592 meridie
1858 1530 1894 1593 et
1911 1528 1956 1594 ab
1972 1526 2170 1595 occidente·

324 1673 395 1740 fine
408 1635 470 1746 ria
485 1672 641 1758 publica,
655 1677 740 1776 sunt
753 1675 836 1742 inde
854 1674 948 1759 passi
968 1677 1178 1762 octuaginta
1199 1692 1321 1742 unum:
1341 1676 1385 1744 ad
1402 1677 1540 1745 oriente
1556 1676 1628 1744 dne
1644 1678 1687 1746 de
1709 1679 1831 1746 eredes
1854 1679 2061 1766 achenardi,
2078 1677 2171 1748 sicut

325 1825 408 1892 inde
434 1843 516 1912 sepe
540 1825 725 1910 discernit,
750 1832 834 1894 sunt
859 1827 940 1894 inde
963 1829 1058 1914 passi
1083 1828 1273 1914 sexaginta
1296 1829 1375 1897 duo:
1404 1850 1427 1896 a
1450 1831 1703 1916 septemtrione
1718 1830 1847 1898 finede
1863 1833 2089 1900 consortibus
2106 1848 2170 1936 no·

323 1977 421 2064 sirie,
448 1978 529 2046 inde
552 1982 635 2046 avet
657 1979 751 2064 passi
769 1951 1046 2066 quinquaginta:
1073 1984 1148 2048 tota
1159 1984 1402 2067 suprascripta
1415 1988 1622 2052 mensurata
1639 1982 1684 2050 ad
1703 1982 1803 2078 iuxto
1820 2001 1926 2068 passu
1943 1983 2056 2050 omini
2071 2002 2170 2051 men·

322 2137 498 2218 suratum3
522 2149 562 2198 ec
586 2150 669 2199 rero
692 2132 852 2219 predicta
877 2131 979 2219 pecie
1002 2132 1045 2200 de
1068 2138 1166 2202 terra
1189 2135 1232 2202 de
1254 2134 1411 2221 predicto
1435 2135 1551 2203 locum
1577 2155 1637 2222 per
1675 2135 1876 2222 supradicte
1907 2137 1986 2203 finis
2009 2141 2045 2206 et
2069 2156 2169 2206 men·

325 2283 439 2370 suria,
463 2302 544 2352 cum
567 2285 689 2354 omnia
715 2285 812 2353 infra
834 2303 871 2352 se
895 2285 1084 2355 arentibus
1106 2272 1337 2372 omnibusque
1360 2289 1433 2353 suis
1457 2288 1702 2375 pertinentiis,
1719 2293 1847 2356 etcum
1864 2289 1940 2356 bice
1955 2290 1998 2357 de
2016 2291 2091 2376 ipse
2113 2289 2173 2358 vie

323 2436 448 2506 inclita
472 2437 661 2505 medietate
686 2437 723 2505 in
748 2455 832 2523 pars
855 2405 1049 2505 occidentis
1073 2418 1137 2504 nos
1159 2439 1221 2523 qui
1246 2457 1355 2525 supra
1378 2440 1537 2508 stefanus
1560 2445 1742 2526 etpetrus
1765 2443 1830 2510 tivi
1869 2442 2052 2512 nominato
2076 2444 2170 2516 miro

321 2587 430 2654 iudici
458 2569 761 2674 benumdedimus3
788 2587 881 2656 unde
904 2586 947 2655 de
965 2587 1042 2674 ipsa
1059 2587 1229 2658 iamdicta
1245 2590 1435 2660 medietate
1454 2591 1529 2677 ipsa
1546 2593 1716 2680 predicta,
1736 2593 1830 2663 sicut
1848 2596 2053 2682 diximum
2073 2605 2174 2682 parte

323 2740 519 2808 occidentis
542 2742 773 2808 coniunctum
797 2741 842 2809 ad
869 2743 943 2828 ipse
967 2744 1037 2829 vie,
1062 2760 1127 2811 nec
1151 2743 1252 2810 nobis
1276 2745 1338 2834 qui
1361 2761 1470 2829 supra
1493 2745 1651 2812 stefanus
1674 2752 1711 2812 ct
1734 2753 1856 2832 petrus
1879 2766 2042 2816 socerum
2058 2757 2096 2819 et
2113 2771 2173 2839 ge·

322 2911 463 2978 nerum,
486 2910 553 2959 nec
575 2891 703 2978 quarte
727 2892 885 2978 regende
903 2892 1008 2962 uxori
1028 2912 1117 2986 mee,
1132 2895 1192 2980 qui
1209 2914 1319 2982 supra
1334 2897 1507 2982 stefanus,
1525 2905 1561 2966 et
1576 2915 1689 3008 neque
1706 2905 1835 2985 quarte
1852 2900 2046 2990 sikelgaite
2064 2902 2171 2972 uxori

320 3044 383 3130 qui
411 3063 521 3130 supra
544 3049 678 3130 petrus,
702 3057 775 3111 nec¹
792 3043 836 3112 ad
859 3043 991 3111 nostris
1014 3045 1190 3132 enodibus,
1217 3047 1270 3114 vel
1294 3051 1332 3114 in
1344 3049 1473 3136 quavis
1489 3054 1654 3136 partibus
1673 3046 1772 3122 nulla
1784 3056 1916 3124 exinde
1931 3059 2086 3146 rextitit,
2105 3011 2171 3128 nec

322 3195 476 3263 dicimus
501 3197 585 3263 inde
608 3214 794 3264 remanere
818 3197 1024 3284 sortionem,
1049 3201 1115 3282 set,
1139 3203 1233 3267 sicut
1256 3201 1426 3291 diximus,
1452 3205 1577 3275 inclita
1601 3207 1787 3276 medietate
1810 3209 1969 3295 predicte
1987 3213 2170 3281 mensurio

322 3347 391 3416 tivi
416 3349 479 3435 qui
495 3367 605 3434 supra
620 3351 711 3414 miro
728 3348 836 3416 iudici
856 3348 1039 3436 integrum
1056 3353 1361 3442 benumdedimus,
1378 3340 1423 3424 ad
1438 3355 1615 3424 securiter
1626 3363 1662 3424 et
1674 3357 1827 3425 firmiter
1841 3360 1966 3426 amodo
1983 3367 2018 3428 et
2035 3381 2173 3449 semper

232 3519 237 3530 ·
322 3503 423 3570 omni
448 3507 606 3590 tempore
625 3508 670 3594 tu
694 3503 756 3588 qui
781 3521 890 3588 supra
914 3503 1006 3570 miro
1025 3503 1198 3592 iudicem,
1223 3524 1331 3592 quam
1353 3511 1389 3575 et
1404 3507 1476 3574 tuis
1492 3509 1668 3596 eredibuS,
1685 3510 1836 3580 illoteos
1852 3513 2174 3616 avendum‚·domi·

305 3653 500 3761 mundum,
526 3655 790 3742 possidendum,
815 3655 943 3724 exinde
966 3656 1166 3724 faciendum
1191 3659 1283 3743 quod
1307 3621 1502 3746 volueritis,
1525 3661 1603 3729 sine
1626 3665 1722 3729 omni
1748 3668 1872 3732 nostra
1897 3667 1957 3749 qui
1975 3685 2084 3752 supra
2100 3673 2170 3736 ste-

327 3809 432 3875 fanus
456 3811 493 3876 et
516 3812 652 3895 petrus,
676 3825 737 3875 seu
762 3807 804 3876 de
829 3807 916 3896 ipsis
940 3811 1115 3885 uxoribus
1138 3815 1272 3898 nostre,
1298 3811 1351 3881 vei
1376 3813 1764 3901 denostriserodibus,
1781 3823 1845 3884 aut
1861 3819 2172 3905 cuiqnamomini·

323 3965 392 4030 bus
414 3962 675 4032 contrarietate
691 3963 746 4030 vel
763 3964 1046 4048 requisitionem.
1063 3964 1161 4032 Unde
1174 3981 1238 4050 pro
1253 3964 1496 4032 confirmanda
1507 3971 1543 4032 et
1554 3947 1808 4038 staviliscenda
1820 3972 2029 4057 supradicta
2046 3931 2170 4041 nostra

325 4115 592 4202 vindictionem,
617 4134 715 4184 nunc
739 4134 762 4183 a
784 4115 961 4202 presentis
985 4135 1049 4184 nos
1072 4117 1134 4203 qui
1156 4135 1265 4204 supra
1289 4119 1449 4187 stefanus
1472 4122 1509 4184 et
1523 4120 1645 4203 petrus
1660 4118 1698 4184 in
1714 4123 1953 4189 communiter
1970 4127 2171 4210 recepimus

321 4299 344 4346 a
366 4282 403 4346 te
426 4281 488 4365 qui
513 4299 622 4368 supra
647 4281 739 4348 miro
763 4280 880 4348 iudice
903 4278 1054 4348 hemtori
1079 4280 1201 4344 nostro
1225 4280 1398 4345 statutum
1422 4276 1600 4362 pretium,
1636 4276 1727 4344 idest
1759 4276 1860 4344 aurei
1893 4279 1964 4344 turi
1992 4278 2075 4345 boni
2101 4295 2169 4346 nu-

266 4445 270 4450 ·
320 4449 459 4499 merum
486 4433 612 4519 viginti
637 4432 815 4519 qnadtuor
839 4431 877 4498 in
901 4432 1016 4499 omnis
1040 4431 1310 4515 deliberatione,
1334 4431 1428 4498 sicut
1450 4429 1545 4496 inter
1569 4446 1632 4496 nos
1645 4432 1834 4517 combenit,
1860 4433 2067 4500 finitumest
2086 4413 2172 4517 pre'·

323 4586 415 4651 tium
443 4587 559 4672 ipsum
584 4591 672 4672 aput
692 4604 757 4654 nos
780 4605 824 4655 ea
847 4583 1000 4654 ratione.
1023 4584 1122 4653 Unde
1137 4602 1201 4670 pro
1226 4583 1345 4682 tatiter
1369 4600 1431 4668 per
1453 4600 1544 4650 vona
1568 4583 1818 4650 convenientia
1841 4603 1863 4650 a
1888 4601 1951 4650 nos
1976 4583 2038 4668 qui
2057 4601 2169 4668 supra

325 4735 486 4804 stefanus
510 4741 547 4804 et
569 4741 690 4822 petrus
711 4737 847 4825 guadia
872 4737 937 4805 tivi
961 4736 1024 4822 qui
1046 4753 1155 4820 supra
1178 4735 1268 4800 miro
1285 4733 1393 4802 iudici
1411 4732 1583 4819 dedimus,
1600 4736 1636 4800 et
1651 4693 1883 4801 mediatorem
1900 4734 1965 4801 tivi
1984 4735 2169 4819 posuimus

321 4890 443 4971 petrus
456 4886 551 4956 tilius
565 4890 742 4976 quondam
755 4891 926 4960 romoaldi
941 4895 977 4958 et
989 4906 1052 4956 nos
1064 4890 1164 4976 ipsis3
1182 4891 1218 4956 et
1235 4906 1297 4973 per
1314 4889 1391 4973 ipsa
1406 4871 1541 4972 gua'dia
1557 4885 1757 4984 obligamus
1772 4903 1835 4953 nos
1851 4893 1888 4954 et
1903 4887 2035 4954 nostris
2053 4887 2170 4954 eredi-

321 5041 386 5107 bus
409 5040 533 5110 amodo
548 5049 584 5110 et
599 5061 736 5132 semper
753 5044 848 5112 omni
866 5047 1022 5127 tempore
1037 5038 1280 5106 antistandum
1296 5042 1331 5105 et
1345 5038 1600 5106 defensandum
1616 5036 1681 5104 tivi
1699 5035 1822 5123 tuique
1846 5035 2010 5104 aradibus
2036 4997 2167 5106 inclit'a

321 5194 529 5279 supradicta
545 5201 668 5265 nostra
685 5197 903 5266 vindictione
919 5198 968 5264 ha
983 5195 1098 5264 omnis
1114 5194 1274 5261 homines
1288 5189 1455 5277 omnique
1468 5191 1643 5277 partibus,
1660 5193 1791 5257 etcum
1808 5168 1884 5257 bice
1897 5191 1939 5258 de
1954 5171 2008 5260 rie
2025 5210 2102 5258 sue.
2125 5194 2174 5262 Et
2202 5171 2204 5176 ’

246 5435 260 5454 .
320 5344 463 5431 quando
478 5351 517 5413 tu
534 5346 596 5432 qui
621 5364 728 5432 supra
751 5349 843 5413 miro
866 5345 1019 5413 iudicem
1036 5347 1072 5412 et
1086 5343 1159 5411 tuis
1182 5341 1345 5410 eredibus
1362 5360 1424 5428 per
1441 5359 1500 5406 vos
1512 5341 1599 5427 ipsis
1613 5341 1796 5409 volueritis
1813 5341 1894 5409 inde
1906 5350 1991 5411 exet
2003 5351 2167 5411 auctores

321 5507 358 5566 ot
380 5497 595 5582 defensores,
620 5497 801 5568 licentiam
819 5503 855 5565 et
878 5500 1090 5583 potestatem
1113 5493 1251 5562 aveatis
1267 5493 1344 5561 vice
1359 5497 1493 5579 nostra,
1510 5510 1590 5558 cum
1611 5490 1681 5560 ista
1699 5496 1802 5562 carta
1820 5500 1855 5562 et
1870 5513 1950 5561 cum
1966 5493 2081 5560 omnis
2096 5493 2170 5563 alia

322 5653 521 5720 monimine
541 5658 578 5720 et
600 5651 740 5721 ratione
764 5668 854 5737 quas
875 5649 959 5717 inde
982 5665 1088 5716 avere
1111 5643 1313 5732 potueritis,
1336 5642 1546 5710 omnimodis
1569 5643 1652 5710 inde
1674 5661 1824 5711 causare
1850 5649 1886 5712 et
1906 5627 2015 5710 ¹tinem
2035 5643 2170 5730 facere,

325 5802 480 5888 qualiter
505 5803 629 5874 melios
652 5802 854 5891 potueritis,
878 5804 914 5867 et
938 5802 1016 5886 ipsa
1038 5797 1144 5867 rebus
1168 5796 1269 5863 nobis
1292 5794 1493 5881 defensetis3
1518 5812 1617 5882 nam,
1638 5797 1779 5881 quando
1803 5815 1866 5864 nos
1889 5803 1925 5865 et
1942 5800 2076 5866 nostris
2092 5815 2171 5866 ere·

331 6005 335 6012 ·
447 5987 600 6048 ‘Torum
891 6065 892 6069 Ἰ
1785 5953 1790 5962 ’
1924 5966 2046 6052 Ι22’
