5456 7096
608 523 658 601 ss
903 579 910 594 .
966 641 970 652 Ι
1238 495 1439 602 -obnnx
1477 529 1745 610 olvnusrs

566 754 859 821 memoratorium
884 753 1016 822 sactum
1040 773 1062 823 a
1084 773 1140 822 me
1163 754 1342 842 guidelmo
1365 755 1439 824 filio
1463 758 1629 847 roffreda,
1653 775 1694 826 eo
1716 758 1809 845 quod
1833 760 1917 828 ante
1935 757 2125 846 subscripti
2141 753 2280 828 idoneis
2295 733 2408 826 borni-

565 903 672 973 nibus
696 881 979 974 coniuntus'sum
995 905 1040 976 ad
1058 908 1345 979 conbenientiam
1368 928 1447 976 cum
1472 910 1526 978 leo
1542 910 1615 977 filio
1632 909 1810 996 quondam
1834 911 1982 979 iohanni
2007 909 2049 978 de
2074 909 2204 978 comite
2228 927 2411 996 maurone,

494 1057 500 1068 '
564 1063 710 1148 propter
734 1061 825 1148 quod
849 1066 931 1131 ante
948 1029 986 1129 os
1002 1080 1127 1139 annos,
1153 1035 1295 1149 quando
1319 1063 1401 1132 tulit
1423 1082 1534 1134 uxore
1557 1081 1654 1134 anna
1678 1063 1755 1133 filia
1771 1063 1921 1152 predicti
1945 1063 2039 1132 leoni
2056 1063 2178 1151 tando,
2195 1064 2304 1132 stetid
2322 1061 2413 1132 mihi

567 1217 611 1288 ad
636 1191 722 1284 dare
746 1215 898 1284 indolis
922 1235 986 1303 pro
1009 1218 1087 1316 ipsa
1111 1217 1187 1287 filia
1209 1235 1309 1287 suam
1331 1237 1405 1288 una
1429 1219 1572 1288 tertiam
1598 1173 1738 1305 partem
1761 1217 1804 1286 de
1828 1199 2027 1305 una‘peoia
2050 1216 2093 1285 de
2116 1221 2215 1326 terra
2239 1233 2306 1285 sua
2332 1237 2414 1285 cum

544 1344 548 1354 ¹
565 1371 669 1438 vinea
683 1375 720 1440 et
735 1371 859 1456 pomis,
878 1370 970 1457 quod
987 1370 1046 1439 ille
1064 1371 1146 1440 abet
1162 1371 1201 1437 in
1220 1369 1330 1438 locum
1347 1369 1449 1458 sonti,
1468 1391 1536 1457 que
1552 1377 1605 1440 est
1622 1391 1683 1458 per
1699 1391 1740 1442 as
1757 1374 1857 1442 fines:
1876 1375 2015 1458 aparte
2032 1373 2182 1480 orientis
2198 1372 2270 1456 fine
2294 1370 2412 1441 media

561 1539 644 1608 sepe
668 1526 703 1590 et
725 1541 788 1609 per
812 1523 928 1614 media
952 1524 1031 1609 ipsa
1051 1541 1134 1614 sepe
1157 1523 1300 1598 abiente
1325 1525 1363 1592 in
1388 1532 1492 1610 petra
1516 1525 1706 1611 lessedata,
1731 1529 1766 1594 et
1790 1544 1853 1630 per
1872 1481 2226 1611 ipsa'petraauiento
2244 1523 2413 1611 usquein

562 1668 626 1742 bia
650 1673 885 1762 publicaque
909 1677 1009 1744 benit
1031 1676 1076 1744 da
1100 1669 1292 1745 s'alernum:
1318 1655 1466 1762 aparte
1490 1677 1683 1753 occidentis
1706 1679 1777 1745 fine
1801 1678 1878 1764 ipsa
1902 1678 1975 1766 bia,
1999 1659 2121 1764 et'per
2146 1679 2224 1765 ipsa
2248 1678 2309 1746 bia
2332 1696 2414 1764 per·

563 1839 708 1918 gentem
733 1848 845 1916 usque
869 1831 907 1895 in
934 1848 1042 1896 unum
1067 1830 1223 1916 rosaneo,
1243 1830 1301 1897 ubi
1320 1834 1371 1899 est
1375 1877 1532 1895 .....
1559 1836 1595 1898 et
1618 1849 1679 1916 per
1696 1832 1771 1916 ipso
1788 1831 1934 1898 roianeo
1950 1830 2100 1899 saliente
2116 1849 2226 1916 usque
2242 1831 2279 1898 in
2297 1845 2407 1896 unum
2511 1831 2521 1850 ⁶

564 1977 724 2066 plescum
747 1979 898 2062 maiore,
928 1983 963 2048 et
992 1980 1214 2088 trabersante
1238 1980 1313 2066 ipso
1336 1981 1491 2066 plescum
1515 1986 1549 2048 et
1571 1985 1741 2068 pergente
1765 2001 1875 2068 usque
1901 1983 1939 2050 in
1964 1949 2118 2069 pede'de
2142 2000 2215 2050 una
2239 1983 2348 2068 oliba,
2375 1986 2411 2051 et

565 2133 649 2202 inde
674 2140 845 2221 pergente
869 2127 1043 2236 usquein
1069 2135 1146 2219 ipsa
1169 2134 1242 2202 bia.
1268 2135 1364 2240 inira
1387 2136 1483 2221 ipsas
1507 2138 1596 2204 fines
1619 2135 1693 2223 ipse
1717 2136 1769 2205 leo
1792 2138 1877 2226 steti¹
1901 2139 1989 2204 mihi
2013 2143 2051 2208 at
2072 2139 2219 2208 dare'in
2243 2139 2334 2207 dotis
2358 2141 2415 2206 in·

560 2286 604 2356 de
628 2304 693 2374 pro
717 2288 795 2373 ipse
818 2287 894 2356 fllia
917 2273 1018 2355 suam
1042 2287 1267 2356 inclita-una
1289 2281 1433 2355 tertia'm
1458 2295 1607 2375 partem,
1632 2294 1671 2358 ut
1694 2308 1759 2376 ego
1782 2294 1818 2361 et
1842 2291 1920 2374 ipsa
1944 2307 2057 2394 uxore
2080 2309 2197 2358 meam
2223 2297 2258 2378 et
2280 2251 2431 2358 nostris·
2500 2267 2507 2278 ’

561 2441 729 2510 eredibus
752 2446 960 2528 potestatem
983 2439 1151 2512 abeamus
1174 2442 1217 2510 de
1241 2442 1319 2529 ipsa
1342 2445 1486 2511 tertiam
1511 2425 1649 2528 partem
1672 2445 1714 2514 de
1738 2443 1900 2531 predicta
1923 2446 2028 2511 rebus
2051 2443 2150 2512 fobee
2166 2449 2201 2511 et
2217 2445 2332 2512 omnis
2349 2463 2409 2512 no·

562 2597 656 2663 stres
693 2594 865 2663 utilitatis
900 2597 997 2663 iusta
1021 2598 1195 2663 rationem
1220 2596 1270 2664 ibi
1294 2595 1482 2680 iaciamus3
1504 2598 1540 2662 et
1563 2614 1627 2681 per
1649 2593 1912 2665 combenientia
1934 2595 2109 2684 obligavit
2131 2615 2169 2665 se
2193 2598 2268 2684 ipse
2290 2597 2345 2664 leo
2376 2601 2413 2666 et

478 2795 482 2806 ·
567 2768 648 2819 suos
672 2748 795 2818 eredes
818 2768 955 2838 semper
978 2748 1164 2819 defendere
1188 2748 1275 2817 mihi
1299 2746 1403 2816 etad
1426 2748 1503 2833 ipsa
1526 2705 1637 2814 uxore
1653 2765 1731 2816 mea
1746 2748 1781 2814 et
1799 2746 1845 2817 ad
1862 2747 1996 2815 nostris
2013 2747 2181 2816 eredibus
2199 2752 2330 2852 cuncta
2353 2767 2411 2816 su·

492 2935 497 2944 ,
567 2901 731 2990 predicta
756 2921 821 2970 sua
844 2901 1104 2990 tradiotionem,
1129 2900 1283 2988 qualiter
1299 2900 1511 3020 prelegitur,
1528 2919 1607 2967 cum
1624 2898 1700 2968 bice
1717 2898 1759 2967 de
1772 2886 1830 2967 uia
1846 2917 1912 2974 sua
1928 2899 1975 2968 da
1998 2902 2112 2968 omnis
2136 2900 2274 2968 omines
2298 2899 2412 2968 omni·

564 3071 637 3141 que
660 3056 836 3141 partibus,
854 3059 975 3122 elnon
1000 3040 1082 3123 illut
1105 3053 1207 3121 nobis
1229 3051 1352 3121 tollere
1374 3057 1438 3120 aut
1460 3055 1639 3142 contrare3
1665 3055 1701 3120 et
1722 3050 1818 3118 dedit
1843 3050 1944 3119 nobis
1968 3056 2190 3140 potestatem,
2209 3059 2248 3122 ut
2264 3057 2408 3142 quando

559 3169 761 3275 boluerimu
783 3207 826 3276 de
851 3207 1058 3294 supradicta
1081 3161 1379 3284 sua'tradictiono
1401 3209 1544 3274 autores
1566 3221 1641 3272 esse
1665 3203 1903 3312 boluerimus,
1939 3208 2148 3292 potestatem
2172 3210 2342 3276 abeamus
2372 3211 2410 3277 in

561 3361 725 3431 omnibus
749 3359 831 3428 inde
854 3378 1005 3430 causare
1027 3363 1062 3428 et
1085 3359 1192 3432 finem
1216 3360 1345 3445 lacere,
1370 3357 1526 3446 qualiter
1550 3358 1782 3445 boluerimus,
1806 3376 1889 3426 curn
1913 3361 2080 3458 omnibus
2099 3361 2360 3431 muniminibus
2375 3367 2411 3432 et

558 3513 759 3585 rationibus
783 3471 873 3600 quas
898 3513 980 3582 inde
1003 3514 1110 3582 abere
1132 3514 1363 3600 potuerimus.
1388 3517 1424 3581 et
1446 3513 1477 3580 si
1501 3511 1622 3582 taliter
1644 3513 1765 3582 omnia
1781 3515 2026 3600 suprascripta
2042 3531 2104 3600 per
2120 3514 2325 3601 supradicto
2349 3533 2408 3608 or-

558 3666 641 3735 dine
665 3669 738 3754 ipse
762 3667 816 3736 leo
838 3685 999 3734 socerum
1022 3669 1058 3734 et
1080 3668 1221 3754 genitor
1237 3670 1361 3734 nostru
1378 3670 1414 3734 ct
1429 3685 1510 3734 suos
1525 3665 1690 3734 eredibus
1706 3667 1807 3734 nobis
1825 3623 1897 3733 non
1913 3665 2174 3752 adimpleberit,
2192 3672 2227 3734 et
2244 3665 2331 3736 illut
2356 3667 2411 3737 bel

557 3818 687 3888 exinde
711 3820 891 3888 remobere
907 3823 973 3888 aut
988 3824 1168 3906 contrare,
1192 3837 1288 3886 scum
1313 3823 1496 3887 retornare
1519 3815 1705 3904 quesierit,
1723 3833 1786 3903 per
1804 3817 2068 3887 combenientia
2090 3835 2300 3906 componere
2317 3819 2411 3888 obli·

553 3949 663 4058 'gavit
686 3989 723 4038 se
748 3972 822 4058 ipse
839 3969 893 4038 leo
911 3974 947 4040 et
963 3963 1044 4038 suos
1062 3970 1183 4040 eredes
1199 3971 1287 4038 mihi
1306 3974 1341 4039 et
1357 3970 1400 4038 ad
1418 3973 1495 4055 ipsa
1520 3987 1630 4038 uxore
1652 3987 1746 4057 mea,
1771 3968 1826 4037 vel
1850 3969 1894 4086 ad
1916 3970 2051 4070 nostris
2073 3969 2255 4061 creditne,
2278 3970 2409 4059 viginti
2534 3963 2540 3976 '

467 4107 488 4180 ’-
558 4123 639 4194 auri
662 4121 765 4191 solidi
789 4075 981 4192 costantini
1004 4127 1041 4190 et
1065 4124 1103 4190 in
1125 4123 1373 4210 suprascripta
1396 4122 1491 4190 inter
1516 4139 1579 4190 nos
1596 4121 1800 4216 adimplere.
1826 4085 2071 4190 verumtamen
2088 4138 2128 4189 oc
2147 4093 2348 4208 recolimus,
2369 4124 2409 4189 ut

557 4277 600 4345 de
624 4276 748 4345 inclita
773 4279 885 4362 ipsam
910 4277 1055 4386 tertiam
1078 4279 1181 4364 parte
1206 4276 1248 4344 de
1273 4276 1351 4363 ipsa
1375 4277 1483 4358 rebus
1507 4294 1569 4362 per
1593 4276 1698 4366 ipsas¹
1717 4275 1816 4353 fines,
1834 4291 1900 4361 ego
1917 4278 1953 4343 et
1970 4275 2048 4361 ipsa
2064 4292 2176 4344 uxore
2191 4249 2271 4344 mea
2287 4271 2406 4358 etnof

557 4431 641 4500 stris
664 4431 829 4500 eredibus
853 4431 1028 4501 faciamus
1043 4429 1175 4498 exinde
1194 4431 1316 4499 omnia
1331 4429 1424 4516 quod
1440 4428 1657 4498 boluerimus
1672 4447 1735 4516 per
1752 4431 1962 4517 supradicta
1977 4428 2138 4516 obligata
2155 4448 2298 4518 penam,
2315 4430 2409 4518 quod

556 4586 700 4672 scripsit
721 4603 788 4674 ege
811 4590 933 4673 petrus
956 4587 1131 4654 notarius.

599 4709 629 4824 †
654 4739 729 4826 Ego
751 4737 910 4806 ademari
936 4738 1098 4808 notarius
1122 4757 1178 4807 me
1202 4736 1399 4823 subscripsi

600 4860 631 4976 †
655 4890 730 4976 Ego
752 4889 925 4958 iohannes
950 4909 1006 4958 me
1028 4889 1237 4977 subscripsi.
