5456 7096
1017 504 1433 584 DIPLOMATlOUS
2042 509 2092 583 69

288 745 407 813 dentis
430 760 538 828 super
560 741 637 830 ipso
654 737 831 809 'anditum
855 739 1020 808 abentem
1043 735 1271 804 mineaneum
1294 739 1330 804 et
1352 734 1450 806 scala
1472 739 1588 823 posita
1610 735 1782 824 lingnitia
1800 735 1844 804 de
1860 735 2013 806 latitudo
2031 736 2137 824 pedes

289 895 359 963 duo
382 899 419 964 et
444 893 569 982 planta
594 910 674 959 cum
701 890 827 977 police.
853 894 889 960 et
915 889 1100 978 longitudo
1127 891 1203 976 ipso
1220 890 1407 958 mineaneo
1424 889 1588 959 undecim
1604 889 1709 978 pedes
1726 893 1762 957 et
1777 889 1964 958 summisse
1979 893 2015 957 et
2033 889 2138 958 uncie

290 1051 378 1132 tres;
403 1051 438 1114 et
461 1065 483 1113 a
506 1045 601 1112 foras
624 1043 831 1130 supradicta
856 1042 1039 1112 mensuris
1064 1044 1229 1110 abentem
1256 1061 1365 1108 unum
1390 1042 1597 1112 sericidium
1621 1046 1659 1112 in
1684 1063 1771 1130 pars
1793 1043 1943 1113 orientis
1967 1048 2004 1112 et
2027 1043 2141 1113 alium

293 1196 331 1264 in
365 1216 450 1283 pars
485 1195 677 1264 occidentis
713 1195 932 1262 cecidentem
971 1195 1008 1261 in
1044 1195 1119 1281 ipso
1143 1193 1305 1263 anditum
1329 1198 1372 1266 de
1397 1197 1694 1284 latitudopedem
1719 1216 1832 1266 unum
1856 1197 1899 1268 ed
1923 1197 2029 1266 uncie
2056 1199 2144 1265 tres:

293 1357 367 1422 tota
391 1351 506 1420 omnis
530 1351 738 1439 supradicta
763 1353 941 1419 mensuris
967 1354 1172 1420 mensurata
1197 1351 1263 1419 suit
1287 1351 1332 1418 ad
1355 1352 1449 1420 iusto
1474 1353 1596 1438 pedem
1621 1370 1766 1420 manum
1789 1355 1998 1430 hominum;
2037 1351 2142 1419 modo

297 1507 434 1592 autem,
459 1504 554 1572 sicut
571 1505 674 1570 nobis
700 1503 871 1574 iamdicta
894 1510 1008 1571 mater
1031 1503 1185 1572 attilius
1208 1521 1406 1590 congruum
1431 1507 1500 1591 est,
1525 1508 1646 1572 nostre
1671 1507 1759 1572 bone
1784 1503 1981 1574 boluntatis
1997 1524 2059 1598 per
2076 1523 2146 1573 anc

297 1663 472 1731 cartulam
495 1679 558 1748 per
581 1659 806 1730 absolutione
828 1661 1068 1746 suprascripte
1091 1657 1241 1746 glosiose
1267 1659 1467 1746 potestatiS,
1492 1676 1598 1744 quem
1622 1657 1725 1724 nobis
1748 1657 1906 1727 dandum
1928 1657 2064 1727 direxit
2080 1677 2143 1746 per

299 1813 477 1884 bisiniano
512 1813 682 1900 sculdais,
705 1815 802 1882 'ante
836 1814 1017 1899 presentia
1051 1812 1303 1900 regemprandi
1328 1813 1438 1880 iudici
1462 1816 1498 1878 et
1522 1813 1586 1882 alii
1611 1817 1719 1882 testes
1752 1812 1945 1882 secundum
1978 1815 2092 1902 legem
2117 1819 2153 1883 et

302 1963 518 2032 consuetudo
542 1969 595 2032 est
617 1965 735 2050 gentis
758 1967 877 2032 nostre
901 1982 1130 2044 romanorum
1155 1965 1460 2053 venumdedimus,
1484 1967 1600 2052 adque
1624 1967 1668 2035 ad
1693 1986 1831 2055 semper
1854 1969 2034 2036 abendum
2068 1987 2153 2036 con·

301 2116 525 2184 firmabimus
560 2116 628 2184 tibi
662 2115 834 2186 aldemari
867 2120 1041 2203 presbiter
1076 2123 1112 2187 et
1145 2120 1256 2188 abbas
1278 2119 1427 2188 ecclesia
1450 2120 1565 2188 sancti
1590 2123 1764 2206 gramatii
1790 2121 1918 2190 inclita
1938 2096 2016 2208 ¹ipsa
2047 2125 2152 2191 terra

303 2288 384 2337 cum
409 2288 493 2339 casa
515 2289 578 2356 per
602 2271 805 2357 supradicte
829 2271 911 2338 finis
934 2277 970 2339 et
993 2273 1188 2358 mensuris,
1214 2273 1368 2359 qualiter
1391 2275 1554 2358 superius
1578 2274 1724 2361 legitur,
1751 2274 1794 2342 ad
1822 2275 1997 2343 securiter
2034 2279 2070 2344 et
2093 2277 2155 2344 fir·

304 2426 412 2493 miter
435 2426 559 2493 amodo
582 2429 619 2494 et
642 2445 779 2513 semper
801 2432 842 2494 tu
865 2425 1054 2494 iamdictus
1079 2425 1250 2528 aldemari
1275 2433 1310 2494 et
1334 2431 1413 2494 tuos
1435 2426 1562 2494 eredes
1586 2426 1793 2512 supradicta
1824 2431 1947 2498 nostra
1975 2431 2154 2500 bindictio

306 2579 463 2666 abendi,
488 2579 703 2665 possidendi,
727 2579 947 2667 dominandi,
971 2583 1090 2647 omnia
1113 2580 1243 2648 exinde
1266 2581 1420 2648 faciendi
1444 2601 1512 2667 que
1536 2579 1736 2668 bolueritis,
1760 2601 1871 2668 asque
1895 2583 1992 2650 omni
2025 2547 2151 2654 nostra

308 2737 345 2804 et
379 2731 422 2800 de
458 2733 590 2800 nostris
620 2733 783 2802 credibus
806 2735 1062 2805 contrarietate
1085 2731 1140 2799 vel
1164 2734 1409 2819 requisitione.
1435 2734 1529 2803 unde
1554 2752 1617 2820 pro
1640 2733 1923 2804 confirmandam
1946 2740 1983 2804 et
2014 2737 2154 2807 stabili·
2200 2725 2207 2734 '

311 2887 476 2994 scandam
504 2889 709 2974 supradicta
733 2893 855 2958 nostra
878 2887 1110 2974 bindictione,
1132 2905 1202 2955 nuc
1225 2907 1248 2955 a
1270 2889 1445 2972 presentis
1468 2889 1666 2974 recepimus
1682 2907 1704 2956 a
1721 2891 1757 2955 te
1780 2888 1950 2958 iamdicto
1974 2889 2158 2960 aldemari

310 3039 420 3109 abbas
442 3003 619 3108 statutum
643 3039 811 3126 pretium,
835 3041 848 3108 i
872 3045 955 3116 sunt
978 3041 1058 3108 auri
1079 3039 1183 3107 solidi
1199 3039 1241 3107 de
1259 3039 1331 3107 tari
1347 3057 1536 3108 numerum
1559 3040 1691 3129 biginti
1715 3061 1788 3110 ana
1811 3048 1964 3130 quatuor
1988 3046 2058 3114 tari
2091 3066 2156 3132 per

311 3192 465 3261 solidum
488 3193 526 3260 in
550 3193 664 3260 omnis
687 3191 956 3280 deliberatione,
981 3193 1073 3261 sicut
1098 3194 1191 3262 inter
1214 3212 1277 3262 nos
1300 3198 1490 3264 combenit.
1517 3197 1560 3265 de
1583 3217 1654 3284 qua
1679 3215 1741 3284 per
1776 3200 1869 3266 bona
1893 3200 2163 3272 combenieutia

320 3365 387 3415 nos
420 3347 580 3418 iamdicti
616 3354 731 3418 mater
767 3353 803 3416 et
837 3349 934 3417 lilius
956 3365 1140 3416 commune
1163 3365 1374 3418 consensum
1397 3349 1532 3436 guadia
1554 3349 1621 3417 tibi
1646 3351 1815 3420 iamdicto
1838 3350 2009 3420 aldemari
2035 3319 2160 3425 abbati

315 3503 501 3592 dedimus,
538 3507 574 3571 et
611 3502 841 3572 mediatorem
873 3503 937 3570 tibi
974 3505 1157 3589 posuimus
1190 3501 1374 3589 iaquintus
1410 3502 1506 3570 tilius
1541 3502 1720 3588 quondam
1745 3505 1911 3592 maraldi;
1936 3471 1976 3573 et
1996 3526 2059 3593 per
2084 3511 2161 3595 ipsa

320 3659 456 3747 guadia
489 3656 726 3744 obligabimus
742 3636 814 3724 nos
838 3655 997 3724 iamdicti
1022 3659 1198 3763 meteret
1220 3653 1318 3722 filius
1342 3674 1526 3724 commune
1550 3673 1761 3758 consensum
1786 3663 1822 3724 et
1846 3661 1960 3726 nostri
1995 3633 2168 3728 credibus

325 3813 449 3884 amodo
473 3819 508 3880 et
531 3830 668 3899 semper
692 3809 939 3880 antistandum
964 3813 1000 3876 et
1022 3807 1277 3875 defensandum
1302 3808 1370 3876 tibi
1396 3810 1520 3896 tuique
1545 3809 1709 3877 credibus
1727 3810 1852 3880 inclita
1873 3812 2165 3899 supradictano·
2235 3879 2237 3887 ,

322 3970 399 4036 stra
435 3965 668 4051 bindictione,
702 3983 784 4044 cum
808 3963 885 4031 bicc
909 3961 951 4028 de
977 3963 1052 4048 ipso
1076 3959 1240 4027 anditum
1265 3979 1287 4028 a
1310 3977 1393 4046 pars
1418 3977 1528 4026 uxore
1553 3977 1699 4047 meaque
1723 3960 1894 4030 romoaldi
1918 3965 1956 4030 et
1987 3963 2033 4032 da
2055 3967 2169 4034 omnis

324 4124 460 4190 omines
482 4122 648 4208 omnique
673 4119 847 4207 partibus,
872 4117 1013 4203 quando
1037 4119 1157 4184 autem
1180 4119 1219 4182 tu
1243 4117 1280 4181 et
1302 4113 1374 4182 tuis
1399 4111 1565 4180 credibus
1589 4111 1632 4180 de
1655 4114 1860 4200 supradicta
1885 4119 2009 4186 nostra
2033 4118 2170 4186 bindic-

322 4275 420 4342 tione
444 4293 505 4360 per
529 4291 589 4340 ros
614 4273 698 4359 ipsis
722 4271 908 4340 bolueritis
930 4273 1024 4337 esset
1047 4273 1172 4337 autore
1195 4271 1231 4336 et
1253 4263 1464 4353 defensore,
1502 4270 1710 4352 potestatem
1745 4269 1883 4337 abeatis
1916 4270 1994 4337 vice
2027 4276 2165 4349 nostra,

325 4448 407 4500 cum
434 4431 504 4497 ista
526 4395 668 4496 cartula
694 4430 730 4495 et
756 4444 836 4493 cum
858 4423 1021 4530 omnibus
1045 4421 1242 4490 rationibus
1266 4441 1334 4508 que
1357 4422 1439 4490 inde
1463 4441 1613 4490 causare
1638 4427 1673 4490 et
1696 4423 1803 4491 tinem
1833 4424 1950 4493 tacere
1964 4474 1974 4512 ,
2010 4425 2170 4511 qualiter

324 4583 525 4652 bolueritis.
551 4601 648 4657 nam,
672 4577 814 4667 quando
838 4595 901 4644 nos
925 4580 960 4645 et
984 4561 1115 4644 nostris
1139 4577 1301 4645 eredibus
1325 4576 1406 4646 illut
1430 4575 1528 4645 vobis
1550 4577 1783 4664 defensemus,
1807 4579 1901 4647 sicut
1932 4579 2097 4665 superius
2121 4577 2174 4648 le·

332 4737 447 4825 gitur,
472 4735 559 4804 etsi
585 4736 706 4804 taliter
729 4732 849 4800 omnia
874 4730 1120 4818 suprascripta
1133 4731 1198 4798 tibi
1219 4733 1341 4819 tuique
1353 4731 1519 4799 credibus
1536 4749 1606 4798 non
1630 4733 1943 4819 adimpleberimus
1966 4737 2003 4804 et
2027 4735 2170 4824 aliquit,

326 4891 370 4962 de
393 4896 570 4978 quantum
594 4888 757 4977 superius
780 4886 925 4976 legitur,
964 4888 1145 4955 remobere
1178 4889 1242 4954 aut
1275 4891 1441 4955 contrare
1475 4888 1736 4974 quesierimus,
1758 4891 1822 4957 aut
1858 4890 1889 4956 si
1927 4889 2175 4975 quodcumque

331 5043 558 5114 causationes
591 5040 673 5110 inde
706 5041 773 5110 tibi
810 5044 935 5129 tuique
964 5041 1128 5125 credibus
1156 5040 1451 5128 preposuerimus,
1476 5058 1539 5127 per
1565 5041 1640 5126 ipsa
1664 5039 1799 5127 guadia
1823 5057 1886 5127 per
1911 5042 2004 5110 bona
2034 5045 2172 5112 combe-

333 5195 474 5266 nientia
497 5214 706 5284 componere
729 5193 967 5281 obligabimus
991 5211 1054 5260 nos
1078 5191 1238 5261 iamdicti
1262 5195 1429 5303 meteret
1443 5191 1539 5259 tilius
1556 5209 1742 5260 commune
1757 5202 1967 5259 consensum
1984 5199 2019 5261 et
2043 5197 2177 5262 nostris

327 5350 518 5437 credibus,
556 5349 622 5418 tibi
655 5351 781 5436 tuique
803 5347 979 5434 credibus,
1003 5343 1270 5434 quinquaginta
1290 5325 1372 5412 auri
1394 5342 1523 5410 solidos
1546 5343 1804 5430 constantinos,
1828 5348 1865 5412 et
1895 5343 2017 5414 omnia
2050 5362 2176 5430 supra-

336 5507 472 5592 scripta
504 5504 606 5572 vobis
640 5502 909 5590 adimpleamus,
942 5504 978 5568 et
1012 5497 1148 5585 questio
1182 5501 1219 5566 et
1252 5495 1413 5566 causatio
1447 5499 1571 5565 nostra
1595 5499 1668 5564 sint
1692 5497 1825 5565 exinde
1847 5497 1960 5566 tacita
1983 5501 2019 5566 et
2044 5499 2175 5587 bacua,

333 5667 369 5732 et
403 5659 525 5730 taliter
559 5657 716 5726 scribere
750 5654 956 5743 rogabimus
990 5657 1026 5722 te
1059 5653 1244 5741 iaquintus
1279 5652 1455 5738 notarius,
1482 5653 1602 5720 actum
1625 5651 1777 5720 salerno.
1803 5669 1870 5739 ego
1892 5651 1954 5739 qui
1987 5669 2096 5740 supra
2115 5659 2179 5723 'ra-

235 5827 249 5842 ·
346 5810 590 5901 gemprandus
628 5809 749 5877 iudex.
788 5807 874 5875 Cum
908 5810 1026 5876 autem
1059 5805 1266 5892 supradicta
1299 5803 1439 5872 cartula
1474 5801 1541 5870 suit
1568 5801 1672 5890 lecta,
1697 5804 1943 5873 manifestabit
1968 5806 2044 5892 ipse
2067 5803 2172 5874 alteri
