5408 7108
977 566 1437 642 urruouarrcus
1982 559 2130 680 ¹noa

179 848 183 860 .
285 791 385 859 mine
407 791 571 878 palomba
594 793 671 863 fllia
693 794 871 881 quondam
894 795 1013 882 petri,
1045 791 1273 864 Declaramus
1300 810 1364 860 nos
1392 794 1525 860 havere
1553 808 1627 860 una
1654 790 1754 877 pecia
1780 791 1823 859 de
1851 795 1948 858 terra
1971 808 2052 858 cum
2075 790 2144 860 ali·

280 946 418 1031 quanta
441 943 575 1014 viniola
598 949 634 1014 et
657 964 737 1013 cum
762 945 874 1032 pomis
898 949 934 1013 et
959 963 1109 1014 vacuum
1135 945 1173 1010 in
1197 943 1311 1012 locum
1339 959 1492 1029 pazzano
1511 989 1640 1008 .....
1666 946 1704 1010 et
1727 947 1781 1011 est
1796 941 1886 1010 mihi
1910 941 2046 1010 andrea
2062 940 2143 1027 per·

277 1096 433 1165 tinentes
455 1095 505 1164 da·
526 1113 610 1182 pars
633 1095 834 1181 predictum
858 1096 1057 1182 genitorem
1083 1113 1199 1200 meum
1230 1112 1291 1162 seu
1321 1113 1384 1181 per
1411 1094 1545 1162 nostris
1574 1093 1752 1180 rationis,
1776 1095 1815 1158 ln
1840 1112 1910 1179 qua
1933 1097 1969 1160 et
1990 1077 2057 1180 e'go
2080 1109 2143 1158 no·

278 1248 418 1318 minata
440 1247 568 1316 mulier
593 1247 758 1334 profiteor
788 1265 844 1314 me
874 1247 1004 1317 ibidem
1033 1250 1167 1317 havere
1196 1255 1364 1336 quartam
1391 1251 1531 1335 partem
1559 1246 1670 1320 michi
1699 1251 1873 1319 emissam.
1895 1251 1941 1316 ab
1966 1249 2042 1334 ipso
2065 1249 2142 1316 viro

277 1419 377 1470 meus
398 1400 473 1470 alia
496 1400 554 1470 die
579 1405 701 1470 nostre
724 1400 972 1488 copulationis,
1004 1403 1049 1470 Et
1067 1399 1294 1489 palamsacio,
1312 1401 1398 1490 quia
1421 1421 1486 1490 pro
1504 1405 1724 1472 merentibus
1740 1404 1872 1471 nostris
1888 1402 2042 1489 peccatis
2059 1421 2139 1488 per·

275 1555 436 1621 venimus
461 1555 498 1621 in
523 1572 682 1641 mangna
705 1551 851 1642 inopbia
875 1558 913 1625 et
936 1575 959 1624 a
983 1558 1134 1642 penurie
1158 1556 1261 1626 famis
1286 1556 1440 1623 nimium
1463 1573 1586 1623 sumus
1602 1557 1759 1642 oppressi
1786 1558 1822 1623 et
1845 1555 1986 1622 nullum
2008 1572 2136 1623 consu-

277 1701 350 1768 lum
367 1699 393 1784 ¹)
408 1721 567 1791 avemus,
587 1703 679 1774 undo
702 1709 841 1793 tempus
864 1706 969 1775 samis
983 1706 1160 1776 hevadere
1184 1675 1365 1794 possamus
1389 1724 1454 1774 nos
1469 1710 1504 1775 et
1521 1753 1792 1773 ........
1817 1707 2043 1792 Quapropter
2057 1711 2140 1794 ipsa

277 1856 421 1942 mulier,
437 1855 578 1923 obtenta
593 1858 738 1926 licentia
760 1875 785 1925 a
803 1859 931 1944 Sergio
955 1860 1125 1928 castaldo
1148 1863 1181 1928 ct
1197 1862 1354 1927 coortis
1372 1860 1589 1945 pareatibus
1611 1863 1684 1928 suis
1700 1861 1810 1930 tuoto
1826 1864 1938 1947 legem
1958 1864 2145 1983 emeandi

278 2025 381 2076 mam
402 2010 575 2094 quartam
592 2011 809 2098 portionem,
826 2027 909 2080 cum
926 2012 1007 2079 viro
1029 2032 1091 2081 suo
1116 2015 1274 2082 venduut
1297 2018 1440 2082 terrum
1463 2016 1756 2100 suprascriptam
1769 2016 1915 2085 cuidam
1940 2020 2145 2089 Ferranclo

276 2161 350 2242 filio
372 2161 552 2246 qmudam
575 2161 771 2250 Sudeoolfi,
795 2168 937 2250 accepto
953 2167 1075 2250 pretio
1099 2169 1186 2234 auri
1209 2169 1427 2251 tarenorum
1453 2213 1613 2233 .....

324 2314 434 2381 Finis
457 2315 594 2381 tectus:
620 2315 664 2382 Et
686 2313 809 2384 taliter
833 2319 991 2385 scrivere
1014 2336 1182 2405 rogamus
1206 2323 1242 2388 te
1264 2318 1469 2388 ademarius
1494 2320 1646 2388 clericus
1668 2324 1705 2388 et
1728 2319 1891 2388 notarius
1908 2327 1978 2408 'per
1994 2321 2145 2390 deman·
2250 2333 2254 2336 ·

281 2463 457 2534 dationem
485 2466 684 2551 supradicti
711 2466 881 2555 gastaldi.
1755 2447 1756 2452 ¹

323 2589 353 2705 †
378 2619 527 2707 Signum
551 2640 699 2690 manum
723 2621 920 2710 supradicti
945 2624 1055 2711 sergii
1080 2623 1252 2694 castaldei

326 2746 357 2862 †
381 2775 456 2860 Ego
480 2773 672 2844 radoaldus
694 2774 846 2844 clericus

327 2897 359 3014 †
384 2929 459 3016 Ego
483 2934 617 3016 petrus.

1082 3480 1339 3564 MXLIV·

1065 3778 1124 3854 Α.
1151 3777 1206 3852 D.
1235 3775 1369 3852 1044.

323 4014 359 4154 †
382 4067 423 4132 ln
445 4066 589 4134 nomine
611 4064 746 4133 domini
770 4065 936 4132 vicesimo
960 4066 1111 4150 septimo
1134 4082 1230 4133 anno
1254 4065 1480 4151 principatus
1504 4063 1637 4134 salerni
1663 4063 1784 4131 domni
1802 4065 1916 4131 nostri
1933 4043 2145 4190 guaimari,¹

277 4223 323 4290 Et
344 4221 493 4324 septimo
516 4234 612 4308 anuo
636 4220 862 4307 principatus
888 4221 967 4289 eius
994 4239 1107 4307 capue
1130 4224 1166 4288 et
1189 4222 1212 4302 ²)
1238 4220 1391 4290 ducatus
1421 4219 1500 4288 eius
1528 4219 1649 4289 amalfi
1676 4223 1714 4288 et
1741 4222 1947 4307 sirrentum,
1965 4223 2001 4289 et
2024 4221 2133 4290 tertio

279 4389 375 4442 anno
396 4373 720 4459 suprascriptorum
744 4369 1014 4457 principatuum
1030 4374 1066 4439 et
1082 4370 1277 4440 ducatuum
1295 4371 1415 4439 domni
1432 4371 1553 4459 gisulfi
1567 4373 1693 4441 eximii
1711 4370 1884 4459 principis
1901 4375 1937 4440 et
1952 4371 2053 4441 ducis
2069 4373 2134 4439 filii

278 4525 366 4612 eius,
390 4542 498 4612 quam
514 4527 550 4591 et
564 4523 672 4593 tertio
694 4540 791 4593 anno
816 4522 969 4592 ducatus
992 4541 1114 4593 eorum
1139 4523 1261 4610 apulie
1285 4529 1321 4592 et
1343 4523 1525 4612 calabrie,
1551 4543 1673 4594 mense
1701 4527 1867 4614 martius,
1891 4525 2140 4597 tertiadecima

278 4674 489 4744 indictione.
512 4673 804 4744 Memoratorium
828 4675 961 4743 lactum
984 4692 1007 4742 a
1032 4692 1088 4742 me
1112 4677 1236 4762 petrus
1258 4676 1435 4762 presbiter
1458 4679 1493 4744 et
1518 4675 1747 4762 primicerius
1772 4678 1866 4746 tilius
1889 4679 2138 4764 quondamio

278 4830 406 4915 hanni,
423 4846 464 4896 eo
485 4828 578 4914 quod
605 4831 691 4898 ante
718 4830 939 4915 presentiam
965 4829 1115 4896 domnus
1142 4827 1275 4896 alferus
1301 4827 1475 4896 diaconus
1502 4830 1781 4914 archipresbiter
1808 4835 1844 4898 et
1871 4832 1982 4910 abbas
2011 4831 2055 4898 de
2085 4849 2143 4898 ec-

279 4979 389 5050 clesia
411 4981 528 5049 sancti
552 4981 715 5067 maximi,
733 4999 803 5067 que
820 4980 893 5048 sita
909 4984 964 5049 est
988 4981 1084 5048 intus
1108 4999 1177 5049 anc
1194 4979 1454 5052 salernitanam
1472 4981 1657 5048 cibitatem
1673 4999 1736 5066 per
1754 4981 2055 5050 combenientiam
2075 4999 2140 5068 per

279 5134 470 5201 iussionem
493 5132 606 5218 ipsius
628 5089 747 5200 domni
772 5131 907 5216 abbati,
933 5131 1055 5217 ibique
1078 5129 1201 5199 adesse
1225 5131 1420 5219 subscripti
1445 5137 1565 5220 testes,
1593 5132 1726 5200 tradidi
1745 5132 1790 5200 ad
1814 5133 2008 5202 tenendum
2031 5139 2067 5203 et
2090 5136 2141 5202 la-

278 5284 452 5353 boradum
475 5284 632 5352 cicerum
655 5283 770 5351 filium
794 5283 974 5372 quondam
998 5281 1091 5369 petri
1117 5280 1344 5355 lauretanum
1368 5303 1441 5356 una
1464 5287 1567 5373 pecia
1596 5287 1639 5354 de
1663 5289 1761 5356 terra
1784 5305 1866 5352 cum
1890 5287 2076 5355 arbustum
2102 5291 2141 5355 et

323 5721 347 5794 ¹)
368 5723 559 5784 consulum:
581 5721 856 5785 consolationem.

325 5863 350 5941 ²)
372 5864 473 5928 Sexto
494 5883 579 5928 anno
602 5863 740 5929 ducatus
763 5866 893 5929 amalfia
918 5871 951 5928 et
974 5867 1123 5928 sirrenti.
