<?xml version="1.0" encoding="UTF-8"?>
<!DOCTYPE html PUBLIC "-//W3C//DTD XHTML 1.0 Transitional//EN"
    "http://www.w3.org/TR/xhtml1/DTD/xhtml1-transitional.dtd">
<html xmlns="http://www.w3.org/1999/xhtml" xml:lang="en" lang="en">
 <head>
  <title>
</title>
<meta http-equiv="Content-Type" content="text/html;charset=utf-8" />
  <meta name='ocr-system' content='tesseract 3.04.00' />
  <meta name='ocr-capabilities' content='ocr_page ocr_carea ocr_par ocr_line ocrx_word'/>
</head>
<body>
  <div class='ocr_page' id='page_1' title='image "./codexdiplomatic04aragoog_0223.png"; bbox 0 0 5408 7108; ppageno 0'>
   <div class='ocr_carea' id='block_1_1' title="bbox 998 489 2091 576">
    <p class='ocr_par' dir='ltr' id='par_1_1' title="bbox 998 489 2091 576">
     <span class='ocr_line' id='line_1_1' title="bbox 998 489 2091 576; baseline -0.012 0"><span class='ocrx_word' id='word_1_1' title='bbox 998 498 1411 576; x_wconf 26' lang='lat' dir='ltr'><strong>olelovllnrlobs</strong></span> <span class='ocrx_word' id='word_1_2' title='bbox 1952 522 1955 528; x_wconf 94' lang='lat'>·</span> <span class='ocrx_word' id='word_1_3' title='bbox 2023 489 2091 565; x_wconf 88' lang='grc'><strong>183</strong></span> 
     </span>
    </p>
   </div>
   <div class='ocr_carea' id='block_1_2' title="bbox 290 717 2235 2186">
    <p class='ocr_par' dir='ltr' id='par_1_2' title="bbox 290 717 2235 2186">
     <span class='ocr_line' id='line_1_2' title="bbox 297 717 2139 818; baseline -0.008 -19"><span class='ocrx_word' id='word_1_4' title='bbox 297 731 456 802; x_wconf 89' lang='lat' dir='ltr'><strong>laborem</strong></span> <span class='ocrx_word' id='word_1_5' title='bbox 481 731 519 798; x_wconf 92' lang='lat' dir='ltr'><strong>in</strong></span> <span class='ocrx_word' id='word_1_6' title='bbox 544 731 621 818; x_wconf 89' lang='lat' dir='ltr'><strong>ipsa</strong></span> <span class='ocrx_word' id='word_1_7' title='bbox 644 729 808 810; x_wconf 88' lang='lat' dir='ltr'><strong>ecclesia,</strong></span> <span class='ocrx_word' id='word_1_8' title='bbox 833 729 988 815; x_wconf 80' lang='lat' dir='ltr'>qualiter</span> <span class='ocrx_word' id='word_1_9' title='bbox 1005 729 1106 796; x_wconf 91' lang='lat' dir='ltr'><strong>uobis</strong></span> <span class='ocrx_word' id='word_1_10' title='bbox 1121 729 1248 796; x_wconf 92' lang='lat' dir='ltr'><strong>melius</strong></span> <span class='ocrx_word' id='word_1_11' title='bbox 1264 727 1503 814; x_wconf 78' lang='lat' dir='ltr'><strong>comparuerit</strong></span> <span class='ocrx_word' id='word_1_12' title='bbox 1518 725 1648 794; x_wconf 85' lang='lat' dir='ltr'><strong>iacere.</strong></span> <span class='ocrx_word' id='word_1_13' title='bbox 1667 723 1720 791; x_wconf 85' lang='lat' dir='ltr'><strong>Ad</strong></span> <span class='ocrx_word' id='word_1_14' title='bbox 1737 722 1794 789; x_wconf 92' lang='lat' dir='ltr'><strong>die</strong></span> <span class='ocrx_word' id='word_1_15' title='bbox 1811 721 1922 789; x_wconf 89' lang='lat' dir='ltr'><strong>bobiti</strong></span> <span class='ocrx_word' id='word_1_16' title='bbox 1941 719 1996 786; x_wconf 89' lang='lat' dir='ltr'><strong>sui</strong></span> <span class='ocrx_word' id='word_1_17' title='bbox 2015 717 2139 786; x_wconf 88' lang='lat' dir='ltr'><strong>inclita</strong></span> 
     </span>
     <span class='ocr_line' id='line_1_3' title="bbox 292 874 2136 968; baseline -0.007 -18"><span class='ocrx_word' id='word_1_18' title='bbox 292 882 372 968; x_wconf 88' lang='lat' dir='ltr'><strong>ipsa</strong></span> <span class='ocrx_word' id='word_1_19' title='bbox 398 881 548 952; x_wconf 87' lang='lat' dir='ltr'><strong>ecclesia</strong></span> <span class='ocrx_word' id='word_1_20' title='bbox 570 900 651 949; x_wconf 92' lang='lat' dir='ltr'><strong>oum</strong></span> <span class='ocrx_word' id='word_1_21' title='bbox 675 883 791 947; x_wconf 91' lang='lat' dir='ltr'><strong>omnis</strong></span> <span class='ocrx_word' id='word_1_22' title='bbox 815 881 1058 967; x_wconf 88' lang='lat' dir='ltr'><strong>suprascripta</strong></span> <span class='ocrx_word' id='word_1_23' title='bbox 1081 881 1189 948; x_wconf 91' lang='lat' dir='ltr'><strong>rebus</strong></span> <span class='ocrx_word' id='word_1_24' title='bbox 1213 885 1248 948; x_wconf 90' lang='lat' dir='ltr'><strong>et</strong></span> <span class='ocrx_word' id='word_1_25' title='bbox 1270 896 1431 962; x_wconf 89' lang='lat' dir='ltr'><strong>causam,</strong></span> <span class='ocrx_word' id='word_1_26' title='bbox 1457 877 1547 963; x_wconf 92' lang='lat' dir='ltr'><strong>quod</strong></span> <span class='ocrx_word' id='word_1_27' title='bbox 1565 878 1597 943; x_wconf 91' lang='lat' dir='ltr'><strong>ei</strong></span> <span class='ocrx_word' id='word_1_28' title='bbox 1614 874 1922 961; x_wconf 78' lang='lat' dir='ltr'><strong>adsingnavimuS,</strong></span> <span class='ocrx_word' id='word_1_29' title='bbox 1946 877 2065 940; x_wconf 91' lang='lat' dir='ltr'><strong>nostre</strong></span> <span class='ocrx_word' id='word_1_30' title='bbox 2083 887 2136 938; x_wconf 89' lang='lat' dir='ltr'><strong>re·</strong></span> 
     </span>
     <span class='ocr_line' id='line_1_4' title="bbox 293 1013 2137 1119; baseline -0.006 -17"><span class='ocrx_word' id='word_1_31' title='bbox 293 1034 415 1102; x_wconf 84' lang='lat' dir='ltr'><strong>mittat</strong></span> <span class='ocrx_word' id='word_1_32' title='bbox 439 1031 636 1119; x_wconf 74' lang='lat' dir='ltr'><strong>potestatis,</strong></span> <span class='ocrx_word' id='word_1_33' title='bbox 662 1034 698 1099; x_wconf 94' lang='lat' dir='ltr'><strong>et</strong></span> <span class='ocrx_word' id='word_1_34' title='bbox 722 1033 751 1098; x_wconf 94' lang='lat' dir='ltr'><strong>si</strong></span> <span class='ocrx_word' id='word_1_35' title='bbox 778 1033 852 1116; x_wconf 90' lang='lat' dir='ltr'><strong>ipse</strong></span> <span class='ocrx_word' id='word_1_36' title='bbox 875 1031 1041 1100; x_wconf 85' lang='lat' dir='ltr'>sindones</span> <span class='ocrx_word' id='word_1_37' title='bbox 1057 1036 1093 1100; x_wconf 94' lang='lat' dir='ltr'><strong>et</strong></span> <span class='ocrx_word' id='word_1_38' title='bbox 1108 1033 1256 1115; x_wconf 77' lang='lat' dir='ltr'><strong>cortine,</strong></span> <span class='ocrx_word' id='word_1_39' title='bbox 1275 1029 1328 1097; x_wconf 89' lang='lat' dir='ltr'><strong>vel</strong></span> <span class='ocrx_word' id='word_1_40' title='bbox 1346 1028 1481 1096; x_wconf 90' lang='lat' dir='ltr'><strong>codices</strong></span> <span class='ocrx_word' id='word_1_41' title='bbox 1498 1028 1547 1095; x_wconf 92' lang='lat' dir='ltr'><strong>ibi</strong></span> <span class='ocrx_word' id='word_1_42' title='bbox 1564 1029 1766 1114; x_wconf 89' lang='lat' dir='ltr'><strong>intraberit,</strong></span> <span class='ocrx_word' id='word_1_43' title='bbox 1784 1033 1820 1096; x_wconf 91' lang='lat' dir='ltr'><strong>et</strong></span> <span class='ocrx_word' id='word_1_44' title='bbox 1842 1013 1902 1094; x_wconf 87' lang='lat' dir='ltr'><strong>ille</strong></span> <span class='ocrx_word' id='word_1_45' title='bbox 1916 1025 2029 1094; x_wconf 85' lang='lat' dir='ltr'><strong>licead</strong></span> <span class='ocrx_word' id='word_1_46' title='bbox 2053 1024 2137 1092; x_wconf 91' lang='lat' dir='ltr'><strong>inde</strong></span> 
     </span>
     <span class='ocr_line' id='line_1_5' title="bbox 293 1175 2139 1270; baseline -0.011 -10"><span class='ocrx_word' id='word_1_47' title='bbox 293 1192 466 1260; x_wconf 80' lang='lat' dir='ltr'><strong>excutere</strong></span> <span class='ocrx_word' id='word_1_48' title='bbox 491 1187 605 1255; x_wconf 91' lang='lat' dir='ltr'><strong>omnis</strong></span> <span class='ocrx_word' id='word_1_49' title='bbox 629 1205 695 1256; x_wconf 89' lang='lat' dir='ltr'><strong>sua</strong></span> <span class='ocrx_word' id='word_1_50' title='bbox 719 1205 829 1257; x_wconf 90' lang='lat' dir='ltr'><strong>causa</strong></span> <span class='ocrx_word' id='word_1_51' title='bbox 852 1187 905 1255; x_wconf 89' lang='lat' dir='ltr'><strong>vel</strong></span> <span class='ocrx_word' id='word_1_52' title='bbox 923 1203 1004 1253; x_wconf 93' lang='lat' dir='ltr'><strong>suos</strong></span> <span class='ocrx_word' id='word_1_53' title='bbox 1019 1183 1153 1270; x_wconf 86' lang='lat' dir='ltr'><strong>eredes,</strong></span> <span class='ocrx_word' id='word_1_54' title='bbox 1170 1181 1371 1251; x_wconf 85' lang='lat' dir='ltr'><strong>iaciendum</strong></span> <span class='ocrx_word' id='word_1_55' title='bbox 1388 1181 1479 1266; x_wconf 90' lang='lat' dir='ltr'><strong>quod</strong></span> <span class='ocrx_word' id='word_1_56' title='bbox 1495 1181 1658 1249; x_wconf 90' lang='lat' dir='ltr'><strong>boluerit.</strong></span> <span class='ocrx_word' id='word_1_57' title='bbox 1675 1180 1782 1250; x_wconf 85' lang='lat' dir='ltr'><strong>Unde</strong></span> <span class='ocrx_word' id='word_1_58' title='bbox 1800 1179 1837 1247; x_wconf 91' lang='lat' dir='ltr'><strong>in</strong></span> <span class='ocrx_word' id='word_1_59' title='bbox 1852 1196 1894 1248; x_wconf 92' lang='lat' dir='ltr'><strong>eo</strong></span> <span class='ocrx_word' id='word_1_60' title='bbox 1908 1175 2060 1246; x_wconf 87' lang='lat' dir='ltr'><strong>hordine</strong></span> <span class='ocrx_word' id='word_1_61' title='bbox 2076 1193 2139 1263; x_wconf 89' lang='lat' dir='ltr'><strong>per</strong></span> 
     </span>
     <span class='ocr_line' id='line_1_6' title="bbox 295 1327 2140 1423; baseline -0.006 -16"><span class='ocrx_word' id='word_1_62' title='bbox 295 1341 395 1408; x_wconf 86' lang='lat' dir='ltr'><strong>bona</strong></span> <span class='ocrx_word' id='word_1_63' title='bbox 419 1336 681 1406; x_wconf 89' lang='lat' dir='ltr'><strong>combenientia</strong></span> <span class='ocrx_word' id='word_1_64' title='bbox 704 1336 839 1423; x_wconf 80' lang='lat' dir='ltr'><strong>gnadia</strong></span> <span class='ocrx_word' id='word_1_65' title='bbox 862 1335 964 1402; x_wconf 91' lang='lat' dir='ltr'><strong>nobis</strong></span> <span class='ocrx_word' id='word_1_66' title='bbox 987 1334 1083 1403; x_wconf 87' lang='lat' dir='ltr'><strong>dedit</strong></span> <span class='ocrx_word' id='word_1_67' title='bbox 1100 1335 1175 1422; x_wconf 91' lang='lat' dir='ltr'><strong>ipse</strong></span> <span class='ocrx_word' id='word_1_68' title='bbox 1192 1334 1363 1403; x_wconf 87' lang='lat' dir='ltr'><strong>iohannes</strong></span> <span class='ocrx_word' id='word_1_69' title='bbox 1386 1334 1574 1422; x_wconf 86' lang='lat' dir='ltr'><strong>presbiter,</strong></span> <span class='ocrx_word' id='word_1_70' title='bbox 1600 1340 1636 1403; x_wconf 92' lang='lat' dir='ltr'><strong>et</strong></span> <span class='ocrx_word' id='word_1_71' title='bbox 1651 1333 1881 1401; x_wconf 82' lang='lat' dir='ltr'><strong>mediatorem</strong></span> <span class='ocrx_word' id='word_1_72' title='bbox 1905 1331 2006 1398; x_wconf 90' lang='lat' dir='ltr'><strong>uobis</strong></span> <span class='ocrx_word' id='word_1_73' title='bbox 2023 1327 2140 1415; x_wconf 86' lang='lat' dir='ltr'><strong>posuit</strong></span> 
     </span>
     <span class='ocr_line' id='line_1_7' title="bbox 292 1481 2139 1576; baseline -0.006 -18"><span class='ocrx_word' id='word_1_74' title='bbox 292 1492 467 1576; x_wconf 80' lang='lat' dir='ltr'><strong>seipsum3</strong></span> <span class='ocrx_word' id='word_1_75' title='bbox 485 1493 521 1558; x_wconf 89' lang='grc'><strong>11</strong></span> <span class='ocrx_word' id='word_1_76' title='bbox 538 1508 601 1576; x_wconf 92' lang='lat' dir='ltr'><strong>per</strong></span> <span class='ocrx_word' id='word_1_77' title='bbox 619 1489 695 1575; x_wconf 88' lang='lat' dir='ltr'><strong>ipsa</strong></span> <span class='ocrx_word' id='word_1_78' title='bbox 712 1489 846 1576; x_wconf 85' lang='lat' dir='ltr'><strong>guadia</strong></span> <span class='ocrx_word' id='word_1_79' title='bbox 862 1488 1034 1575; x_wconf 86' lang='lat' dir='ltr'><strong>obligavit</strong></span> <span class='ocrx_word' id='word_1_80' title='bbox 1050 1505 1088 1556; x_wconf 89' lang='lat' dir='ltr'><strong>se</strong></span> <span class='ocrx_word' id='word_1_81' title='bbox 1105 1492 1140 1556; x_wconf 91' lang='lat' dir='ltr'><strong>et</strong></span> <span class='ocrx_word' id='word_1_82' title='bbox 1156 1505 1237 1555; x_wconf 90' lang='lat' dir='ltr'><strong>suos</strong></span> <span class='ocrx_word' id='word_1_83' title='bbox 1253 1489 1384 1574; x_wconf 91' lang='lat' dir='ltr'><strong>eredes,</strong></span> <span class='ocrx_word' id='word_1_84' title='bbox 1402 1491 1442 1555; x_wconf 92' lang='lat' dir='ltr'><strong>ut</strong></span> <span class='ocrx_word' id='word_1_85' title='bbox 1457 1489 1486 1554; x_wconf 90' lang='lat' dir='ltr'><strong>si</strong></span> <span class='ocrx_word' id='word_1_86' title='bbox 1505 1487 1625 1556; x_wconf 87' lang='lat' dir='ltr'><strong>taliter</strong></span> <span class='ocrx_word' id='word_1_87' title='bbox 1641 1487 1762 1553; x_wconf 89' lang='lat' dir='ltr'><strong>omnia</strong></span> <span class='ocrx_word' id='word_1_88' title='bbox 1779 1485 2023 1571; x_wconf 87' lang='lat' dir='ltr'><strong>suprascripta</strong></span> <span class='ocrx_word' id='word_1_89' title='bbox 2036 1481 2139 1548; x_wconf 91' lang='lat' dir='ltr'><strong>uobis</strong></span> 
     </span>
     <span class='ocr_line' id='line_1_8' title="bbox 290 1634 2139 1746; baseline -0.003 -40"><span class='ocrx_word' id='word_1_90' title='bbox 290 1657 362 1707; x_wconf 90' lang='lat' dir='ltr'><strong>non</strong></span> <span class='ocrx_word' id='word_1_91' title='bbox 389 1639 654 1726; x_wconf 87' lang='lat' dir='ltr'><strong>adimpleberit,</strong></span> <span class='ocrx_word' id='word_1_92' title='bbox 673 1645 708 1708; x_wconf 94' lang='lat' dir='ltr'><strong>et</strong></span> <span class='ocrx_word' id='word_1_93' title='bbox 724 1637 854 1724; x_wconf 89' lang='lat' dir='ltr'><strong>aliquit</strong></span> <span class='ocrx_word' id='word_1_94' title='bbox 879 1639 1007 1706; x_wconf 79' lang='lat' dir='ltr'><strong>exinde</strong></span> <span class='ocrx_word' id='word_1_95' title='bbox 1024 1641 1296 1727; x_wconf 84' lang='lat' dir='ltr'><strong>contradixerit,</strong></span> <span class='ocrx_word' id='word_1_96' title='bbox 1319 1655 1525 1726; x_wconf 89' lang='lat' dir='ltr'><strong>componere</strong></span> <span class='ocrx_word' id='word_1_97' title='bbox 1549 1639 1651 1706; x_wconf 91' lang='lat' dir='ltr'><strong>nobis</strong></span> <span class='ocrx_word' id='word_1_98' title='bbox 1674 1639 1874 1723; x_wconf 81' lang='lat' dir='ltr'><strong>nostrisque</strong></span> <span class='ocrx_word' id='word_1_99' title='bbox 1898 1634 2074 1722; x_wconf 89' lang='lat' dir='ltr'><strong>eredibus,</strong></span> <span class='ocrx_word' id='word_1_100' title='bbox 2101 1639 2139 1746; x_wconf 81' lang='lat' dir='ltr'><strong>et</strong></span> 
     </span>
     <span class='ocr_line' id='line_1_9' title="bbox 293 1787 2235 1886; baseline -0.003 -28"><span class='ocrx_word' id='word_1_101' title='bbox 293 1793 351 1860; x_wconf 89' lang='lat' dir='ltr'><strong>cui</strong></span> <span class='ocrx_word' id='word_1_102' title='bbox 369 1793 511 1858; x_wconf 89' lang='lat' dir='ltr'><strong>brebem</strong></span> <span class='ocrx_word' id='word_1_103' title='bbox 530 1793 598 1860; x_wconf 91' lang='lat' dir='ltr'><strong>iste</strong></span> <span class='ocrx_word' id='word_1_104' title='bbox 615 1795 651 1858; x_wconf 93' lang='lat' dir='ltr'><strong>in</strong></span> <span class='ocrx_word' id='word_1_105' title='bbox 669 1810 814 1860; x_wconf 91' lang='lat' dir='ltr'><strong>manum</strong></span> <span class='ocrx_word' id='word_1_106' title='bbox 832 1791 1008 1878; x_wconf 89' lang='lat' dir='ltr'><strong>paruerit,</strong></span> <span class='ocrx_word' id='word_1_107' title='bbox 1025 1790 1288 1878; x_wconf 89' lang='lat' dir='ltr'><strong>quinquaginta</strong></span> <span class='ocrx_word' id='word_1_108' title='bbox 1302 1792 1383 1860; x_wconf 91' lang='lat' dir='ltr'><strong>auri</strong></span> <span class='ocrx_word' id='word_1_109' title='bbox 1400 1791 1527 1858; x_wconf 89' lang='lat' dir='ltr'><strong>solidos</strong></span> <span class='ocrx_word' id='word_1_110' title='bbox 1542 1789 1867 1875; x_wconf 83' lang='lat' dir='ltr'><strong>constantinianos,</strong></span> <span class='ocrx_word' id='word_1_111' title='bbox 1893 1789 1938 1856; x_wconf 82' lang='lat' dir='ltr'><strong>itt</strong></span> <span class='ocrx_word' id='word_1_112' title='bbox 1961 1804 2030 1854; x_wconf 88' lang='lat' dir='ltr'><strong>uuo</strong></span> <span class='ocrx_word' id='word_1_113' title='bbox 2054 1787 2134 1854; x_wconf 91' lang='lat' dir='ltr'><strong>bre·</strong></span> <span class='ocrx_word' id='word_1_114' title='bbox 2230 1879 2235 1886; x_wconf 94' lang='lat'><strong>.</strong></span> 
     </span>
     <span class='ocr_line' id='line_1_10' title="bbox 290 1945 1275 2034; baseline -0.004 -18"><span class='ocrx_word' id='word_1_115' title='bbox 290 1949 370 2016; x_wconf 89' lang='lat' dir='ltr'><strong>bem</strong></span> <span class='ocrx_word' id='word_1_116' title='bbox 396 1945 528 2018; x_wconf 86' lang='lat' dir='ltr'><strong>scribsi</strong></span> <span class='ocrx_word' id='word_1_117' title='bbox 552 1965 618 2034; x_wconf 88' lang='lat' dir='ltr'><strong>ego</strong></span> <span class='ocrx_word' id='word_1_118' title='bbox 641 1947 824 2016; x_wconf 83' lang='lat' dir='ltr'><strong>dauferius</strong></span> <span class='ocrx_word' id='word_1_119' title='bbox 847 1950 1010 2018; x_wconf 89' lang='lat' dir='ltr'><strong>notarius</strong></span> <span class='ocrx_word' id='word_1_120' title='bbox 1031 1949 1091 2034; x_wconf 93' lang='lat' dir='ltr'><strong>qui</strong></span> <span class='ocrx_word' id='word_1_121' title='bbox 1117 1947 1275 2015; x_wconf 81' lang='lat' dir='ltr'><strong>interlui.</strong></span> 
     </span>
     <span class='ocr_line' id='line_1_11' title="bbox 336 2064 1143 2186; baseline -0.004 -20"><span class='ocrx_word' id='word_1_122' title='bbox 336 2064 367 2179; x_wconf 87' lang='lat'>†</span> <span class='ocrx_word' id='word_1_123' title='bbox 394 2101 472 2186; x_wconf 85' lang='lat' dir='ltr'><strong>Ego</strong></span> <span class='ocrx_word' id='word_1_124' title='bbox 494 2098 659 2168; x_wconf 89' lang='lat' dir='ltr'><strong>alderissi</strong></span> <span class='ocrx_word' id='word_1_125' title='bbox 686 2098 849 2168; x_wconf 87' lang='lat' dir='ltr'><strong>notarius</strong></span> <span class='ocrx_word' id='word_1_126' title='bbox 872 2118 929 2168; x_wconf 92' lang='lat' dir='ltr'><strong>me</strong></span> <span class='ocrx_word' id='word_1_127' title='bbox 951 2098 1143 2167; x_wconf 89' lang='lat' dir='ltr'><strong>subscribsi</strong></span> 
     </span>
    </p>
   </div>
   <div class='ocr_carea' id='block_1_3' title="bbox 336 2221 1151 2339">
    <p class='ocr_par' dir='ltr' id='par_1_3' title="bbox 336 2221 1151 2339">
     <span class='ocr_line' id='line_1_12' title="bbox 336 2221 1151 2339; baseline -0.006 -21"><span class='ocrx_word' id='word_1_128' title='bbox 336 2221 367 2338; x_wconf 88' lang='lat'>†</span> <span class='ocrx_word' id='word_1_129' title='bbox 393 2253 468 2339; x_wconf 84' lang='lat' dir='ltr'><strong>Ego</strong></span> <span class='ocrx_word' id='word_1_130' title='bbox 491 2251 656 2320; x_wconf 90' lang='lat' dir='ltr'><strong>alderissi</strong></span> <span class='ocrx_word' id='word_1_131' title='bbox 682 2253 847 2321; x_wconf 90' lang='lat' dir='ltr'><strong>notarius</strong></span> <span class='ocrx_word' id='word_1_132' title='bbox 869 2271 925 2320; x_wconf 92' lang='lat' dir='ltr'><strong>me</strong></span> <span class='ocrx_word' id='word_1_133' title='bbox 948 2251 1151 2336; x_wconf 88' lang='lat' dir='ltr'><strong>subscripsi.</strong></span> 
     </span>
    </p>
   </div>
   <div class='ocr_carea' id='block_1_4' title="bbox 1007 2532 1378 2549">
    <p class='ocr_par' dir='ltr' id='par_1_4' title="bbox 1007 2532 1378 2549">
     <span class='ocr_line' id='line_1_13' title="bbox 1007 2532 1378 2549; baseline -0.008 0"><span class='ocrx_word' id='word_1_134' title='bbox 1007 2532 1378 2549; x_wconf 53' lang='lat' dir='ltr'><strong>-ffl</strong></span> 
     </span>
    </p>
   </div>
   <div class='ocr_carea' id='block_1_5' title="bbox 1088 2925 1331 3008">
    <p class='ocr_par' dir='ltr' id='par_1_5' title="bbox 1088 2925 1331 3008">
     <span class='ocr_line' id='line_1_14' title="bbox 1088 2925 1331 3008; baseline -0.016 0"><span class='ocrx_word' id='word_1_135' title='bbox 1088 2925 1331 3008; x_wconf 83' lang='lat' dir='ltr'><strong>GMXGI·</strong></span> 
     </span>
    </p>
   </div>
   <div class='ocr_carea' id='block_1_6' title="bbox 1058 3217 1358 3295">
    <p class='ocr_par' dir='ltr' id='par_1_6' title="bbox 1058 3217 1358 3295">
     <span class='ocr_line' id='line_1_15' title="bbox 1058 3217 1358 3295; baseline -0.013 -3"><span class='ocrx_word' id='word_1_136' title='bbox 1058 3217 1115 3292; x_wconf 90' lang='lat' dir='ltr'><strong>A.</strong></span> <span class='ocrx_word' id='word_1_137' title='bbox 1143 3220 1197 3294; x_wconf 87' lang='lat' dir='ltr'><strong>D.</strong></span> <span class='ocrx_word' id='word_1_138' title='bbox 1227 3217 1358 3295; x_wconf 78' lang='lat'><strong>1042.</strong></span> 
     </span>
    </p>
   </div>
   <div class='ocr_carea' id='block_1_7' title="bbox 339 3457 2218 3605">
    <p class='ocr_par' dir='ltr' id='par_1_7' title="bbox 339 3457 2218 3605">
     <span class='ocr_line' id='line_1_16' title="bbox 339 3457 2218 3605; baseline 0.001 -30"><span class='ocrx_word' id='word_1_139' title='bbox 339 3457 375 3598; x_wconf 76' lang='lat'>†</span> <span class='ocrx_word' id='word_1_140' title='bbox 400 3510 441 3575; x_wconf 93' lang='lat' dir='ltr'><strong>ln</strong></span> <span class='ocrx_word' id='word_1_141' title='bbox 472 3509 616 3577; x_wconf 90' lang='lat' dir='ltr'><strong>nomine</strong></span> <span class='ocrx_word' id='word_1_142' title='bbox 633 3508 767 3577; x_wconf 91' lang='lat' dir='ltr'><strong>domini</strong></span> <span class='ocrx_word' id='word_1_143' title='bbox 786 3508 952 3576; x_wconf 90' lang='lat' dir='ltr'><strong>vicesimo</strong></span> <span class='ocrx_word' id='word_1_144' title='bbox 967 3513 1095 3594; x_wconf 88' lang='lat' dir='ltr'><strong>quarto</strong></span> <span class='ocrx_word' id='word_1_145' title='bbox 1109 3526 1204 3578; x_wconf 92' lang='lat' dir='ltr'><strong>anno</strong></span> <span class='ocrx_word' id='word_1_146' title='bbox 1219 3507 1442 3596; x_wconf 85' lang='lat' dir='ltr'><strong>principatus</strong></span> <span class='ocrx_word' id='word_1_147' title='bbox 1456 3507 1574 3576; x_wconf 93' lang='lat' dir='ltr'><strong>domni</strong></span> <span class='ocrx_word' id='word_1_148' title='bbox 1592 3507 1705 3575; x_wconf 88' lang='lat' dir='ltr'><strong>nostri</strong></span> <span class='ocrx_word' id='word_1_149' title='bbox 1720 3505 1915 3577; x_wconf 87' lang='lat' dir='ltr'><strong>Guaimarii</strong></span> <span class='ocrx_word' id='word_1_150' title='bbox 1934 3508 2086 3592; x_wconf 88' lang='lat' dir='ltr'><strong>salerne,</strong></span> <span class='ocrx_word' id='word_1_151' title='bbox 2102 3511 2140 3577; x_wconf 91' lang='lat' dir='ltr'><strong>et</strong></span> <span class='ocrx_word' id='word_1_152' title='bbox 2216 3596 2218 3605; x_wconf 33' lang='grc' dir='ltr'>Ι</span> 
     </span>
    </p>
   </div>
   <div class='ocr_carea' id='block_1_8' title="bbox 280 3657 2146 5725">
    <p class='ocr_par' dir='ltr' id='par_1_8' title="bbox 280 3657 2146 5725">
     <span class='ocr_line' id='line_1_17' title="bbox 287 3657 2130 3761; baseline 0.001 -33"><span class='ocrx_word' id='word_1_153' title='bbox 287 3665 417 3761; x_wconf 88' lang='lat' dir='ltr'><strong>quarto</strong></span> <span class='ocrx_word' id='word_1_154' title='bbox 430 3678 525 3729; x_wconf 89' lang='lat' dir='ltr'><strong>anno</strong></span> <span class='ocrx_word' id='word_1_155' title='bbox 538 3661 760 3748; x_wconf 89' lang='lat' dir='ltr'><strong>principatus</strong></span> <span class='ocrx_word' id='word_1_156' title='bbox 776 3657 853 3727; x_wconf 88' lang='lat' dir='ltr'><strong>eius</strong></span> <span class='ocrx_word' id='word_1_157' title='bbox 870 3678 997 3748; x_wconf 91' lang='lat' dir='ltr'><strong>capue,</strong></span> <span class='ocrx_word' id='word_1_158' title='bbox 1013 3679 1120 3745; x_wconf 92' lang='lat' dir='ltr'><strong>quam</strong></span> <span class='ocrx_word' id='word_1_159' title='bbox 1136 3666 1172 3727; x_wconf 91' lang='lat' dir='ltr'><strong>et</strong></span> <span class='ocrx_word' id='word_1_160' title='bbox 1188 3660 1293 3728; x_wconf 92' lang='lat' dir='ltr'><strong>tertio</strong></span> <span class='ocrx_word' id='word_1_161' title='bbox 1309 3677 1404 3729; x_wconf 85' lang='lat' dir='ltr'><strong>anuo</strong></span> <span class='ocrx_word' id='word_1_162' title='bbox 1420 3658 1615 3727; x_wconf 88' lang='lat' dir='ltr'><strong>ducatuum</strong></span> <span class='ocrx_word' id='word_1_163' title='bbox 1634 3659 1730 3727; x_wconf 90' lang='lat' dir='ltr'><strong>illius</strong></span> <span class='ocrx_word' id='word_1_164' title='bbox 1749 3661 1871 3728; x_wconf 84' lang='lat' dir='ltr'><strong>amalfi</strong></span> <span class='ocrx_word' id='word_1_165' title='bbox 1886 3666 1924 3729; x_wconf 90' lang='lat' dir='ltr'><strong>et</strong></span> <span class='ocrx_word' id='word_1_166' title='bbox 1936 3664 2130 3730; x_wconf 90' lang='lat' dir='ltr'><strong>sirreutum</strong></span> 
     </span>
     <span class='ocr_line' id='line_1_18' title="bbox 289 3809 2139 3900; baseline 0.002 -24"><span class='ocrx_word' id='word_1_167' title='bbox 289 3811 443 3900; x_wconf 86' lang='lat' dir='ltr'><strong>glorioso</strong></span> <span class='ocrx_word' id='word_1_168' title='bbox 465 3811 644 3898; x_wconf 92' lang='lat' dir='ltr'><strong>princeps,</strong></span> <span class='ocrx_word' id='word_1_169' title='bbox 661 3829 781 3878; x_wconf 90' lang='lat' dir='ltr'><strong>mense</strong></span> <span class='ocrx_word' id='word_1_170' title='bbox 798 3810 963 3895; x_wconf 90' lang='lat' dir='ltr'><strong>martius,</strong></span> <span class='ocrx_word' id='word_1_171' title='bbox 979 3809 1120 3878; x_wconf 88' lang='lat' dir='ltr'><strong>decima</strong></span> <span class='ocrx_word' id='word_1_172' title='bbox 1136 3809 1345 3878; x_wconf 87' lang='lat' dir='ltr'><strong>indictione.</strong></span> <span class='ocrx_word' id='word_1_173' title='bbox 1365 3811 1441 3898; x_wconf 83' lang='lat' dir='ltr'><strong>Ego</strong></span> <span class='ocrx_word' id='word_1_174' title='bbox 1457 3811 1629 3880; x_wconf 89' lang='lat' dir='ltr'><strong>iohannes</strong></span> <span class='ocrx_word' id='word_1_175' title='bbox 1644 3811 1778 3879; x_wconf 92' lang='lat' dir='ltr'><strong>domini</strong></span> <span class='ocrx_word' id='word_1_176' title='bbox 1795 3811 1917 3898; x_wconf 84' lang='lat' dir='ltr'><strong>gratia</strong></span> <span class='ocrx_word' id='word_1_177' title='bbox 1934 3813 2045 3880; x_wconf 87' lang='lat' dir='ltr'><strong>abbas</strong></span> <span class='ocrx_word' id='word_1_178' title='bbox 2066 3831 2139 3881; x_wconf 92' lang='lat' dir='ltr'><strong>mo·</strong></span> 
     </span>
     <span class='ocr_line' id='line_1_19' title="bbox 294 3935 2139 4049; baseline 0.001 -17"><span class='ocrx_word' id='word_1_179' title='bbox 294 3964 431 4034; x_wconf 82' lang='grc'>1111111</span> <span class='ocrx_word' id='word_1_180' title='bbox 455 3964 573 4031; x_wconf 89' lang='lat' dir='ltr'><strong>sancti</strong></span> <span class='ocrx_word' id='word_1_181' title='bbox 598 3935 719 4049; x_wconf 86' lang='lat' dir='ltr'><strong>angeli</strong></span> <span class='ocrx_word' id='word_1_182' title='bbox 741 3965 777 4029; x_wconf 91' lang='lat' dir='ltr'><strong>et</strong></span> <span class='ocrx_word' id='word_1_183' title='bbox 799 3966 923 4030; x_wconf 88' lang='lat' dir='ltr'><strong>sancte</strong></span> <span class='ocrx_word' id='word_1_184' title='bbox 945 3961 1042 4048; x_wconf 83' lang='lat' dir='ltr'><strong>solie,</strong></span> <span class='ocrx_word' id='word_1_185' title='bbox 1066 3959 1126 4046; x_wconf 90' lang='lat' dir='ltr'><strong>qui</strong></span> <span class='ocrx_word' id='word_1_186' title='bbox 1151 3963 1236 4029; x_wconf 88' lang='lat' dir='ltr'><strong>sunt</strong></span> <span class='ocrx_word' id='word_1_187' title='bbox 1258 3961 1453 4029; x_wconf 88' lang='lat' dir='ltr'><strong>constructi</strong></span> <span class='ocrx_word' id='word_1_188' title='bbox 1477 3962 1575 4030; x_wconf 90' lang='lat' dir='ltr'><strong>intus</strong></span> <span class='ocrx_word' id='word_1_189' title='bbox 1597 3964 1691 4030; x_wconf 88' lang='lat' dir='ltr'><strong>hanc</strong></span> <span class='ocrx_word' id='word_1_190' title='bbox 1721 3963 1979 4034; x_wconf 87' lang='lat' dir='ltr'><strong>salernitanam</strong></span> <span class='ocrx_word' id='word_1_191' title='bbox 2013 3965 2139 4034; x_wconf 85' lang='lat' dir='ltr'><strong>civita-</strong></span> 
     </span>
     <span class='ocr_line' id='line_1_20' title="bbox 290 4112 2139 4203; baseline 0 -19"><span class='ocrx_word' id='word_1_192' title='bbox 290 4121 364 4184; x_wconf 89' lang='lat' dir='ltr'><strong>tem</strong></span> <span class='ocrx_word' id='word_1_193' title='bbox 400 4133 473 4185; x_wconf 89' lang='lat' dir='ltr'><strong>una</strong></span> <span class='ocrx_word' id='word_1_194' title='bbox 507 4133 586 4183; x_wconf 91' lang='lat' dir='ltr'><strong>cum</strong></span> <span class='ocrx_word' id='word_1_195' title='bbox 620 4115 795 4184; x_wconf 90' lang='lat' dir='ltr'><strong>iohannes</strong></span> <span class='ocrx_word' id='word_1_196' title='bbox 829 4112 981 4182; x_wconf 91' lang='lat' dir='ltr'><strong>clericus</strong></span> <span class='ocrx_word' id='word_1_197' title='bbox 1003 4113 1192 4185; x_wconf 86' lang='lat' dir='ltr'><strong>advocator</strong></span> <span class='ocrx_word' id='word_1_198' title='bbox 1216 4117 1322 4183; x_wconf 90' lang='lat' dir='ltr'><strong>istius</strong></span> <span class='ocrx_word' id='word_1_199' title='bbox 1356 4118 1580 4203; x_wconf 86' lang='lat' dir='ltr'><strong>monasterii,</strong></span> <span class='ocrx_word' id='word_1_200' title='bbox 1605 4120 1641 4185; x_wconf 91' lang='lat' dir='ltr'><strong>et</strong></span> <span class='ocrx_word' id='word_1_201' title='bbox 1663 4121 1746 4186; x_wconf 87' lang='lat' dir='ltr'><strong>ante</strong></span> <span class='ocrx_word' id='word_1_202' title='bbox 1777 4117 1969 4203; x_wconf 89' lang='lat' dir='ltr'><strong>subscripti</strong></span> <span class='ocrx_word' id='word_1_203' title='bbox 1994 4115 2139 4186; x_wconf 90' lang='lat' dir='ltr'><strong>idoneos</strong></span> 
     </span>
     <span class='ocr_line' id='line_1_21' title="bbox 286 4267 2139 4357; baseline 0.001 -21"><span class='ocrx_word' id='word_1_204' title='bbox 286 4269 449 4337; x_wconf 88' lang='lat' dir='ltr'><strong>homines</strong></span> <span class='ocrx_word' id='word_1_205' title='bbox 472 4287 536 4355; x_wconf 92' lang='lat' dir='ltr'><strong>per</strong></span> <span class='ocrx_word' id='word_1_206' title='bbox 552 4267 838 4336; x_wconf 86' lang='lat' dir='ltr'><strong>convenientiam</strong></span> <span class='ocrx_word' id='word_1_207' title='bbox 855 4267 900 4337; x_wconf 90' lang='lat' dir='ltr'><strong>ad</strong></span> <span class='ocrx_word' id='word_1_208' title='bbox 914 4267 1106 4337; x_wconf 92' lang='lat' dir='ltr'><strong>tenendum</strong></span> <span class='ocrx_word' id='word_1_209' title='bbox 1122 4267 1284 4338; x_wconf 86' lang='lat' dir='ltr'><strong>tradidit.</strong></span> <span class='ocrx_word' id='word_1_210' title='bbox 1307 4317 1315 4336; x_wconf 92' lang='lat'><strong>.</strong></span> <span class='ocrx_word' id='word_1_211' title='bbox 1336 4320 1344 4336; x_wconf 92' lang='lat'><strong>.</strong></span> <span class='ocrx_word' id='word_1_212' title='bbox 1361 4274 1398 4338; x_wconf 91' lang='lat' dir='ltr'><strong>et</strong></span> <span class='ocrx_word' id='word_1_213' title='bbox 1413 4269 1561 4338; x_wconf 89' lang='lat' dir='ltr'><strong>iohanni</strong></span> <span class='ocrx_word' id='word_1_214' title='bbox 1581 4271 1743 4355; x_wconf 82' lang='lat' dir='ltr'><strong>germani</strong></span> <span class='ocrx_word' id='word_1_215' title='bbox 1760 4269 1827 4338; x_wconf 86' lang='lat' dir='ltr'><strong>tilii</strong></span> <span class='ocrx_word' id='word_1_216' title='bbox 1844 4269 2021 4357; x_wconf 89' lang='lat' dir='ltr'><strong>quondam</strong></span> <span class='ocrx_word' id='word_1_217' title='bbox 2039 4269 2139 4340; x_wconf 92' lang='lat' dir='ltr'><strong>odel·</strong></span> 
     </span>
     <span class='ocr_line' id='line_1_22' title="bbox 286 4417 2133 4510; baseline 0.003 -26"><span class='ocrx_word' id='word_1_218' title='bbox 286 4417 392 4503; x_wconf 86' lang='lat' dir='ltr'><strong>gardi</strong></span> <span class='ocrx_word' id='word_1_219' title='bbox 416 4435 580 4504; x_wconf 87' lang='lat' dir='ltr'><strong>capuano</strong></span> <span class='ocrx_word' id='word_1_220' title='bbox 596 4417 760 4485; x_wconf 91' lang='lat' dir='ltr'><strong>inclitum</strong></span> <span class='ocrx_word' id='word_1_221' title='bbox 776 4418 949 4485; x_wconf 92' lang='lat' dir='ltr'><strong>molinum</strong></span> <span class='ocrx_word' id='word_1_222' title='bbox 964 4421 1204 4505; x_wconf 90' lang='lat' dir='ltr'><strong>pertinentem</strong></span> <span class='ocrx_word' id='word_1_223' title='bbox 1221 4421 1457 4508; x_wconf 87' lang='lat' dir='ltr'><strong>suprascripti</strong></span> <span class='ocrx_word' id='word_1_224' title='bbox 1475 4421 1683 4491; x_wconf 89' lang='lat' dir='ltr'><strong>monasterii</strong></span> <span class='ocrx_word' id='word_1_225' title='bbox 1699 4424 1736 4489; x_wconf 88' lang='lat' dir='ltr'><strong>et</strong></span> <span class='ocrx_word' id='word_1_226' title='bbox 1752 4420 1878 4490; x_wconf 92' lang='lat' dir='ltr'><strong>domne</strong></span> <span class='ocrx_word' id='word_1_227' title='bbox 1894 4438 2046 4510; x_wconf 86' lang='lat' dir='ltr'><strong>gemme,</strong></span> <span class='ocrx_word' id='word_1_228' title='bbox 2062 4440 2133 4510; x_wconf 92' lang='lat' dir='ltr'><strong>que</strong></span> 
     </span>
     <span class='ocr_line' id='line_1_23' title="bbox 284 4571 2136 4660; baseline 0.003 -22"><span class='ocrx_word' id='word_1_229' title='bbox 284 4571 355 4639; x_wconf 87' lang='lat' dir='ltr'><strong>iuit</strong></span> <span class='ocrx_word' id='word_1_230' title='bbox 379 4587 471 4640; x_wconf 84' lang='lat' dir='ltr'><strong>uxor</strong></span> <span class='ocrx_word' id='word_1_231' title='bbox 492 4571 687 4659; x_wconf 85' lang='lat' dir='ltr'><strong>guaimarii</strong></span> <span class='ocrx_word' id='word_1_232' title='bbox 711 4578 748 4640; x_wconf 89' lang='lat' dir='ltr'><strong>et</strong></span> <span class='ocrx_word' id='word_1_233' title='bbox 770 4571 846 4640; x_wconf 87' lang='lat' dir='ltr'><strong>iilia</strong></span> <span class='ocrx_word' id='word_1_234' title='bbox 869 4572 1063 4659; x_wconf 84' lang='lat' dir='ltr'><strong>guaimarii</strong></span> <span class='ocrx_word' id='word_1_235' title='bbox 1087 4573 1239 4660; x_wconf 90' lang='lat' dir='ltr'><strong>comitis,</strong></span> <span class='ocrx_word' id='word_1_236' title='bbox 1255 4579 1292 4641; x_wconf 89' lang='lat' dir='ltr'><strong>et</strong></span> <span class='ocrx_word' id='word_1_237' title='bbox 1306 4577 1359 4641; x_wconf 92' lang='lat' dir='ltr'><strong>est</strong></span> <span class='ocrx_word' id='word_1_238' title='bbox 1377 4574 1494 4659; x_wconf 92' lang='lat' dir='ltr'><strong>ipsum</strong></span> <span class='ocrx_word' id='word_1_239' title='bbox 1509 4572 1682 4641; x_wconf 91' lang='lat' dir='ltr'><strong>molinum</strong></span> <span class='ocrx_word' id='word_1_240' title='bbox 1698 4573 1899 4642; x_wconf 86' lang='lat' dir='ltr'><strong>edificatum</strong></span> <span class='ocrx_word' id='word_1_241' title='bbox 1916 4573 1955 4641; x_wconf 89' lang='lat' dir='ltr'><strong>iu</strong></span> <span class='ocrx_word' id='word_1_242' title='bbox 1972 4593 2067 4660; x_wconf 86' lang='lat' dir='ltr'><strong>aqua</strong></span> <span class='ocrx_word' id='word_1_243' title='bbox 2092 4574 2136 4642; x_wconf 90' lang='lat' dir='ltr'><strong>de</strong></span> 
     </span>
     <span class='ocr_line' id='line_1_24' title="bbox 282 4715 2133 4812; baseline 0.002 -22"><span class='ocrx_word' id='word_1_244' title='bbox 282 4723 389 4792; x_wconf 82' lang='lat' dir='ltr'><strong>dubio</strong></span> <span class='ocrx_word' id='word_1_245' title='bbox 406 4722 498 4790; x_wconf 91' lang='lat' dir='ltr'><strong>lirno</strong></span> <span class='ocrx_word' id='word_1_246' title='bbox 515 4724 594 4809; x_wconf 88' lang='lat' dir='ltr'><strong>ipsa</strong></span> <span class='ocrx_word' id='word_1_247' title='bbox 610 4727 712 4809; x_wconf 87' lang='lat' dir='ltr'><strong>parte</strong></span> <span class='ocrx_word' id='word_1_248' title='bbox 727 4721 874 4791; x_wconf 88' lang='lat' dir='ltr'><strong>ecclesie</strong></span> <span class='ocrx_word' id='word_1_249' title='bbox 889 4725 1004 4792; x_wconf 87' lang='lat' dir='ltr'><strong>sancti</strong></span> <span class='ocrx_word' id='word_1_250' title='bbox 1019 4723 1208 4810; x_wconf 81' lang='lat' dir='ltr'><strong>fortunati3</strong></span> <span class='ocrx_word' id='word_1_251' title='bbox 1224 4725 1304 4793; x_wconf 93' lang='lat' dir='ltr'><strong>ideo</strong></span> <span class='ocrx_word' id='word_1_252' title='bbox 1314 4723 1481 4792; x_wconf 86' lang='lat' dir='ltr'><strong>inclitum</strong></span> <span class='ocrx_word' id='word_1_253' title='bbox 1494 4727 1609 4812; x_wconf 91' lang='lat' dir='ltr'><strong>ipsum</strong></span> <span class='ocrx_word' id='word_1_254' title='bbox 1622 4725 1810 4812; x_wconf 90' lang='lat' dir='ltr'><strong>molinum,</strong></span> <span class='ocrx_word' id='word_1_255' title='bbox 1823 4725 1977 4812; x_wconf 89' lang='lat' dir='ltr'><strong>qualiter</strong></span> <span class='ocrx_word' id='word_1_256' title='bbox 1989 4715 2133 4796; x_wconf 86' lang='lat' dir='ltr'><strong>coucia-</strong></span> 
     </span>
     <span class='ocr_line' id='line_1_25' title="bbox 282 4873 2131 4964; baseline 0.001 -20"><span class='ocrx_word' id='word_1_257' title='bbox 282 4879 359 4944; x_wconf 93' lang='lat' dir='ltr'><strong>tum</strong></span> <span class='ocrx_word' id='word_1_258' title='bbox 376 4879 431 4944; x_wconf 88' lang='lat' dir='ltr'><strong>est</strong></span> <span class='ocrx_word' id='word_1_259' title='bbox 444 4893 526 4944; x_wconf 91' lang='lat' dir='ltr'><strong>cum</strong></span> <span class='ocrx_word' id='word_1_260' title='bbox 541 4873 632 4943; x_wconf 90' lang='lat' dir='ltr'><strong>molo</strong></span> <span class='ocrx_word' id='word_1_261' title='bbox 644 4879 680 4944; x_wconf 90' lang='lat' dir='ltr'><strong>ot</strong></span> <span class='ocrx_word' id='word_1_262' title='bbox 697 4876 891 4944; x_wconf 81' lang='lat' dir='ltr'><strong>terraturio</strong></span> <span class='ocrx_word' id='word_1_263' title='bbox 906 4893 985 4964; x_wconf 88' lang='lat' dir='ltr'><strong>sua,</strong></span> <span class='ocrx_word' id='word_1_264' title='bbox 1002 4881 1037 4945; x_wconf 88' lang='lat' dir='ltr'><strong>et</strong></span> <span class='ocrx_word' id='word_1_265' title='bbox 1053 4894 1133 4944; x_wconf 92' lang='lat' dir='ltr'><strong>oum</strong></span> <span class='ocrx_word' id='word_1_266' title='bbox 1150 4877 1335 4945; x_wconf 78' lang='lat' dir='ltr'><strong>arcaturis</strong></span> <span class='ocrx_word' id='word_1_267' title='bbox 1346 4881 1382 4945; x_wconf 91' lang='lat' dir='ltr'><strong>et</strong></span> <span class='ocrx_word' id='word_1_268' title='bbox 1395 4895 1461 4944; x_wconf 91' lang='lat' dir='ltr'><strong>usu</strong></span> <span class='ocrx_word' id='word_1_269' title='bbox 1474 4893 1662 4963; x_wconf 88' lang='lat' dir='ltr'><strong>aquarum,</strong></span> <span class='ocrx_word' id='word_1_270' title='bbox 1679 4880 1810 4946; x_wconf 92' lang='lat' dir='ltr'><strong>etcum</strong></span> <span class='ocrx_word' id='word_1_271' title='bbox 1827 4876 1915 4946; x_wconf 85' lang='lat' dir='ltr'><strong>iscla</strong></span> <span class='ocrx_word' id='word_1_272' title='bbox 1928 4881 1965 4944; x_wconf 93' lang='lat' dir='ltr'><strong>et</strong></span> <span class='ocrx_word' id='word_1_273' title='bbox 1977 4879 2131 4948; x_wconf 89' lang='lat' dir='ltr'><strong>reditum</strong></span> 
     </span>
     <span class='ocr_line' id='line_1_26' title="bbox 282 5005 2133 5118; baseline 0.003 -24"><span class='ocrx_word' id='word_1_274' title='bbox 282 5045 403 5115; x_wconf 89' lang='lat' dir='ltr'><strong>suum,</strong></span> <span class='ocrx_word' id='word_1_275' title='bbox 427 5033 463 5096; x_wconf 90' lang='lat' dir='ltr'><strong>et</strong></span> <span class='ocrx_word' id='word_1_276' title='bbox 486 5048 567 5098; x_wconf 92' lang='lat' dir='ltr'><strong>cum</strong></span> <span class='ocrx_word' id='word_1_277' title='bbox 589 5030 711 5098; x_wconf 92' lang='lat' dir='ltr'><strong>omnia</strong></span> <span class='ocrx_word' id='word_1_278' title='bbox 735 5029 955 5116; x_wconf 88' lang='lat' dir='ltr'><strong>pertinentia</strong></span> <span class='ocrx_word' id='word_1_279' title='bbox 978 5030 1134 5116; x_wconf 90' lang='lat' dir='ltr'><strong>ipsorum</strong></span> <span class='ocrx_word' id='word_1_280' title='bbox 1157 5023 1322 5118; x_wconf 82' lang='lat' dir='ltr'><strong>germani</strong></span> <span class='ocrx_word' id='word_1_281' title='bbox 1359 5029 1573 5099; x_wconf 89' lang='lat' dir='ltr'><strong>tradidimus</strong></span> <span class='ocrx_word' id='word_1_282' title='bbox 1599 5016 1666 5099; x_wconf 87' lang='lat' dir='ltr'><strong>tali</strong></span> <span class='ocrx_word' id='word_1_283' title='bbox 1694 5029 1824 5114; x_wconf 93' lang='lat' dir='ltr'><strong>tinore,</strong></span> <span class='ocrx_word' id='word_1_284' title='bbox 1854 5005 1901 5097; x_wconf 86' lang='lat' dir='ltr'><strong>ud</strong></span> <span class='ocrx_word' id='word_1_285' title='bbox 1935 5031 2060 5098; x_wconf 90' lang='lat' dir='ltr'><strong>amodo</strong></span> <span class='ocrx_word' id='word_1_286' title='bbox 2095 5034 2133 5102; x_wconf 86' lang='lat' dir='ltr'><strong>ot</strong></span> 
     </span>
     <span class='ocr_line' id='line_1_27' title="bbox 282 5181 2132 5273; baseline 0.003 -25"><span class='ocrx_word' id='word_1_287' title='bbox 282 5181 454 5266; x_wconf 89' lang='lat' dir='ltr'><strong>usquead</strong></span> <span class='ocrx_word' id='word_1_288' title='bbox 469 5185 623 5270; x_wconf 90' lang='lat' dir='ltr'><strong>tempus,</strong></span> <span class='ocrx_word' id='word_1_289' title='bbox 640 5183 734 5270; x_wconf 93' lang='lat' dir='ltr'><strong>quod</strong></span> <span class='ocrx_word' id='word_1_290' title='bbox 749 5186 803 5251; x_wconf 88' lang='lat' dir='ltr'><strong>est</strong></span> <span class='ocrx_word' id='word_1_291' title='bbox 818 5198 929 5250; x_wconf 91' lang='lat' dir='ltr'><strong>unum</strong></span> <span class='ocrx_word' id='word_1_292' title='bbox 945 5201 1081 5252; x_wconf 90' lang='lat' dir='ltr'><strong>annum</strong></span> <span class='ocrx_word' id='word_1_293' title='bbox 1096 5183 1278 5269; x_wconf 89' lang='lat' dir='ltr'><strong>espletum,</strong></span> <span class='ocrx_word' id='word_1_294' title='bbox 1297 5181 1413 5252; x_wconf 88' lang='lat' dir='ltr'><strong>licead</strong></span> <span class='ocrx_word' id='word_1_295' title='bbox 1431 5183 1497 5268; x_wconf 89' lang='lat' dir='ltr'><strong>ipsi</strong></span> <span class='ocrx_word' id='word_1_296' title='bbox 1513 5181 1678 5270; x_wconf 85' lang='lat' dir='ltr'><strong>germani</strong></span> <span class='ocrx_word' id='word_1_297' title='bbox 1692 5181 1772 5250; x_wconf 91' lang='lat' dir='ltr'><strong>illut</strong></span> <span class='ocrx_word' id='word_1_298' title='bbox 1790 5189 1925 5271; x_wconf 90' lang='lat' dir='ltr'><strong>tenere,</strong></span> <span class='ocrx_word' id='word_1_299' title='bbox 1952 5190 1988 5253; x_wconf 91' lang='lat' dir='ltr'><strong>et</strong></span> <span class='ocrx_word' id='word_1_300' title='bbox 2012 5185 2132 5273; x_wconf 91' lang='lat' dir='ltr'><strong>ipsum</strong></span> 
     </span>
     <span class='ocr_line' id='line_1_28' title="bbox 280 5331 2146 5421; baseline 0.002 -21"><span class='ocrx_word' id='word_1_301' title='bbox 280 5331 454 5401; x_wconf 92' lang='lat' dir='ltr'><strong>molinum</strong></span> <span class='ocrx_word' id='word_1_302' title='bbox 470 5334 634 5402; x_wconf 87' lang='lat' dir='ltr'><strong>conciare</strong></span> <span class='ocrx_word' id='word_1_303' title='bbox 650 5338 687 5402; x_wconf 90' lang='grc'><strong>11</strong></span> <span class='ocrx_word' id='word_1_304' title='bbox 703 5333 855 5421; x_wconf 84' lang='lat' dir='ltr'><strong>vigilare</strong></span> <span class='ocrx_word' id='word_1_305' title='bbox 867 5333 924 5401; x_wconf 89' lang='lat' dir='ltr'><strong>die</strong></span> <span class='ocrx_word' id='word_1_306' title='bbox 935 5337 1125 5420; x_wconf 90' lang='lat' dir='ltr'><strong>noctuque,</strong></span> <span class='ocrx_word' id='word_1_307' title='bbox 1139 5337 1179 5402; x_wconf 89' lang='lat' dir='ltr'><strong>ut</strong></span> <span class='ocrx_word' id='word_1_308' title='bbox 1192 5337 1386 5421; x_wconf 85' lang='lat' dir='ltr'><strong>perfectum</strong></span> <span class='ocrx_word' id='word_1_309' title='bbox 1402 5353 1591 5405; x_wconf 89' lang='lat' dir='ltr'><strong>macenare</strong></span> <span class='ocrx_word' id='word_1_310' title='bbox 1609 5335 1747 5420; x_wconf 89' lang='lat' dir='ltr'><strong>possad,</strong></span> <span class='ocrx_word' id='word_1_311' title='bbox 1760 5341 1797 5404; x_wconf 92' lang='lat' dir='ltr'><strong>et</strong></span> <span class='ocrx_word' id='word_1_312' title='bbox 1808 5353 1947 5404; x_wconf 91' lang='lat' dir='ltr'><strong>omnem</strong></span> <span class='ocrx_word' id='word_1_313' title='bbox 1962 5331 2146 5405; x_wconf 86' lang='lat' dir='ltr'><strong>molitura</strong></span> 
     </span>
     <span class='ocr_line' id='line_1_29' title="bbox 280 5481 2131 5573; baseline 0.004 -22"><span class='ocrx_word' id='word_1_314' title='bbox 280 5487 316 5552; x_wconf 89' lang='lat' dir='ltr'><strong>et</strong></span> <span class='ocrx_word' id='word_1_315' title='bbox 332 5483 495 5572; x_wconf 88' lang='lat' dir='ltr'><strong>quicquit</strong></span> <span class='ocrx_word' id='word_1_316' title='bbox 506 5483 638 5553; x_wconf 91' lang='lat' dir='ltr'><strong>ibidem</strong></span> <span class='ocrx_word' id='word_1_317' title='bbox 652 5485 775 5554; x_wconf 89' lang='lat' dir='ltr'><strong>tollere</strong></span> <span class='ocrx_word' id='word_1_318' title='bbox 787 5486 842 5554; x_wconf 90' lang='lat' dir='ltr'><strong>vel</strong></span> <span class='ocrx_word' id='word_1_319' title='bbox 855 5487 962 5553; x_wconf 89' lang='lat' dir='ltr'><strong>abere</strong></span> <span class='ocrx_word' id='word_1_320' title='bbox 974 5486 1141 5573; x_wconf 89' lang='lat' dir='ltr'><strong>potuerit,</strong></span> <span class='ocrx_word' id='word_1_321' title='bbox 1156 5489 1268 5553; x_wconf 91' lang='lat' dir='ltr'><strong>totum</strong></span> <span class='ocrx_word' id='word_1_322' title='bbox 1285 5481 1366 5553; x_wconf 91' lang='lat' dir='ltr'><strong>illut</strong></span> <span class='ocrx_word' id='word_1_323' title='bbox 1378 5483 1447 5553; x_wconf 90' lang='lat' dir='ltr'><strong>sivi</strong></span> <span class='ocrx_word' id='word_1_324' title='bbox 1460 5487 1578 5572; x_wconf 90' lang='lat' dir='ltr'><strong>abeat,</strong></span> <span class='ocrx_word' id='word_1_325' title='bbox 1592 5485 1794 5556; x_wconf 87' lang='lat' dir='ltr'><strong>iaciendum</strong></span> <span class='ocrx_word' id='word_1_326' title='bbox 1808 5486 1890 5553; x_wconf 90' lang='lat' dir='ltr'><strong>inde</strong></span> <span class='ocrx_word' id='word_1_327' title='bbox 1904 5487 1996 5573; x_wconf 90' lang='lat' dir='ltr'><strong>quod</strong></span> <span class='ocrx_word' id='word_1_328' title='bbox 2009 5488 2131 5558; x_wconf 88' lang='lat' dir='ltr'><strong>bolue-</strong></span> 
     </span>
     <span class='ocr_line' id='line_1_30' title="bbox 284 5633 2131 5725; baseline 0.005 -24"><span class='ocrx_word' id='word_1_329' title='bbox 284 5635 346 5704; x_wconf 85' lang='lat' dir='ltr'><strong>rit.</strong></span> <span class='ocrx_word' id='word_1_330' title='bbox 370 5638 521 5706; x_wconf 85' lang='lat' dir='ltr'><strong>Tantum</strong></span> <span class='ocrx_word' id='word_1_331' title='bbox 544 5637 653 5705; x_wconf 92' lang='lat' dir='ltr'><strong>istum</strong></span> <span class='ocrx_word' id='word_1_332' title='bbox 674 5653 793 5706; x_wconf 89' lang='lat' dir='ltr'><strong>mense</strong></span> <span class='ocrx_word' id='word_1_333' title='bbox 808 5638 960 5708; x_wconf 89' lang='lat' dir='ltr'><strong>martius</strong></span> <span class='ocrx_word' id='word_1_334' title='bbox 974 5637 1083 5706; x_wconf 91' lang='lat' dir='ltr'><strong>deant</strong></span> <span class='ocrx_word' id='word_1_335' title='bbox 1099 5637 1200 5705; x_wconf 93' lang='lat' dir='ltr'><strong>nobis</strong></span> <span class='ocrx_word' id='word_1_336' title='bbox 1215 5637 1377 5705; x_wconf 91' lang='lat' dir='ltr'><strong>undecim</strong></span> <span class='ocrx_word' id='word_1_337' title='bbox 1394 5635 1513 5704; x_wconf 89' lang='lat' dir='ltr'><strong>modia</strong></span> <span class='ocrx_word' id='word_1_338' title='bbox 1528 5633 1571 5705; x_wconf 88' lang='lat' dir='ltr'><strong>de</strong></span> <span class='ocrx_word' id='word_1_339' title='bbox 1585 5656 1742 5725; x_wconf 85' lang='lat' dir='ltr'><strong>granum</strong></span> <span class='ocrx_word' id='word_1_340' title='bbox 1760 5641 1891 5706; x_wconf 91' lang='lat' dir='ltr'><strong>bonum</strong></span> <span class='ocrx_word' id='word_1_341' title='bbox 1908 5641 2010 5725; x_wconf 92' lang='lat' dir='ltr'><strong>plene</strong></span> <span class='ocrx_word' id='word_1_342' title='bbox 2036 5640 2131 5711; x_wconf 91' lang='lat' dir='ltr'><strong>bene</strong></span> 
     </span>
    </p>
   </div>
   <div class='ocr_carea' id='block_1_9' title="bbox 280 5787 2133 5890">
    <p class='ocr_par' dir='ltr' id='par_1_9' title="bbox 280 5787 2133 5890">
     <span class='ocr_line' id='line_1_31' title="bbox 280 5787 2133 5890; baseline 0.003 -34"><span class='ocrx_word' id='word_1_343' title='bbox 280 5787 437 5890; x_wconf 83' lang='lat' dir='ltr'><strong>culmate</strong></span> <span class='ocrx_word' id='word_1_344' title='bbox 452 5789 498 5859; x_wconf 86' lang='lat' dir='ltr'><strong>ad</strong></span> <span class='ocrx_word' id='word_1_345' title='bbox 514 5789 705 5857; x_wconf 91' lang='lat' dir='ltr'><strong>modiolum</strong></span> <span class='ocrx_word' id='word_1_346' title='bbox 721 5807 790 5875; x_wconf 91' lang='lat' dir='ltr'><strong>que</strong></span> <span class='ocrx_word' id='word_1_347' title='bbox 807 5788 896 5856; x_wconf 87' lang='lat' dir='ltr'><strong>dant</strong></span> <span class='ocrx_word' id='word_1_348' title='bbox 906 5787 1077 5856; x_wconf 90' lang='lat' dir='ltr'><strong>molinum</strong></span> <span class='ocrx_word' id='word_1_349' title='bbox 1089 5789 1395 5877; x_wconf 67' lang='lat' dir='ltr'><strong>sancti‘iobannis,</strong></span> <span class='ocrx_word' id='word_1_350' title='bbox 1408 5789 1470 5876; x_wconf 92' lang='lat' dir='ltr'><strong>qui</strong></span> <span class='ocrx_word' id='word_1_351' title='bbox 1482 5793 1537 5862; x_wconf 86' lang='lat' dir='ltr'><strong>est</strong></span> <span class='ocrx_word' id='word_1_352' title='bbox 1552 5789 1681 5859; x_wconf 91' lang='lat' dir='ltr'><strong>ibidem</strong></span> <span class='ocrx_word' id='word_1_353' title='bbox 1694 5791 1938 5881; x_wconf 88' lang='lat' dir='ltr'><strong>coniunctum,</strong></span> <span class='ocrx_word' id='word_1_354' title='bbox 1964 5797 2000 5861; x_wconf 92' lang='lat' dir='ltr'><strong>et</strong></span> <span class='ocrx_word' id='word_1_355' title='bbox 2023 5793 2133 5862; x_wconf 88' lang='lat' dir='ltr'><strong>istum</strong></span> 
     </span>
    </p>
   </div>
   <div class='ocr_carea' id='block_1_10' title="bbox 0 0 2708 7108">
    <p class='ocr_par' dir='ltr' id='par_1_10' title="bbox 0 0 2708 7108">
     <span class='ocr_line' id='line_1_32' title="bbox 0 0 2708 7108; baseline 0 5"><span class='ocrx_word' id='word_1_356' title='bbox 0 0 2708 7108; x_wconf 95' lang='lat' dir='ltr'><strong> </strong></span> 
     </span>
    </p>
   </div>
  </div>
 </body>
</html>
