5408 7108
1017 457 1422 532 orvroulvrcus
1931 419 1933 422 ’
2020 460 2090 534 aru

292 683 373 770 ipsa
397 700 548 769 porpora
573 683 712 753 adesset
735 702 909 754 eennamo
932 686 1028 756 illius
1051 705 1136 755 suus
1163 691 1304 774 propter
1328 685 1372 755 ad
1396 685 1623 756 dividendum
1648 685 1742 756 inter
1769 703 1833 754 nos
1856 688 1963 754 rebus
1988 690 2137 772 nostra,

288 855 399 924 quam
424 853 573 904 comune
598 837 770 906 habemus
794 838 832 905 in
857 837 971 907 locum
995 842 1163 908 strectola
1185 842 1224 906 in
1248 843 1368 908 monte
1391 860 1414 908 a
1437 855 1543 927 super
1568 836 1742 909 aecclesia
1765 841 1881 908 sancti
1906 838 2015 927 felici,
2032 858 2140 927 quem

285 988 330 1062 ad
349 988 424 1074 ipse
440 991 552 1057 sorori
569 994 624 1058 est
643 991 884 1077 pertinentem
900 991 944 1059 de
960 994 1064 1060 rebus
1088 994 1205 1078 ipsae
1224 1011 1267 1077 pa
1288 995 1341 1059 rte
1365 990 1562 1077 supradicti
1587 989 1755 1060 deusdedi
1776 992 1930 1078 genitori
1955 1009 2019 1058 suo
2040 1043 2047 1060 .
2070 1040 2078 1057 .
2101 1039 2110 1058 .
2133 1043 2141 1062 .

286 1141 391 1230 prius
414 1159 480 1229 ego
504 1144 710 1212 nominatus
733 1142 787 1213 leo
815 1190 970 1211 .....
998 1147 1035 1211 et
1058 1143 1185 1211 inclita
1208 1148 1306 1212 terra
1329 1161 1410 1211 cum
1434 1144 1542 1211 vinea
1557 1146 1593 1210 et
1619 1162 1769 1212 vacuum
1793 1145 1855 1230 qui
1879 1152 1933 1212 est
1956 1147 2080 1232 suptus
2104 1149 2142 1214 et

244 1281 246 1288 ’
285 1297 518 1364 coniunctum
542 1314 622 1363 oum
648 1298 706 1365 via
731 1314 800 1383 que
825 1295 945 1384 pergit
968 1295 1013 1366 ad
1036 1297 1122 1382 lobi,
1146 1302 1182 1364 et
1204 1295 1290 1364 fecit
1312 1295 1444 1364 exinde
1467 1295 1536 1364 due
1558 1297 1676 1366 sortis.
1704 1299 1782 1366 Una
1804 1303 1898 1366 sorte
1924 1317 1946 1366 a
1968 1316 2051 1384 pars
2069 1316 2143 1367 me·

284 1447 380 1517 ridie
404 1447 538 1516 atalia
564 1447 602 1514 in
627 1466 712 1534 pars
737 1447 1021 1534 septemptionis,
1045 1453 1081 1516 et
1104 1448 1184 1534 ipsa
1207 1447 1362 1517 sortione
1386 1449 1433 1517 da
1457 1448 1607 1518 meridie
1631 1468 1694 1536 per
1710 1451 1776 1518 hec
1794 1450 1876 1518 linis
1893 1454 1929 1518 et
1945 1450 2139 1520 mensurie.

284 1603 381 1670 lnter
405 1604 510 1670 ambo
535 1605 609 1691 ipse
634 1605 765 1692 sortis,
791 1602 943 1690 qualiter
966 1605 1102 1672 termiti
1129 1604 1205 1672 ficti
1229 1608 1324 1690 sunt,
1349 1603 1396 1672 da
1419 1605 1496 1690 ipsa
1523 1606 1580 1672 via
1603 1604 1649 1673 da
1673 1605 1745 1672 iobi
1769 1607 1914 1673 abiente
1938 1608 2075 1673 rectum
2100 1606 2140 1674 in

284 1771 370 1840 pars
393 1753 544 1824 orientis
569 1775 679 1842 usque
702 1757 774 1825 fine
791 1761 915 1826 nostra
938 1775 1100 1844 comune,
1122 1757 1183 1826 ubi
1201 1757 1383 1845 complunt
1403 1757 1499 1844 passi
1519 1745 1731 1845 octuaginta
1754 1776 1844 1826 sex:
1870 1779 1893 1827 a
1918 1776 2000 1844 pars
2023 1757 2142 1826 orien-

285 1907 331 1978 tis
355 1907 454 1977 circa
478 1911 554 1996 ipso
576 1927 726 1978 comune
751 1929 813 1998 per
838 1909 988 1980 latitudo
1013 1911 1108 1997 passi
1133 1912 1309 1998 triginta:
1336 1932 1358 1979 a
1383 1929 1466 1998 pars
1492 1911 1642 1978 meridie
1672 1913 1743 1981 fine
1768 1912 1938 1981 similiter
1963 1930 2137 1999 comune,

281 2064 426 2133 ablenle
451 2063 489 2131 in
516 2081 602 2152 pars
626 2065 820 2134 occidentis
841 2083 904 2150 per
930 2064 1065 2132 termiti
1095 2067 1131 2132 et
1160 2064 1403 2151 coniungenle
1436 2065 1473 2131 in
1505 2067 1582 2150 ipsa
1613 2065 1672 2132 via
1707 2069 1791 2133 sunt
1815 2065 1912 2152 passi
1949 2063 2141 2151 sexaginta

279 2217 453 2304 quinque:
483 2235 505 2286 a
529 2235 615 2304 pars
640 2218 837 2286 occidentis
862 2211 936 2286 firie
959 2219 1036 2305 ipsa
1059 2220 1132 2304 via,
1158 2216 1241 2285 inde
1265 2222 1350 2284 sunt
1373 2236 1436 2302 per
1453 2216 1608 2284 latitudo
1631 2217 1726 2305 passi
1743 2217 1877 2304 viginti
1901 2224 1989 2286 octo.
2015 2219 2060 2286 Et
2076 2237 2140 2306 pro

279 2371 427 2458 cognita
450 2389 561 2442 causa
586 2373 873 2442 mensuravimus
898 2375 939 2441 de
963 2379 1042 2461 ipsa
1067 2375 1129 2444 via
1153 2373 1298 2442 abiente
1322 2375 1420 2442 circa
1445 2376 1520 2460 ipso
1551 2392 1699 2442 comune
1724 2394 1836 2462 usque
1861 2395 1973 2443 unum
1996 2376 2139 2446 termite

282 2526 377 2610 passi
402 2525 534 2612 viginti
559 2527 737 2613 quadtuor
757 2548 766 2614 3
790 2531 827 2596 et
851 2527 894 2595 de
919 2528 995 2615 ipso
1019 2526 1161 2596 termite
1192 2525 1337 2595 abieoto
1368 2529 1404 2593 et
1436 2527 1641 2595 revolvente
1670 2528 1709 2594 in
1741 2547 1825 2616 pars
1849 2529 2138 2620 septemtrioniS‚

280 2677 374 2745 sicut
398 2677 571 2746 discernit
595 2679 712 2748 media
737 2698 829 2768 sepe,
858 2683 943 2747 sunt
967 2682 1062 2766 passi
1087 2681 1368 2768 quinquaginta,
1393 2682 1438 2748 nt
1461 2682 1508 2748 da
1532 2681 1614 2749 inde
1639 2682 1842 2751 revolbente
1866 2685 1967 2770 quasi
1992 2685 2029 2751 in
2054 2703 2139 2772 pars

277 2830 545 2917 septemtrionis
569 2831 669 2901 circa
694 2833 777 2901 illut
801 2835 864 2919 qui
889 2835 959 2902 fuit
982 2835 1111 2903 stefani
1137 2835 1244 2920 maio3
1268 2835 1361 2920 passi
1387 2838 1464 2902 octo
1487 2839 1524 2902 et
1548 2835 1673 2922 gubito
1697 2855 1785 2903 unu.
1811 2837 1856 2904 Et
1886 2837 1929 2904 de
1955 2837 2037 2904 inde
2062 2857 2139 2907 rec·

279 2987 357 3051 tum
383 2983 587 3052 revolbente
612 2987 650 3051 in
674 3003 760 3072 pars
786 2985 938 3052 orientis
962 2987 1059 3073 passi
1084 2986 1215 3072 viginti
1240 2993 1328 3056 octo.
1355 2991 1400 3058 Et
1428 3010 1450 3059 a
1475 3008 1559 3076 pars
1590 2990 1739 3059 orientis
1768 3009 1831 3107 per
1863 2990 2015 3060 latitudo
2040 2991 2137 3078 passi

278 3137 409 3226 viginti
436 3139 625 3224 quadtuor.
652 3139 698 3206 Et
721 3139 815 3207 inter
839 3140 942 3208 ambo
968 3141 1042 3227 ipse
1065 3139 1183 3226 sortis,
1208 3139 1364 3227 qualiter
1388 3141 1456 3228 ipsi
1481 3143 1617 3210 termiti
1642 3144 1714 3212 ficti
1741 3149 1826 3213 sunt
1849 3163 1958 3230 usque
1981 3147 2059 3232 ipsa
2075 3146 2137 3216 via

247 3391 253 3399 Ι
280 3293 467 3381 longitudo
492 3297 570 3380 ipsa
593 3294 803 3381 octuaginta
827 3312 892 3362 sex
916 3296 1008 3380 passi
1022 3315 1031 3378 3
1051 3294 1119 3362 Seu
1136 3298 1172 3362 et
1195 3291 1266 3361 alie
1289 3293 1356 3362 due
1381 3293 1486 3364 sortis
1518 3296 1583 3365 ieci
1608 3314 1684 3365 esse
1712 3296 1755 3364 de
1780 3297 1852 3366 alia
1876 3315 1949 3366 una
1972 3299 2068 3384 petia
2092 3298 2135 3366 de

276 3451 377 3518 terra
401 3466 482 3516 cum
507 3450 611 3518 vinea
634 3447 775 3518 deserta
792 3453 894 3535 ‚que
918 3453 972 3517 est
994 3468 1016 3518 a
1040 3465 1146 3536 super
1169 3453 1206 3517 et
1228 3449 1436 3518 coniuntum
1462 3467 1541 3516 cum
1569 3447 1647 3536 ipsa
1670 3450 1742 3534 via,
1770 3467 1843 3518 una
1866 3452 1960 3516 sorte
1985 3449 2024 3516 in
2050 3468 2136 3536 pars

280 3604 433 3672 orientis
456 3607 491 3671 et
515 3603 587 3673 alia
613 3605 760 3690 inpare
783 3603 980 3672 occidentis
1003 3621 1066 3689 per
1090 3605 1155 3670 hec
1179 3602 1373 3669 mensurie.
1400 3603 1477 3686 lpsa
1500 3603 1655 3668 sortione
1678 3601 1723 3670 da
1745 3600 1886 3668 oriente
1910 3603 2005 3669 inter
2026 3605 2132 3670 ambo

281 3761 355 3846 ipse
379 3759 497 3845 sortis,
522 3758 678 3845 qualiter
702 3759 839 3827 termiti
864 3759 939 3826 ilcti
964 3761 1060 3844 sunt,
1085 3761 1169 3824 sunt
1191 3757 1286 3843 passi
1311 3713 1554 3843 quadraginta
1577 3775 1642 3823 sex
1667 3802 1676 3820 .
1697 3803 1705 3822 .
1728 3807 1735 3823 .
1758 3801 1770 3831 .
1795 3757 1892 3821 circa
1918 3757 1987 3822 line
2014 3773 2134 3824 comu-

275 3927 321 3978 ne
345 3911 440 3997 passi
464 3909 594 3998 viginti
619 3911 796 3996 quadtuor
810 3960 820 3999 ‚
845 3915 881 3978 et
904 3910 950 3979 da
975 3910 1058 3978 inde
1081 3909 1286 3977 revolvente
1309 3910 1408 3978 circa
1437 3907 1514 3994 ipso
1546 3926 1697 3976 comune
1724 3909 1953 3995 aliquantum
1977 3910 2015 3977 in
2044 3927 2133 3996 pars

274 4063 423 4134 orientis
447 4065 543 4150 passi
566 4069 667 4151 octo,
696 4070 733 4133 et
756 4065 802 4133 da
826 4065 909 4132 inde
932 4069 1069 4131 rectum
1093 4062 1296 4132 revolbente
1318 4062 1486 4131 similiter
1518 4065 1556 4131 in
1580 4081 1664 4148 pars
1688 4065 1836 4132 orientis
1859 4065 1955 4151 passi
1980 4063 2131 4150 decem,

273 4223 309 4287 et
330 4217 376 4288 da
400 4217 483 4286 inde
507 4217 639 4286 iterum
663 4215 866 4286 revolbente
890 4221 926 4285 et
948 4219 1188 4305 coniungente
1213 4217 1252 4284 in
1277 4214 1353 4302 ipsa
1377 4214 1437 4283 via
1461 4215 1557 4300 passi
1582 4214 1792 4302 duodecim3
1817 4236 1839 4285 a
1864 4235 1949 4302 pars
1972 4218 2128 4285 orientis

272 4372 344 4440 line
369 4373 447 4458 ipsa
472 4371 551 4461 via,
577 4373 661 4442 inde
685 4379 769 4442 sunt
794 4391 857 4460 per
882 4375 960 4460 ipsa
983 4372 1065 4450 via,
1090 4371 1247 4457 qualiter
1272 4368 1447 4456 revolbit,
1475 4369 1569 4452 passi
1593 4367 1840 4455 quadraginta
1866 4387 1980 4436 unum
2002 4373 2039 4436 et
2061 4388 2130 4456 gu·

273 4527 348 4596 bita
372 4526 456 4595 dua.
484 4529 530 4596 ut
553 4527 632 4614 ipsa
654 4528 814 4596 sortione
838 4527 884 4596 da
901 4543 984 4613 pars
1008 4525 1201 4592 occidentis
1225 4541 1288 4610 per
1304 4524 1369 4590 hec
1394 4522 1476 4588 llnis
1499 4527 1534 4590 et
1551 4523 1755 4590 mensurio:
1781 4522 1824 4590 de
1849 4521 1936 4610 pede
1961 4523 2031 4589 llne
2049 4523 2129 4609 ipsa

271 4681 343 4769 via,
369 4681 453 4749 inde
476 4683 570 4768 passi
597 4682 913 4768 quadtuordecim:
939 4701 961 4750 a
983 4698 1067 4767 pars
1089 4678 1284 4748 occidentis
1307 4678 1400 4746 sicut
1425 4679 1559 4748 termiti
1584 4683 1619 4747 et
1642 4697 1723 4766 sepe
1747 4678 1931 4746 discernit:
1960 4677 2130 4763 desuper

272 4837 343 4905 fine
367 4837 444 4924 ipso
468 4853 631 4924 comune,
656 4837 737 4905 inde
762 4840 845 4904 sunt
869 4855 931 4924 per
958 4835 1107 4907 latitudo
1130 4854 1285 4924 paucum
1311 4856 1334 4906 a
1357 4851 1463 4921 super
1486 4835 1566 4922 ipsa
1590 4836 1697 4904 binea
1725 4833 1868 4903 deserta
1897 4833 1990 4920 passi
2023 4831 2131 4920 quin·

272 4990 398 5060 decim.
426 4991 471 5058 Et
495 4993 589 5059 inter
614 4991 688 5078 ipse
711 4991 819 5059 sortis
842 4991 938 5077 passi
969 4990 1222 5079 quadraginta.
1248 4990 1293 5056 Et
1325 4990 1401 5074 ipse
1429 4985 1546 5056 nicola
1576 5006 1639 5073 pro
1669 4989 1746 5055 vice
1776 4987 1819 5056 de
1848 4988 1927 5074 ipsa
1952 5003 2064 5055 uxore
2088 4992 2125 5056 et

270 5148 425 5231 cognata
448 5162 513 5212 sua
536 5143 667 5212 dividit
690 5142 921 5230 aliquantum
947 5143 990 5210 de
1014 5143 1088 5231 ipso
1112 5160 1273 5228 comune,
1297 5145 1442 5228 quaest
1470 5143 1570 5209 terra
1593 5144 1629 5209 et
1644 5141 1834 5227 coniungit
1858 5143 2033 5226 cumipse
2053 5157 2129 5208 sor-

270 5297 367 5364 tibus
391 5295 434 5364 de
460 5296 538 5384 ipsa
560 5298 665 5366 vinea
688 5296 830 5364 deserta
853 5314 921 5382 que
945 5299 998 5364 est
1020 5313 1101 5363 cum
1125 5294 1228 5366 silva.
1255 5297 1301 5363 Et
1323 5291 1452 5362 dividit
1481 5311 1540 5362 eos
1569 5291 1616 5362 da
1647 5291 1765 5380 capite
1788 5292 1832 5360 de
1859 5291 1933 5379 ipse
1958 5294 2130 5361 sortioni·

267 5449 334 5518 bus
358 5451 403 5520 de
427 5449 504 5537 ipsa
527 5452 632 5519 vinea
655 5451 811 5538 deserta,
836 5451 1009 5538 quomodo
1037 5467 1074 5517 se
1097 5449 1296 5518 ascendunt
1325 5447 1571 5534 unusquisque
1600 5445 1815 5515 sortionibus
1840 5447 1884 5515 de
1908 5449 1988 5535 ipsa
2013 5449 2123 5516 vinea

266 5623 380 5694 nsque
404 5608 539 5677 termiti
563 5623 650 5693 quos
675 5607 803 5676 ibidem
835 5605 1005 5691 fiximus,
1031 5619 1103 5671 una
1131 5607 1224 5670 sorte
1256 5601 1300 5694 in,
1324 5619 1409 5692 pars
1439 5599 1588 5669 orientis
1619 5599 1791 5669 coniunta
1821 5600 1867 5670 ad
1896 5601 1973 5689 ipsa
2005 5603 2127 5672 viaet

264 5760 341 5833 alia
363 5780 386 5830 a
409 5779 493 5849 pars
517 5760 729 5849 occidentis,
754 5760 799 5829 ud
824 5764 875 5829 sic
899 5759 1097 5830 ascendant
1120 5755 1223 5828 ambe
1246 5757 1321 5843 ipse
1343 5753 1577 5841 sortionibus,
1602 5771 1713 5841 usque
1738 5753 1805 5838 ipsi
1830 5755 1966 5830 termiti
1978 5805 1988 5842 ,
2004 5754 2124 5843 quali-
