5406 7090
566 497 639 573 986
1198 496 1373 574 deunx
1418 500 1687 577 CAVENSIS

515 726 695 814 quondam
720 727 867 816 Alegari
890 725 1101 796 coniunctus
1123 729 1177 796 est
1201 728 1239 796 in
1263 728 1481 799 conventum
1504 749 1584 799 eum
1610 729 1710 800 leone
1730 730 1907 808 ¹monacho
1928 731 1967 798 et
1988 727 2168 798 sacerdote
2191 725 2394 814 proposito·

519 879 730 950 monasterii
756 885 878 950 sancte
901 886 937 949 et
958 881 1140 950 individue
1164 883 1341 952 trinitatis
1368 883 1460 971 quod
1490 887 1732 952 constructum
1761 889 1813 951 est
1844 881 1937 950 inira
1970 880 2232 948 mitiliauenses
2256 879 2374 966 fines,

516 1033 577 1101 eui
603 1051 697 1102 nunc
720 1034 870 1104 domnus
892 1033 1093 1104 Adelferius
1117 1034 1359 1108 memorabilis
1381 1034 1491 1103 abbas
1515 1039 1644 1122 preest,
1670 1051 1734 1120 pro
1758 1034 1861 1102 euius
1884 1031 2106 1102 absolutione
2124 1031 2199 1117 ipse
2224 1030 2276 1098 leo
2301 1049 2376 1098 om·

525 1188 662 1272 niaque
688 1189 726 1256 in
750 1190 816 1256 hoo
839 1187 982 1256 cartula
1006 1187 1143 1275 scripta
1166 1192 1203 1257 et
1225 1187 1416 1256 scrivenda
1439 1193 1524 1255 sunt
1548 1188 1627 1256 fuit.
1654 1189 1699 1256 Et
1714 1187 1928 1258 clarificavit
1944 1187 2020 1275 ipse
2035 1185 2165 1274 godeni
2185 1203 2223 1252 se
2242 1184 2375 1252 habere

521 1361 580 1412 res
603 1344 643 1412 in
667 1344 742 1412 loeo
766 1345 915 1413 nuceria
937 1349 974 1414 et
996 1349 1081 1414 sunt
1102 1363 1165 1433 per
1188 1346 1259 1415 fine
1282 1349 1318 1414 et
1333 1342 1505 1415 vocabula
1520 1348 1556 1414 et
1573 1345 1796 1432 pertinentes
1820 1343 1933 1432 ipsius
1959 1340 2057 1409 locis.
2083 1342 2129 1408 Ε(
2160 1337 2377 1408 clarificabit

520 1513 559 1564 se
585 1496 718 1564 habere
744 1497 788 1564 de
812 1503 888 1565 octo
919 1495 1084 1584 partibus
1107 1502 1182 1566 tres
1205 1502 1326 1586 partes
1349 1498 1392 1566 de
1416 1515 1490 1566 una
1512 1495 1613 1585 pecie
1637 1495 1680 1564 de
1704 1499 1799 1563 terra
1817 1511 1897 1562 eum
1914 1495 2060 1561 arbusto
2078 1493 2138 1560 ubi
2154 1491 2291 1578 scripta
2307 1495 2376 1575 est,

517 1655 555 1718 et
579 1653 635 1718 est
658 1653 736 1717 tota
759 1650 837 1736 ipsa
860 1650 962 1737 peria
985 1668 1048 1737 per
1071 1649 1160 1718 fines
1185 1653 1223 1718 et
1248 1669 1445 1720 mensuras.
1472 1652 1504 1718 A
1527 1668 1610 1736 pars
1634 1649 1902 1738 septemtrionis
1925 1649 1996 1715 fine
2021 1648 2080 1716 via
2104 1650 2140 1714 et
2167 1645 2262 1732 passi
2293 1663 2377 1712 cen-

516 1808 593 1874 tum
617 1808 708 1872 octo.
734 1806 765 1872 A
789 1823 873 1892 pars
896 1805 1089 1874 occidentis
1113 1806 1208 1892 passi
1232 1808 1387 1873 centum.
1413 1807 1443 1873 A
1467 1823 1551 1891 pars
1574 1802 1723 1872 meridie
1748 1803 1843 1888 passi
1860 1799 2080 1889 quindecim,
2098 1804 2134 1868 et
2158 1801 2376 1870 ascendente

517 1963 727 2026 mensurate
752 1958 790 2024 in
816 1957 930 2044 ipsam
955 1962 1095 2045 partem
1119 1957 1267 2026 meridie
1291 1957 1387 2044 passi
1412 1958 1566 2045 triginta
1589 1976 1654 2025 sex
1678 1974 1789 2043 usque
1813 1957 1852 2023 in
1875 1955 2030 2023 mediam
2058 1973 2220 2040 serram,
2243 1959 2280 2020 et
2317 1952 2379 2020 de·

515 2112 707 2180 scendente
721 2130 784 2198 per
798 2110 952 2180 mediam
967 2111 1080 2198 ipsam
1095 2130 1232 2180 serram
1245 2115 1340 2198 passi
1356 2113 1488 2200 viginti
1504 2129 1580 2198 sex,
1594 2117 1630 2179 et
1641 2111 1875 2179 descendente
1891 2112 1928 2176 in
1946 2115 2087 2196 partem
2103 2105 2256 2176 orientis
2276 2107 2373 2193 passi

516 2266 720 2352 nonaginta
743 2283 824 2352 sex,
850 2269 887 2333 et
910 2264 1145 2334 descendente
1171 2266 1208 2332 in
1233 2270 1374 2352 partem
1398 2266 1547 2332 orientis
1570 2263 1662 2350 passi
1687 2264 1888 2348 nonaginta
1911 2280 1988 2347 sex,
2012 2267 2048 2330 6(
2071 2260 2306 2332 descendente
2332 2258 2371 2327 in

522 2426 661 2504 partem
688 2419 840 2486 orientis
863 2419 960 2505 passi
983 2417 1185 2506 nonaginta
1207 2436 1286 2507 sex,
1310 2425 1346 2487 et
1370 2417 1604 2486 descendente
1628 2418 1666 2482 in
1683 2423 1820 2503 partem
1836 2415 2097 2503 septemtrionis
2115 2415 2208 2502 passi
2227 2423 2372 2483 centum

523 2571 657 2659 viginti
680 2571 751 2638 duo
772 2575 809 2640 et
831 2572 926 2640 dixit
948 2590 985 2639 se
1009 2574 1142 2641 habere
1165 2572 1208 2639 de
1232 2577 1309 2639 octo
1332 2574 1494 2658 partibus
1517 2577 1590 2639 tres
1614 2578 1732 2656 partes
1755 2571 1798 2638 de
1816 2587 1895 2682 vuna
1918 2571 2020 2658 peoia
2043 2569 2086 2638 de
2111 2575 2210 2638 terra
2232 2589 2301 2656 que
2317 2569 2372 2636 di·

515 2728 614 2797 citur
641 2730 687 2798 ad
711 2727 843 2815 portia,
867 2733 983 2798 estut
1007 2730 1083 2815 ipsa
1105 2727 1207 2815 pecia
1230 2746 1311 2796 oum
1335 2727 1480 2797 insiteto
1502 2747 1565 2815 per
1588 2731 1654 2797 has
1678 2729 1789 2797 lines:
1815 2727 1859 2796 de
1886 2729 2001 2796 tribus
2016 2728 2180 2815 partibus
2206 2732 2261 2794 est
2284 2727 2372 2812 fine,

517 2883 613 2952 sieut
637 2883 745 2951 medii
770 2882 926 2951 vallones
949 2882 1172 2968 discernunt,
1197 2889 1232 2949 et
1255 2882 1298 2950 de
1322 2886 1453 2969 quarta
1476 2890 1605 2971 parte,
1630 2885 1723 2955 sicut
1747 2887 1863 2955 maria
1889 2885 2110 2954 discernunt.
2144 2881 2191 2949 Et
2214 2879 2310 2949 dixit
2332 2898 2371 2950 se

516 3040 652 3110 habere
678 3039 722 3107 de
746 3038 897 3106 sedecim
921 3039 1086 3124 partibus
1108 3042 1182 3105 tres
1207 3041 1340 3124 partes,
1357 3037 1400 3106 de
1425 3057 1498 3107 una
1522 3041 1623 3126 peeia
1646 3042 1690 3110 de
1714 3049 1914 3112 terrarum
1938 3042 2135 3116 castaneto,
2154 3036 2214 3106 ubi
2239 3037 2368 3106 torella

516 3190 666 3278 dieitur,
690 3196 726 3259 et
749 3195 802 3258 est
825 3208 887 3277 per
910 3191 977 3259 has
1000 3192 1090 3259 fines
1113 3195 1149 3260 et
1171 3208 1380 3260 mensuras:
1405 3195 1436 3260 A
1460 3197 1562 3279 parte
1588 3194 1739 3260 orientis
1763 3193 1845 3280 fine,
1869 3194 1961 3260 sieut
1984 3191 2102 3261 media
2125 3209 2226 3278 sepes
2258 3194 2295 3260 et
2328 3191 2373 3256 li-

516 3362 591 3412 mes
615 3344 841 3433 diseernunt,
865 3349 901 3414 et
924 3346 1030 3414 iuxta
1056 3347 1170 3430 ipsam
1196 3363 1314 3432 sepem
1338 3348 1535 3414 mensurati
1559 3348 1656 3432 passi
1680 3347 1844 3434 triginta.
1882 3349 1913 3413 A
1947 3346 2096 3414 meridie
2130 3348 2202 3414 ilne
2237 3349 2300 3416 via
2336 3355 2375 3416 et

520 3498 619 3587 passi
643 3498 788 3567 ducenti
813 3501 1007 3588 octoginta.
1035 3500 1066 3566 A
1091 3501 1193 3585 parte
1217 3499 1411 3567 occidentis
1436 3501 1519 3586 tine,
1543 3500 1636 3568 sieut
1653 3501 1758 3569 medii
1785 3499 1943 3569 vallones
1965 3507 2001 3568 et
2024 3518 2124 3586 sepes
2147 3500 2373 3588 discernunt,

517 3657 554 3723 et
576 3671 641 3740 per
667 3654 785 3740 ipsam
810 3654 917 3721 finem
942 3653 1034 3740 passi
1061 3655 1192 3741 viginti
1218 3659 1400 3741 quattuor.
1426 3655 1457 3720 A
1480 3660 1581 3740 parte
1603 3653 1865 3742 septemtrionis
1890 3653 1983 3740 passi
2008 3654 2151 3722 ducenti
2170 3655 2368 3743 octoginta.

514 3808 563 3877 Et
588 3808 685 3877 dixit
708 3827 746 3876 se
770 3810 904 3877 habere
928 3809 970 3876 de
994 3808 1151 3894 triginta
1176 3808 1314 3876 duabus
1338 3809 1499 3894 partibus
1521 3811 1595 3874 tres
1618 3810 1739 3894 partes
1761 3806 1804 3872 de
1831 3823 1902 3873 una
1918 3807 2019 3892 pecie
2034 3807 2077 3875 de
2096 3811 2194 3876 terra
2210 3827 2292 3876 cum
2318 3809 2375 3877 in·

512 3962 619 4030 siteto
644 3962 707 4032 ubi
731 3961 776 4031 ad
800 3961 897 4050 plaia
920 3963 1066 4049 dicitur,
1091 3980 1160 4048 que
1184 3968 1238 4030 est
1262 3981 1324 4048 per
1348 3965 1414 4031 has
1438 3961 1527 4029 fines
1549 3967 1585 4030 et
1608 3979 1806 4030 mensuras.
1832 3963 1863 4030 A
1885 3967 1989 4048 parte
2020 3961 2169 4030 orientis
2201 3963 2271 4032 fine
2296 3983 2371 4034 me·

518 4113 584 4183 dia
608 4133 722 4202 serra,
741 4119 782 4222 et
806 4133 868 4202 per
892 4117 1004 4202 ipsam
1029 4133 1168 4183 serram
1194 4115 1389 4182 mensurati
1414 4115 1508 4201 passi
1532 4115 1674 4185 ducenti
1697 4116 1892 4184 duodecim.
1931 4117 1976 4184 Et
2006 4115 2240 4185 descendente
2275 4135 2374 4186 men·

514 4271 629 4340 surati
655 4269 761 4338 iuxta
785 4269 898 4356 ipsam
922 4269 1073 4356 peciam,
1099 4269 1137 4336 in
1163 4287 1234 4357 qua
1258 4269 1376 4356 cripta
1399 4274 1465 4356 est,
1492 4272 1587 4357 passi
1612 4271 1765 4358 triginta
1788 4291 1864 4340 sex.
1890 4273 1934 4340 Ε(
1951 4272 2152 4341 revolvente
2170 4269 2207 4336 in
2230 4275 2370 4357 partem

514 4423 709 4490 occidentis
734 4441 830 4508 passi
855 4423 1100 4510 quadraginta
1124 4425 1262 4490 nobem.
1288 4424 1334 4490 Et
1358 4423 1557 4493 revolvente
1583 4425 1620 4490 in
1645 4431 1782 4512 partem
1806 4425 1953 4492 meridie
1979 4427 2074 4512 passi
2099 4424 2297 4511 duodecim,
2333 4429 2373 4494 et

512 4576 717 4644 revolvente
742 4577 779 4643 in
805 4582 942 4662 partem
968 4577 1161 4646 occidentis
1185 4578 1277 4664 passi
1303 4585 1445 4646 centum
1471 4580 1614 4667 viginti.
1640 4581 1685 4646 Ε(
1715 4581 1916 4646 revolvente
1949 4580 1985 4643 in
2022 4581 2186 4666 partibus
2225 4580 2376 4648 meridie

514 4733 612 4818 passi
636 4737 778 4799 centum
804 4732 969 4801 sedecim.
995 4734 1040 4800 Ε(
1063 4731 1157 4800 dixit
1182 4750 1219 4798 se
1243 4732 1376 4799 habere
1401 4732 1444 4799 de
1468 4730 1621 4817 triginta
1643 4731 1784 4798 duabus
1809 4734 1969 4818 partibus
1993 4738 2067 4799 tres
2091 4739 2214 4818 partes
2237 4733 2280 4802 de
2299 4753 2372 4804 una

513 4885 615 4972 pecia
640 4885 682 4952 de
706 4885 868 4954 terrain
892 4907 964 4973 qua
988 4886 1147 4973 placaris
1172 4886 1355 4971 dicuntur,
1381 4902 1450 4971 que
1474 4885 1523 4952 ibi
1549 4887 1721 4955 coniunta
1746 4893 1810 4953 est.
1836 4887 1881 4954 Ε(
1904 4886 2000 4955 dixit
2023 4905 2060 4954 se
2084 4888 2217 4955 habere
2234 4886 2277 4954 de
2293 4890 2376 4956 octo

513 5042 681 5128 partibus
705 5045 778 5106 tres
804 5044 926 5126 partes
949 5041 992 5106 de
1019 5056 1090 5107 una
1114 5039 1218 5127 peeia
1241 5039 1284 5107 de
1308 5046 1419 5126 terra,
1445 5037 1505 5105 ubi
1528 5058 1692 5124 campum
1717 5037 1759 5104 de
1783 5057 1845 5106 are
1868 5044 1904 5106 et
1927 5037 2075 5125 proprie
2093 5085 2370 5108 ........

511 5191 660 5280 dicitur,
684 5211 753 5279 que
779 5195 889 5261 habet
910 5193 977 5260 has
999 5195 1089 5260 fines
1112 5197 1149 5261 et
1171 5209 1371 5261 mensuras.
1397 5195 1428 5260 A
1451 5198 1553 5279 parte
1578 5195 1726 5262 meridie
1750 5195 1820 5262 fine
1845 5195 2089 5280 suprascripta
2113 5196 2171 5264 via
2203 5199 2238 5264 et
2274 5191 2372 5282 passi

512 5345 642 5434 viginti
668 5352 838 5433 quattuor
860 5352 897 5415 6(
919 5347 1068 5414 medius.
1094 5347 1124 5413 A
1148 5351 1252 5432 parte
1275 5345 1470 5414 occidentis
1493 5347 1587 5432 passi
1610 5347 1851 5434 quadraginta
1874 5347 1956 5434 duo,
1981 5353 2018 5417 et
2042 5349 2244 5417 revolvente
2271 5368 2369 5418 men·

510 5499 626 5569 surati
653 5501 691 5566 in
717 5505 821 5587 parte
844 5499 993 5569 orientis
1017 5501 1112 5587 passi
1138 5501 1309 5587 quinque.
1335 5503 1379 5568 Et
1403 5501 1605 5570 revolvente
1628 5502 1666 5569 in
1690 5509 1829 5591 partem
1859 5505 2121 5592 septemtrionis
2154 5507 2248 5592 passi
2280 5525 2370 5594 qua·

514 5654 685 5742 draginta
709 5639 886 5726 unusEt
909 5656 1109 5726 revolvente
1131 5658 1170 5725 in
1194 5663 1297 5743 parte
1319 5655 1513 5724 occidentis
1538 5657 1629 5743 passi
1654 5656 1850 5725 duodecim.
1877 5659 1922 5726 Ε(
1956 5658 2159 5728 revolvente
2195 5660 2232 5727 in
2264 5665 2370 5747 parte

507 5809 660 5880 meridie
683 5813 778 5898 passi
804 5811 957 5900 triginta
979 5830 1059 5882 sex.
1086 5811 1131 5879 Ε(
1154 5789 1421 5880 (6(61ν66(6’ἰη
1447 5809 1560 5896 ipsam
1586 5815 1724 5896 partem
1748 5809 1940 5880 occidentis
1965 5813 2059 5897 passi
2086 5813 2211 5880 nobem
2234 5821 2270 5882 et
2303 5833 2379 5884 mo-
