5402 7088
969 543 1385 622 ulrtolllrlcus

1128 782 1249 873 CM.

1035 1093 1093 1169 A.
1122 1094 1177 1168 D.
1207 1081 1332 1171 1035.

326 1327 361 1469 †
387 1382 426 1448 ln
449 1381 594 1449 nomine
617 1381 749 1450 domini
773 1384 898 1453 octabu
920 1382 1057 1452 decimo
1079 1399 1174 1452 anno
1197 1382 1418 1472 principatus
1451 1383 1572 1453 domni
1607 1383 1720 1452 nostri
1737 1365 1935 1472 ‘guaimari
1968 1381 2117 1472 glorioso

271 1531 449 1620 principe,
472 1534 546 1602 filio
569 1535 748 1621 quondam
771 1535 892 1604 domni
916 1536 1118 1624 guaimari,
1136 1553 1257 1604 menso
1280 1535 1481 1615 december,
1507 1541 1638 1623 quarta
1668 1507 1875 1606 indictione.
1907 1540 2117 1608 memorato·

269 1687 365 1756 rium
401 1688 497 1760 iactu
531 1709 554 1760 a
586 1689 691 1759 nobis
720 1691 895 1761 iohannes
925 1689 1077 1760 clericus
1098 1696 1135 1758 et
1156 1695 1279 1777 petrus
1302 1688 1462 1776 clericus,
1486 1689 1547 1776 qui
1572 1709 1693 1758 sumus
1718 1669 1873 1758 ministri
1897 1689 1941 1758 de
1965 1688 2117 1760 ecclesia

274 1845 389 1912 sancti
414 1844 580 1932 maximi,
604 1861 646 1914 eo
668 1845 760 1933 quod
785 1849 871 1915 ante
895 1844 1078 1932 presentia
1100 1843 1219 1912 domni
1246 1843 1392 1913 adelferi
1417 1845 1528 1912 abbas
1551 1843 1663 1931 ipsius
1684 1843 1832 1912 ecclesie
1855 1847 1972 1913 sancti
2000 1843 2118 1912 maxi-

268 1997 332 2084 mi,
357 1997 418 2084 qui
443 2002 498 2064 cst
522 2015 634 2065 unum
658 1996 701 2067 de
724 1997 873 2066 dominii
899 1997 1011 2085 ipsius
1034 1996 1194 2083 ecclesie,
1219 1979 1255 2066 et
1278 1999 1402 2085 ibique
1422 2002 1517 2066 esset
1539 1981 1731 2084 subscripti
1757 1999 1878 2082 testes,
1907 2015 1968 2084 per
1994 1996 2120 2064 iussio-

272 2166 353 2230 nem
377 2151 489 2238 ipsius
512 2152 634 2221 abbati
659 2157 695 2221 et
718 2169 782 2241 pro
805 2171 890 2241 pars
913 2159 949 2222 et
972 2153 1050 2221 vice
1074 2151 1187 2240 ipsius
1210 2149 1356 2219 ecclesie
1380 2151 1426 2220 ad
1449 2149 1655 2235 tenendum,
1680 2153 1717 2218 et
1739 2149 1985 2239 lavorandum,
2003 2154 2044 2219 et
2058 2169 2119 2238 pa·

276 2305 489 2391 menendum
513 2305 769 2376 abellanietum
793 2307 1006 2384 tradidimus
1029 2305 1200 2376 abalsami
1225 2302 1298 2372 lilio
1321 2303 1523 2388 teuderici,
1546 2307 1582 2372 et
1605 2305 1743 2371 cicerus
1767 2303 1841 2373 filio
1863 2305 2041 2391 quondam
2071 2305 2120 2373 io·

270 2459 397 2546 banni,
415 2462 451 2527 et
477 2461 633 2548 iaquinti
659 2461 722 2548 qui
747 2465 800 2530 est
823 2477 957 2550 genero
980 2460 1197 2547 maghenolfi
1223 2458 1374 2546 pisapia,
1397 2460 1433 2528 et
1448 2457 1624 2544 gaiderisi
1648 2457 1721 2526 filio
1736 2458 1914 2544 quondam
1931 2458 2065 2546 lupeni,
2084 2463 2120 2528 et

171 2669 173 2672 .
274 2613 366 2681 mari
392 2613 466 2681 filio
489 2614 674 2700 quondam
702 2615 809 2703 petri,
834 2615 877 2683 de
895 2615 1001 2683 rebus
1017 2615 1256 2702 pertinentem
1275 2614 1386 2701 ipsius
1402 2612 1563 2704 ecclesie,
1581 2613 1673 2700 quod
1690 2614 1772 2682 abet
1788 2613 1825 2680 in
1841 2613 1955 2680 locum
1972 2613 2122 2682 nuceria

269 2769 333 2836 ubi
354 2766 556 2839 cancellata
580 2769 724 2856 dicitur,
748 2769 811 2858 qui
832 2774 890 2840 est
912 2787 975 2857 per
998 2788 1037 2839 ec
1061 2766 1144 2835 fluis
1167 2771 1203 2836 et
1227 2767 1419 2835 mensuris:
1441 2745 1467 2835 ¹a
1490 2785 1573 2853 pars
1597 2766 1860 2836 sebtemtrionis
1882 2768 1953 2834 tine
1972 2766 2033 2836 bia
2057 2785 2119 2853 pu·

270 2919 386 3010 blica,
412 2921 494 2989 inde
516 2925 611 3010 passi
636 2929 779 2992 centum
803 2879 958 3012 triginta
981 2883 1047 2991 dui¹
1068 2922 1183 2989 minus
1205 2920 1323 2989 cubito
1347 2938 1471 2987 unum:
1496 2941 1518 2989 a
1541 2937 1626 3006 pars
1649 2919 1798 2988 orientis
1821 2920 1893 2987 fine
1925 2920 2038 3008 ipsius
2064 2937 2121 2988 ec-
2206 3011 2212 3018 .

273 3075 394 3152 clesie,
422 3074 504 3143 inde
526 3077 621 3163 passi
646 3076 853 3163 octuaginta
876 3079 1046 3162 quinque:
1071 3094 1095 3143 a
1117 3071 1264 3142 meridie
1288 3074 1359 3140 tine
1383 3073 1494 3160 ipsius
1517 3072 1676 3152 ecclesie,
1703 3073 1784 3142 inde
1807 3078 1891 3143 sunt
1914 3075 2009 3162 passi
2033 3093 2116 3144 cen·
2162 3041 2169 3056 ’

273 3230 351 3295 tum
375 3227 543 3314 triginta:
568 3247 590 3297 a
614 3245 698 3313 pars
721 3226 916 3295 occidentis
939 3229 1009 3296 line
1033 3199 1146 3314 ipsius
1168 3225 1328 3334 ecclesie,
1353 3226 1435 3294 inde
1459 3226 1553 3314 passi
1577 3227 1805 3315 sebtuaginta
1833 3227 2038 3314 quadtuor,
2069 3231 2121 3294 to-

268 3386 346 3449 tum
369 3381 415 3451 ad
439 3381 531 3450 iusto
554 3397 699 3468 passum
723 3379 834 3447 omini
862 3385 1123 3450 mensuratum.
1148 3381 1191 3450 de
1205 3381 1274 3450 ista
1290 3383 1389 3449 terra
1407 3399 1470 3467 per
1485 3379 1657 3449 iamdicta
1673 3381 1855 3448 mensuria
1873 3378 1999 3460 inclita
2015 3397 2124 3468 quar·

283 3539 357 3604 tam
382 3541 484 3621 parte
508 3535 545 3602 in
572 3533 650 3621 ipsa
672 3550 758 3622 pars
781 3535 932 3602 orientis
954 3533 1113 3621 ipsorum
1136 3535 1311 3603 nominati
1335 3532 1506 3620 gaiderisi
1529 3537 1565 3601 et
1588 3534 1680 3602 mari
1705 3532 1751 3602 ad
1773 3532 1965 3634 tenendum
1989 3535 2025 3601 et
2061 3553 2125 3621 pa·

273 3689 491 3759 sisnandum
515 3686 772 3758 abellanietum
796 3687 1027 3756 coniunctum
1050 3705 1131 3755 curn
1147 3687 1239 3774 illut,
1255 3687 1348 3773 quod
1363 3689 1463 3756 tenet
1479 3687 1537 3772 ad¹
1548 3685 1811 3774 pastenandum
1829 3677 1880 3756 ¹da
1904 3705 1989 3774 pars
2014 3688 2126 3775 ipsius

274 3841 423 3914 ecclesie
443 3842 683 3929 tradidimus,
715 3845 751 3910 et
773 3840 816 3909 de
841 3840 979 3927 relique
1002 3841 1118 3909 tribus
1142 3839 1357 3908 sectionibus
1381 3839 1494 3927 ipsius
1517 3836 1691 3909 abalsami
1716 3839 1930 3909 tradidimus
1952 3841 2124 3912 medieta-

271 3999 373 4083 tem,
406 3999 443 4064 et
464 3959 624 4084 ipsorum
648 3994 755 4064 ciceri
779 3997 816 4062 et
839 3993 993 4082 iaquinti
1017 3992 1232 4062 tradidimus
1256 3993 1396 4082 reliqua
1418 3977 1622 4062 medietate:
1649 3993 1721 4062 ista
1743 3995 1843 4063 terra
1866 4012 1929 4082 per
1953 3993 2126 4067 iamdicta

266 4149 469 4238 mensuris,
494 4147 659 4237 qualiter
683 4149 846 4238 superius
869 4166 932 4235 per
956 4151 1077 4235 partes
1100 4147 1430 4236 compreenserunt‚
1454 4143 1570 4216 licead
1594 4144 1669 4213 illis
1692 4149 1728 4215 et
1750 4146 1825 4215 suis
1850 4146 2017 4218 eredibus
2044 4147 2128 4220 illut

269 4305 405 4380 tenere,
421 4306 466 4373 et
490 4302 664 4390 laborare,
688 4307 724 4372 et
746 4307 933 4391 pastenare
956 4300 1212 4374 abellanietum
1235 4301 1279 4370 de
1302 4303 1392 4369 bone
1415 4300 1579 4371 abellane
1593 4305 1641 4390 et,
1658 4307 1761 4373 natos
1777 4307 1960 4393 nascente,
1977 4283 2118 4375 illis-et·

278 4457 353 4525 suis
375 4457 543 4526 eredibus
568 4456 650 4526 illut
671 4461 807 4546 tenere,
828 4460 868 4566 'et
891 4457 991 4525 iobee
1008 4423 1050 4524 et
1071 4459 1187 4525 omnis
1218 4474 1281 4524 sue
1305 4455 1474 4525 utilitatis
1496 4456 1593 4526 iusta
1620 4456 1796 4526 rationem
1813 4455 1864 4525 ibi
1889 4459 2026 4531 faciant
2043 4455 2125 4552 illis,

280 4609 334 4679 vel
357 4613 497 4679 omines
520 4611 581 4699 qui
608 4611 657 4680 ibi
685 4611 864 4715 miserint,
880 4613 917 4680 et
933 4629 992 4680 eos
1007 4610 1200 4696 cultarent,
1216 4609 1308 4678 sicut
1325 4609 1509 4696 meruerit,
1527 4612 1564 4676 et
1581 4609 1727 4696 quando
1745 4609 1827 4679 illut
1845 4615 2127 4706 pasteuaberint,

143 4835 149 4843 ,
282 4765 414 4837 abeant
436 4766 483 4835 da
508 4783 581 4834 una
605 4765 730 4853 planta
753 4763 792 4833 in
816 4765 891 4835 alia
912 4767 1009 4853 passi
1033 4767 1166 4852 decem,
1183 4769 1219 4833 et
1237 4769 1372 4852 quante
1388 4764 1551 4834 abellane
1568 4765 1693 4862 amodo
1707 4768 1744 4834 et
1762 4785 1873 4853 usque
1890 4768 2010 4838 decem
2037 4773 2127 4842 anni

269 4881 437 5006 completi
467 4919 602 4989 ibidem
627 4917 850 5008 collexerint,
876 4923 987 4988 totum
1015 4920 1163 4989 illorum
1189 4922 1263 4988 sint
1287 4919 1486 5007 potestatis,
1502 4917 1706 4988 faciendum
1723 4922 1806 4990 inde
1821 4925 1942 4992 omnia
1962 4925 2054 5010 quod
2071 4945 2129 4997 vo-

269 5067 417 5157 lueriut,
441 5074 478 5140 et
500 5069 637 5176 nullam
660 5073 851 5142 sectionem
878 5073 959 5144 inde
984 5073 1030 5144 ad
1054 5092 1137 5162 pars
1161 5073 1274 5161 ipsius
1297 5074 1444 5143 ecclesie
1468 5073 1589 5162 deant3
1616 5077 1653 5146 et
1676 5076 1800 5146 amodo
1815 5081 1853 5147 et
1882 5065 1993 5168 usque‘
2019 5084 2129 5170 quad-

269 5222 466 5292 tuordecim
491 5225 579 5293 anni
604 5225 678 5295 illis
700 5232 820 5297 autem
843 5231 879 5297 et
902 5229 976 5296 suis
998 5227 1163 5298 eredibus
1185 5231 1317 5299 abeant
1333 5227 1370 5295 in
1386 5235 1461 5300 tota
1484 5233 1562 5319 ipsa
1577 5237 1631 5300 ter
1648 5252 1690 5302 ra
1706 5233 1962 5305 abellanietum
1978 5238 2127 5326 lactum,

271 5381 470 5466 operatum,
494 5383 531 5448 et
554 5377 741 5470 cultatum,
765 5385 802 5450 et
824 5387 964 5451 eurtum
987 5381 1158 5469 desuper
1182 5383 1283 5452 etde
1306 5385 1442 5471 subter,
1468 5385 1561 5455 sicut
1584 5386 1629 5456 de
1656 5391 1779 5458 tantos
1795 5408 1908 5458 annos
1926 5391 2024 5461 locus
2051 5394 2128 5481 ipse

269 5530 455 5618 meruerit,
482 5536 521 5599 ut
545 5533 635 5601 bene
658 5532 791 5620 paread
815 5534 972 5628 factum-3
997 5537 1034 5604 et
1055 5539 1189 5622 quanto
1212 5537 1375 5607 abellane
1399 5538 1444 5608 da
1470 5539 1539 5628 ipsi
1562 5541 1682 5611 decem
1706 5542 1795 5612 anni
1822 5544 1860 5612 in
1885 5551 1996 5616 antea
2022 5551 2125 5620 omni

273 5687 432 5770 tompore
457 5685 666 5758 annualiter
689 5687 910 5776 temporibus
933 5687 1007 5755 suis
1022 5687 1193 5777 colligere
1207 5696 1243 5761 et
1260 5698 1402 5780 portare
1418 5695 1464 5764 ad
1481 5695 1688 5768 domus·sua
1715 5700 1808 5796 quod
1823 5721 1886 5789 per
1903 5709 2022 5789 partes
2046 5707 2129 5777 abet

278 5835 317 5904 in
344 5836 466 5905 eodem
486 5837 567 5906 loco
591 5839 752 5928 nuceria,
776 5845 812 5908 et
835 5839 883 5907 ibi
908 5857 1050 5941 seccare
1076 5840 1150 5928 ime
1172 5841 1349 5932 abellane;
1373 5849 1409 5914 et
1431 5845 1478 5914 da
1503 5845 1571 5936 ipsi
1594 5849 1713 5919 decem
1736 5853 1823 5922 anni
1859 5853 1899 5922 in
1925 5859 2033 5927 antea
2063 5875 2129 5928 au·
