5408 7108
601 507 673 582 180
1180 556 1182 562 «
1242 510 1429 584 ΟΟΒΕΧ
1457 509 1721 588 CAVENSIS

452 779 458 792 -
557 738 673 803 toeum
698 737 911 805 miscianum
936 755 1002 825 per
1026 754 1065 804 ee
1089 737 1173 804 finis
1190 741 1225 804 et
1241 735 1432 804 mensurie:
1457 736 1504 806 da
1520 738 1682 823 partibus
1697 739 1960 826 septemtrionis
1976 739 2047 810 fine
2063 741 2179 809 sancti
2196 738 2406 827 salbatoris,

556 898 643 961 sunt
669 892 752 963 inde
774 895 868 980 passi
893 892 1107 979 quindecim:
1132 914 1154 962 a
1170 894 1333 979 partibus
1347 893 1495 960 orientis
1508 894 1577 960 fine
1593 892 1769 978 domnice,
1786 897 1869 960 sunt
1885 892 1967 960 iude
1984 893 2079 979 passi
2097 892 2400 978 quadtuordeeim:

555 1044 602 1114 da
627 1045 789 1132 partibus
812 1044 960 1113 meridie
983 1043 1147 1112 similiter
1171 1045 1241 1112 fine
1264 1045 1451 1122 dominica,
1475 1052 1559 1114 sunt
1584 1045 1666 1114 inde
1695 1045 1787 1132 passi
1815 1044 1959 1133 biginti:
1984 1045 2031 1114 da
2054 1046 2216 1132 partibus
2238 1043 2403 1112 deciden-

553 1197 603 1264 tis
620 1199 689 1265 tine
706 1195 779 1285 bia,
795 1200 879 1266 sunt
901 1196 984 1264 inde
1007 1199 1104 1282 passi
1127 1196 1428 1282 quadtuerdeeim.
1456 1197 1538 1266 Alia
1562 1198 1661 1284 pecie
1685 1199 1727 1266 de
1745 1203 1842 1267 terra
1865 1216 1946 1266 eum
1971 1199 2119 1265 arbusto
2143 1198 2257 1266 bitato
2283 1197 2404 1284 ibique

558 1353 596 1418 in
622 1350 779 1438 predicte
796 1349 910 1418 locum
926 1367 993 1437 per
1006 1350 1090 1417 finis
1104 1353 1141 1418 et
1156 1351 1347 1418 mensurie:
1360 1351 1406 1418 da
1423 1351 1584 1436 partibus
1599 1349 1898 1436 septemtrionalis
1914 1349 1984 1417 fine
2001 1351 2075 1438 bia,
2091 1355 2177 1418 sunt
2200 1350 2282 1418 inde
2305 1351 2403 1436 passi

554 1501 687 1586 biginti
712 1500 910 1586 quadtuer:
936 1501 980 1570 da
1008 1502 1169 1588 partibus
1192 1503 1342 1569 orientis
1365 1503 1436 1570 fine
1457 1501 1633 1588 episcopio
1649 1500 1879 1588 salernitano,
1895 1508 1980 1570 sunt
1997 1501 2080 1570 inde
2096 1505 2190 1589 passi
2209 1503 2404 1589 sexaginta

555 1651 758 1737 quadtuer:
784 1653 831 1721 da
855 1653 1019 1740 partibus
1041 1653 1190 1720 meridie
1214 1654 1283 1721 fine
1301 1657 1374 1740 bia,
1390 1661 1473 1724 sunt
1486 1655 1567 1724 inde
1583 1657 1678 1742 passi
1697 1653 1873 1740 undecim3
1886 1655 1932 1722 da
1949 1654 2112 1740 partibus
2127 1655 2322 1724 occidentis
2338 1654 2406 1722 fine

559 1807 764 1893 dominica,
788 1814 873 1874 sunt
896 1806 979 1875 inde
1001 1811 1095 1895 passi
1121 1811 1348 1896 septuaginta
1375 1813 1459 1876 tres.
1489 1807 1572 1876 Alia
1598 1809 1699 1893 pecie
1726 1804 1770 1876 de
1795 1812 1892 1876 terra
1917 1825 1996 1874 eum
2020 1809 2166 1875 arbusto
2190 1807 2344 1875 bitatum
2368 1811 2405 1876 et

559 1957 644 2024 abet
670 1957 875 2025 cannietum
899 1962 933 2024 et
956 1959 1189 2027 castanietum
1221 1977 1291 2027 uno
1320 1960 1476 2028 teniente
1504 1961 1623 2047 ibique
1651 1960 1688 2027 in
1716 1961 1873 2048 predicte
1900 1961 2014 2030 leeum
2044 1961 2255 2031 mtseianum
2278 1981 2341 2049 per
2365 1979 2406 2032 ec

554 2106 640 2175 finis
664 2113 700 2177 et
724 2109 914 2176 mensurie:
939 2109 986 2176 da
1009 2111 1170 2194 partibus
1194 2109 1343 2178 meridie
1366 2111 1437 2180 fine
1460 2112 1640 2199 bia,·sunt
1663 2111 1747 2182 inde
1772 2114 1867 2200 passi
1891 2116 2014 2182 nobem
2033 2120 2069 2182 et
2084 2113 2250 2202 gubitum
2273 2132 2401 2201 unum;

556 2259 603 2328 da
627 2261 790 2346 partibus
813 2261 1006 2329 occidentis
1029 2262 1099 2328 tine
1122 2262 1296 2348 episcopie
1319 2263 1551 2350 salernitane,
1578 2269 1662 2333 sunt
1687 2264 1770 2332 inde
1786 2267 1885 2350 passi
1906 2265 2036 2352 biginti
2055 2284 2132 2350 sex,
2149 2271 2186 2334 et
2202 2265 2418 2334 rebolbente

554 2395 591 2478 in
620 2413 699 2498 ipsa
722 2431 806 2498 pars
828 2413 1020 2480 occidentis
1045 2431 1106 2499 per
1131 2413 1207 2498 ipsa
1230 2414 1300 2480 fine
1325 2417 1417 2500 passi
1434 2434 1509 2501 sex,
1530 2435 1637 2502 quam
1654 2425 1690 2486 et
1708 2417 1909 2486 rebolbente
1933 2420 1972 2485 in
1997 2437 2081 2504 pars
2103 2415 2404 2504 septemtrionalis
2447 2389 2454 2398 ’

555 2585 620 2652 per
644 2567 732 2633 fines
756 2572 792 2634 et
814 2567 1005 2653 mensurie,
1030 2571 1066 2633 et
1089 2566 1233 2634 abiente
1257 2585 1319 2652 per
1343 2568 1414 2634 fine
1438 2569 1606 2636 domnica
1630 2575 1714 2636 sunt
1738 2568 1820 2637 inde
1844 2569 1939 2655 passi
1963 2569 2215 2656 septuaginta,
2233 2577 2268 2637 et
2289 2571 2406 2637 rebel·

558 2719 665 2787 bente
684 2718 785 2803 quasi
802 2720 841 2786 iu
858 2738 940 2805 pars
955 2718 1147 2787 occidentis
1164 2739 1225 2804 per
1240 2719 1316 2806 ipsa
1329 2720 1400 2787 fine
1412 2723 1505 2806 passi
1520 2721 1653 2806 decem,
1669 2720 1799 2789 iterum
1815 2721 2016 2789 rebelbente
2032 2721 2068 2788 in
2083 2721 2243 2808 partibus
2256 2729 2407 2808 septem·

556 2868 724 2938 trienalis
747 2886 810 2956 per
834 2871 912 2967 ipsa
935 2871 1006 2937 fine
1029 2877 1114 2939 sunt
1136 2873 1229 2958 passi
1253 2871 1506 2957 qnadraginta.
1532 2871 1577 2938 da
1601 2873 1679 2956 ipsa
1702 2889 1786 2956 pars
1809 2871 2109 2957 septemtrionalis
2132 2872 2203 2939 fine
2226 2873 2307 2957 ripa
2331 2889 2408 2940 ma-

555 3019 644 3108 iore,
668 3040 737 3108 que
760 3026 814 3090 est
837 3042 859 3090 a
881 3040 987 3108 super
1002 3023 1078 3108 ipso
1094 3023 1193 3088 ribus
1208 3021 1354 3097 siceum,
1373 3027 1457 3088 sunt
1475 3021 1556 3088 inde
1572 3023 1667 3106 passi
1684 3023 1906 3109 octuaginta:
1925 3023 1971 3090 da
1985 3023 2148 3109 partibus
2163 3021 2316 3089 orientis
2332 3022 2404 3092 fine

559 3176 618 3242 bia
633 3178 734 3252 eaba,
754 3181 839 3244 sunt
855 3177 938 3245 inde
954 3178 1050 3263 passi
1066 3179 1256 3262 sexaginta
1271 3195 1395 3264 unum,
1413 3183 1448 3244 et
1464 3173 1664 3245 rebolbente
1682 3175 1721 3240 in
1737 3176 1899 3260 partibus
1915 3175 2106 3243 occidentis
2122 3193 2184 3262 per
2201 3175 2273 3242 tine
2285 3176 2404 3243 saneti

556 3326 748 3396 salbatoris
770 3331 854 3396 sunt
876 3328 960 3397 inde
982 3329 1225 3415 quadraginta
1248 3346 1325 3414 sen,
1349 3335 1384 3396 et
1408 3327 1611 3396 rebolbente
1635 3329 1673 3394 in
1698 3329 1860 3414 partibus
1883 3326 2034 3396 meridie
2055 3345 2118 3413 per
2136 3328 2215 3413 ipsa
2231 3327 2302 3394 fine
2319 3335 2405 3395 snut

561 3477 647 3546 inde
670 3479 765 3566 passi
791 3480 911 3547 decem
934 3483 970 3548 et
992 3481 1117 3549 nobem
1141 3485 1177 3547 et
1198 3481 1324 3566 gubita
1347 3477 1432 3566 dua3
1456 3481 1584 3548 iterum
1602 3476 1804 3546 rebolbente
1821 3479 1859 3545 in
1875 3476 2040 3564 partibus
2056 3477 2299 3564 peripsafine
2314 3482 2400 3545 sunt

553 3633 654 3720 passi
678 3619 925 3719 quadraginin
948 3650 1035 3718 sex,
1069 3635 1108 3699 et
1144 3629 1346 3698 rebelbente
1370 3632 1408 3697 in
1432 3649 1516 3716 pars
1538 3629 1684 3698 meridie
1707 3647 1770 3717 per
1795 3627 1872 3716 ipsa
1896 3627 1956 3696 bia
1980 3630 2070 3697 eaba
2084 3633 2177 3696 sunt
2200 3628 2283 3696 inde
2306 3630 2404 3715 passi

557 3783 806 3871 quadraginta
830 3801 906 3869 sex,
930 3788 967 3850 et
978 3781 1182 3850 rebolbente
1206 3783 1244 3847 in
1268 3781 1434 3866 partibus
1457 3778 1649 3848 occidentis
1670 3795 1733 3866 per
1756 3779 1827 3846 flue
1843 3777 1904 3847 bia
1918 3783 2004 3847 sunt
2027 3777 2110 3847 inde
2132 3779 2226 3866 passi
2250 3779 2404 3865 quadra·

552 3938 660 4024 ginta
687 3940 781 4021 octe,
806 3942 841 4003 et
864 3933 1069 4002 rebolbente
1094 3935 1133 4000 in
1157 3934 1321 4018 partibus
1343 3933 1613 4019 septemtrionis
1628 3949 1692 4019 per
1715 3931 1786 4000 tine
1800 3931 1933 4016 tuaque
1949 3929 2089 4002 raidelit
2104 3937 2188 3998 sunt
2206 3929 2289 4000 inde
2303 3931 2401 4018 passi

561 4087 833 4173 quinquaginta
857 4087 1014 4172 quinque
1037 4090 1073 4152 et
1095 4085 1259 4172 gubitum
1284 4101 1411 4171 unum,
1434 4090 1469 4150 et
1492 4085 1694 4152 rebotbente
1713 4084 1750 4150 in
1768 4085 1931 4170 partibus
1942 4083 2143 4151 occidentis
2158 4101 2220 4170 per
2236 4085 2315 4170 ipsa
2331 4081 2402 4152 tine

562 4237 702 4322 tuaque
726 4235 865 4305 raidelfi
889 4240 974 4304 sunt
996 4235 1080 4304 inde
1102 4236 1198 4323 passi
1221 4235 1355 4322 decem,
1380 4242 1415 4303 et
1438 4233 1638 4302 rebelbente
1663 4233 1881 4319 inpartibus
1899 4233 2303 4321 meridieperipsaflne
2326 4237 2405 4304 tua·
2466 4247 2470 4252 '

555 4405 631 4475 que
655 4386 796 4457 raideltt
819 4393 904 4456 sunt
926 4387 1010 4455 inde
1032 4387 1126 4474 passi
1150 4387 1284 4474 decem,
1308 4393 1344 4456 et
1368 4385 1573 4454 rebelbente
1596 4387 1634 4451 in
1658 4385 1821 4472 partibus
1845 4385 1994 4453 meridie
2013 4403 2074 4472 per
2091 4388 2170 4472 ipsa
2185 4387 2257 4453 fine
2271 4393 2308 4454 et
2323 4403 2404 4454 eon·

561 4543 760 4628 iungentes
785 4539 820 4606 in
844 4539 983 4629 priores
1006 4539 1096 4606 fines
1119 4545 1203 4608 sunt
1225 4539 1308 4610 inde
1331 4537 1425 4625 passi
1449 4539 1713 4626 quinquaginta
1736 4539 1835 4626 duos,
1853 4543 1965 4606 totum
1982 4537 2028 4608 ad
2044 4541 2136 4607 iusto
2151 4556 2295 4626 passum
2320 4543 2408 4610 emi·

556 4694 614 4762 nis
641 4696 898 4762 mensuratum.
925 4695 974 4762 Ee
997 4695 1081 4762 bero
1103 4695 1210 4763 rebus
1234 4713 1297 4780 per
1322 4693 1487 4762 iamdiete
1502 4693 1585 4760 finis
1601 4697 1637 4760 et
1652 4691 1831 4760 mensurie
1853 4697 1889 4760 et
1912 4697 2016 4762 extra
2040 4693 2115 4780 ipse
2129 4691 2226 4778 fluis,
2245 4693 2406 4761 ubicum-

556 4867 625 4934 que
650 4845 781 4917 exinde
804 4847 847 4914 de
872 4848 977 4914 rebus
1001 4852 1124 4916 nostra
1147 4848 1316 4915 inbentus
1339 4848 1462 4934 fuerit,
1480 4845 1578 4932 ‚qued
1601 4843 1777 4914 nobis'est
1803 4846 2022 4932 pertinentes
2036 4847 2149 4914 abere·
2162 4864 2225 4932 per
2241 4845 2404 4930 qualibet

558 5001 747 5086 rationem,
774 5007 885 5068 tetum
909 5004 946 5068 et
968 5000 1130 5068 inolitum
1154 5019 1236 5067 eum
1259 5000 1381 5069 emnia
1397 4999 1491 5067 intre
1506 5016 1545 5066 se
1559 4999 1749 5068 abentibus
1763 4997 1998 5085 omnibusque
2013 4999 2086 5066 suis
2104 4999 2348 5086 pertinentiis,
2366 5011 2405 5069 et

556 5171 638 5220 cum
665 5152 742 5219 biee
765 5154 808 5220 de
833 5153 907 5221 biis.
924 5151 999 5220 suis
1020 5155 1057 5219 et
1079 5153 1173 5218 omni
1200 5151 1275 5240 ipsa
1299 5153 1498 5222 monimina
1513 5153 1597 5222 inde
1613 5151 1834 5239 pertinentes
1849 5156 1955 5240 atque
1970 5152 2211 5238 continentes,
2230 5151 2314 5220 iltut
2331 5152 2398 5220 tibi

558 5307 720 5394 predicto
742 5307 881 5375 raidettt
904 5305 1245 5392 donabimusatque
1267 5310 1307 5375 at
1328 5323 1467 5392 semper
1491 5305 1667 5375 abendum
1691 5304 2007 5392 confirmabimus,
2030 5309 2070 5374 at
2090 5307 2264 5408 securiter
2286 5311 2324 5374 et
2345 5307 2406 5374 itr-

558 5459 664 5527 miter
689 5459 811 5528 amede
834 5465 871 5528 et
893 5477 1031 5546 semper
1054 5463 1152 5527 tuot
1175 5459 1249 5526 tuis
1271 5459 1436 5528 eredibus
1459 5457 1541 5529 ittet
1563 5459 1755 5546 abendam,
1780 5457 2052 5545 dominandum,
2076 5458 2402 5545 possidendumat·

557 5630 628 5699 que
651 5615 773 5681 emnia
795 5614 925 5682 exinde
949 5612 1149 5682 faciendum
1171 5611 1264 5700 qued
1288 5599 1487 5696 bolueritis‚
1510 5613 1643 5699 absque
1658 5611 1755 5678 omni
1772 5567 2182 5698 contrarietate'nestra,
2200 5629 2307 5698 quam
2322 5629 2402 5698 pre·

557 5767 648 5836 dieti
673 5767 727 5834 vir
753 5773 788 5838 et
811 5785 902 5836 uxor
926 5773 963 5836 et
986 5768 1029 5836 de
1052 5770 1107 5835 sui
1132 5767 1298 5835 eredibus
1320 5771 1383 5836 aut
1404 5763 1571 5851 cuiquam
1594 5761 1785 5851 ominibus3
1809 5767 1846 5832 et
1869 5779 1933 5847 pro
1955 5761 2199 5866 eonfirmanda
2213 5767 2250 5832 et
2265 5763 2406 5833 stabili-
