5408 7108
1228 505 1408 580 CODEX
1446 506 1716 582 GAVENSIS

1355 885 1611 967 MXLIX.

1328 1183 1384 1258 A.
1410 1183 1464 1260 D.
1491 1181 1616 1261 1045.

586 1420 622 1560 †
646 1472 686 1537 In
709 1472 852 1541 nomine
876 1471 1012 1540 domini
1038 1469 1208 1541 vicesimo
1233 1471 1385 1560 septimo
1407 1491 1503 1544 anno
1527 1475 1752 1562 principatus
1775 1474 1911 1544 salerni
1929 1473 2051 1542 domni
2067 1473 2181 1544 nostri
2198 1475 2393 1564 guaimarii

539 1621 687 1710 gloriosi
712 1623 900 1714 principis,
924 1631 960 1695 et
983 1625 1131 1712 septimo
1156 1641 1252 1694 anno
1276 1626 1500 1712 principatus
1523 1625 1601 1694 eius
1624 1644 1748 1714 capue,
1765 1630 1802 1696 et
1829 1629 1932 1695 sexto
1955 1625 1979 1711 ¹)
2003 1643 2100 1696 anno
2123 1626 2274 1695 ducatus
2298 1627 2401 1696 illius

539 1777 680 1849 amalfis
703 1783 740 1848 et
763 1781 972 1867 eirrentum,
996 1783 1033 1848 ct
1056 1779 1163 1847 tertio
1186 1782 1212 1862 ²)
1236 1797 1331 1848 anno
1354 1779 1678 1867 suprascriptorum
1701 1779 1969 1869 principatuum
1992 1787 2028 1851 et
2051 1781 2246 1851 ducatuum
2277 1783 2396 1852 domni

540 1932 664 2021 gisulfi
687 1933 765 2000 eius
787 1930 857 2002 filii
880 1933 1004 2000 eximii
1030 1933 1207 2020 principis
1230 1935 1267 2000 et
1289 1932 1412 2012 ducis,
1438 1935 1475 2000 et
1498 1933 1651 2001 secundo
1675 1949 1771 2002 anno
1793 1933 1945 2004 ducatus
1969 1931 2112 2002 illorum
2135 1934 2256 2021 apulie
2279 1939 2315 2003 ct
2337 1954 2399 2005 ca-

539 2086 656 2158 labrie
679 2089 718 2174 ¹),
742 2103 864 2154 mense
888 2094 1057 2176 augusto,
1084 2086 1336 2156 tertiadecima
1365 2086 1575 2156 indictione.
1607 2089 1893 2156 Memoratorium
1926 2087 2059 2156 sactum
2086 2108 2109 2157 a
2134 2107 2191 2156 me
2220 2087 2400 2156 martinus

540 2243 760 2329 monachus,
785 2260 825 2310 eo
849 2241 942 2329 quod
964 2247 1048 2310 ante
1074 2243 1255 2329 presentia
1279 2241 1440 2310 ademari
1463 2241 1584 2308 comiti
1614 2247 1650 2309 et
1679 2240 1789 2310 iudici
1819 2258 1882 2327 per
1904 2239 2192 2310 convenientiam
2225 2261 2334 2328 quam
2359 2247 2399 2310 et

536 2414 599 2484 per
623 2396 815 2466 iussionem
838 2397 958 2464 domni
982 2397 1132 2466 iohanni
1158 2396 1356 2466 venerabili
1380 2395 1503 2466 abbati
1528 2395 1733 2464 monasterii
1758 2399 1881 2464 sancte
1904 2396 2002 2482 souc,
2027 2394 2120 2492 quod
2146 2399 2391 2464 constructum

534 2555 590 2620 cst
615 2552 713 2620 intus
735 2553 830 2620 hanc
853 2549 1114 2622 salernitanam
1137 2551 1334 2637 civitatem,
1365 2567 1439 2618 una
1456 2568 1535 2617 cum
1566 2549 1739 2618 iohannes
1768 2548 1921 2617 clericus
1947 2593 2143 2616 ......
2179 2551 2394 2620 monasterii

538 2703 586 2771 ad
610 2703 843 2774 laborandum
866 2703 1081 2772 tradidimus
1105 2702 1252 2772 iohanni
1276 2701 1368 2770 liber
1398 2703 1501 2768 homo
1532 2701 1605 2768 filio
1634 2701 1804 2788 colopetri
1833 2703 1870 2769 et
1898 2701 2075 2770 abitatorc
2108 2701 2251 2770 deloco
2281 2709 2394 2790 caput

544 2859 650 2946 aquis
665 2861 764 2926 intus
781 2858 887 2925 rebus
910 2856 1149 2944 pertinentem
1174 2857 1288 2943 ipsius
1311 2854 1536 2940 monasterii,
1555 2855 1609 2924 vel
1628 2857 1665 2920 in
1683 2855 1798 2922 locum
1816 2857 1989 2943 ragittum
2006 2855 2051 2925 ad
2067 2861 2230 2925 sanctum
2236 2905 2396 2926 .....

539 3009 585 3078 ad
609 3007 845 3079 laborandum
868 3009 903 3078 ei
926 3009 1137 3079 tradidimus
1160 3028 1223 3096 pro
1247 2971 1349 3096 parte
1371 3011 1609 3096 suprascripti
1634 3011 1843 3078 monasterii
1867 3011 2052 3098 integram
2075 3014 2153 3099 ipsa
2177 3016 2283 3081 rebus
2315 3034 2396 3101 per-

537 3162 712 3231 tinentem
736 3164 779 3230 de
804 3161 1046 3250 suprascripto
1069 3161 1284 3230 monasterio
1308 3161 1352 3228 de
1375 3162 1495 3230 eodem
1522 3160 1620 3249 loco,
1645 3162 1800 3249 qualiter
1830 3165 1870 3231 in
1901 3151 2017 3249 ipsum
2048 3167 2306 3235 monasterium
2338 3177 2393 3237 est

538 3317 777 3404 pertinentem
800 3334 863 3404 per
886 3314 1062 3386 cartulam
1086 3315 1291 3383 assertionis
1306 3333 1329 3383 a
1347 3319 1448 3404 parte
1471 3313 1627 3383 eiusdem
1656 3361 1665 3378 .
1694 3364 1703 3382 .
1732 3363 1740 3378 .
1768 3366 1776 3383 .
1801 3316 2050 3384 confirmatam
2075 3317 2182 3385 babet
2206 3317 2245 3383 in
2273 3317 2390 3403 ipsum

540 3470 809 3558 monasterium,
835 3473 871 3538 et
895 3469 989 3537 omni
1014 3475 1172 3558 tempore
1195 3469 1270 3557 ipse
1295 3471 1466 3538 iohannes
1490 3473 1525 3537 et
1555 3468 1646 3536 filios
1676 3471 1713 3536 et
1741 3467 1889 3536 herodas
1912 3485 1994 3536 suos
2027 3469 2063 3534 in
2094 3470 2174 3555 ipsa
2199 3471 2306 3538 rebus
2328 3470 2389 3539 do·

536 3627 618 3697 beat
641 3627 796 3695 residere
819 3631 856 3696 et
879 3625 1019 3696 abitare
1044 3645 1126 3693 cum
1150 3626 1247 3692 omni
1272 3643 1383 3694 causa
1410 3643 1487 3711 sua,
1513 3631 1550 3691 et
1572 3629 1647 3692 tota
1671 3623 1749 3710 ipsa
1773 3621 2111 3691 rebus‘annualiter
2127 3628 2212 3710 apto
2228 3627 2387 3712 tempore

536 3781 701 3851 laborare
726 3780 802 3867 ipse
825 3781 999 3850 iohannes
1022 3779 1234 3850 hordinatus
1261 3779 1410 3866 predicti
1434 3778 1641 3848 monasterii
1658 3783 1694 3847 et
1709 3795 1789 3846 suos
1813 3777 1904 3846 tilios
1927 3783 1963 3844 et
1979 3777 2102 3846 eredes
2125 3783 2298 3847 maneant
2315 3783 2383 3848 sub

537 3933 779 4003 defensionem
802 3935 1036 4022 suprascripti
1060 3935 1280 4021 monasterii,
1303 3939 1340 4002 et
1362 3950 1433 4000 non
1455 3935 1562 4003 abeat
1584 3931 1696 4002 alium
1720 3932 1896 4001 seniorem
1920 3931 1993 4001 nisi
2019 3935 2136 4020 ipsum
2152 3932 2305 4002 domnus
2321 3936 2383 4003 ab·

543 4090 609 4158 bas
632 4091 669 4157 et
691 4107 910 4158 successores
933 4107 1028 4178 suos,
1052 4094 1088 4158 et
1112 4107 1194 4176 pars
1216 4088 1368 4175 predicti
1393 4089 1599 4158 monasterii
1623 4094 1658 4158 et
1673 4090 1820 4176 eiusque
1843 4093 2012 4177 rectores,
2037 4095 2073 4158 et
2095 4105 2168 4157 non
2191 4090 2299 4158 abeat
2321 4108 2382 4175 po·

531 4247 698 4314 testatem
723 4245 825 4312 exire
848 4245 891 4313 de
911 4245 995 4330 ¹ipsa
1024 4247 1130 4312 rebus
1158 4244 1445 4324 adabitandum
1476 4247 1555 4313 sine
1587 4243 1768 4312 licentiam
1798 4248 1833 4310 et
1862 4243 2083 4330 apsolutione
2113 4243 2227 4330 ipsius
2261 4245 2381 4312 domni

531 4399 672 4469 abbatis
695 4406 731 4468 et
753 4399 797 4467 de
819 4401 897 4467 eius
920 4417 1148 4467 successores.
1173 4399 1273 4466 Unde
1298 4400 1335 4466 in
1359 4415 1400 4465 eo
1425 4397 1540 4465 tinore
1563 4415 1625 4484 per
1650 4395 1903 4465 convenientia
1926 4397 2061 4483 guadia
2085 4399 2186 4465 nobis
2203 4397 2285 4465 dedi
2304 4397 2380 4484 ipse

532 4553 714 4621 iohannes
738 4572 801 4638 pro
825 4554 928 4638 parte
944 4549 1077 4618 exdicti
1101 4549 1309 4618 monasterii
1334 4555 1369 4616 et
1385 4549 1626 4617 fideiussorem
1650 4548 1753 4615 nobis
1776 4547 1894 4635 posuit
1918 4550 2097 4634 seipsum;
2123 4557 2159 4618 et
2176 4568 2239 4636 per
2265 4551 2379 4636 ipsam

527 4707 701 4795 guadiam
725 4711 793 4774 etc.
820 4708 968 4774 Statutc
992 4706 1108 4771 mrdtc
1130 4702 1391 4789 quinquaqinta
1414 4705 1501 4772 curi
1517 4703 1711 4772 solidorum
1732 4706 2118 4773 constantinicoorum.
2136 4703 2234 4780 Quod
2250 4703 2382 4790 scripsi

528 4881 596 4950 ego
622 4863 797 4930 iohannes
820 4862 941 4928 scriba
965 4859 1028 4946 qui
1053 4859 1213 4927 interlui.

574 4987 605 5108 †
630 5017 704 5100 Ego
727 5013 790 5102 qui
816 5033 926 5101 supra
951 5012 1112 5082 ademari
1136 5011 1259 5082 iudex.

525 5332 900 5347 ἡ

566 5579 589 5656 ¹)
611 5579 723 5658 Lege:
747 5580 894 5658 septimo.

565 5717 591 5803 ²)
613 5732 741 5807 priario.
819 5765 821 5773 ,

569 5873 597 5956 ¹)
621 5874 735 5937 Tertio
759 5892 845 5936 anno
869 5872 1007 5936 ducatus
1030 5871 1189 5938 calabrie.
