5402 7088
919 1163 951 1194 ht

1060 587 1406 668 Muuonannnun

1099 867 1220 931 ltomen

1144 1002 1181 1060 et

1030 1127 1113 1191 Anni
1127 1125 1295 1210 Principis

561 2056 641 2120 roan
679 2065 812 2127 Octobri
916 2063 962 2124 Xl
1034 2077 1085 2140 25.
1111 2077 1290 2136 onumen

559 2638 639 2700 1042
676 2645 808 2713 Octobri

560 4923 653 5032 1043}
679 4955 831 5018 Ianuario

564 5609 646 5674 1043
682 5616 837 5678 Ianuario

918 2645 965 2704 XI

921 4953 968 5016 XI

921 5618 968 5680 XI

1039 2657 1092 2718 25.
1113 2658 1292 2719 Gunruanu

1034 3159 1086 3220 25.
1111 3156 1292 3221 Guaruanu

1035 3974 1089 4038 25.
1113 3973 1294 4040 Gunruann

1036 4467 1089 4530 25.
1113 4465 1294 4530 Guaruamr

1036 4937 1089 5000 25.
1116 4935 1295 5001 Guaruaan

1030 5605 1091 5672 95.
1119 5607 1296 5672 Gumuanu

1796 785 2229 822 m

1400 1017 1610 1085 membranae
1633 1017 1850 1083 Summarium

1351 1419 1441 1473 extra
1464 1411 1652 1486 Salernum,
1676 1412 1732 1474 ubi
1749 1413 1909 1476 Andrella

1351 1505 1513 1574 vocatur,
1547 1501 1696 1582 possidet
1728 1497 1909 1559 Landema-

1351 1577 1422 1640 rius
1446 1582 1575 1658 Comes,
1601 1587 1689 1650 filius
1712 1602 1767 1662 qu.
1791 1582 1909 1644 Moral-

1351 1661 1393 1730 di,
1417 1665 1565 1732 Mansoni
1589 1679 1623 1734 et
1651 1672 1752 1732 Leoni
1784 1673 1909 1733 eomiti-

1350 1742 1413 1810 bus
1436 1750 1514 1812 illiis
1549 1774 1604 1834 qu.
1637 1754 1826 1834 Mansonis,
1851 1757 1906 1834 qui

1350 1835 1530 1912 Launegild
1555 1839 1663 1902 eidem
1692 1835 1907 1900 Landemario

1350 1917 1429 1981 dant
1450 1939 1508 2001 pro
1533 1929 1667 2002 accepta
1689 1919 1877 1984 donatione.
1963 1901 2008 1965 ῙΧ
2066 1901 2108 1964 ¹4
2163 1897 2226 1960 Μ

1392 2084 1543 2149 Alferius
1569 2086 1677 2150 Abbas
1708 2086 1742 2149 S.
1776 2085 1907 2149 Maximi

1350 2185 1412 2246 per
1434 2170 1548 2247 viginti
1571 2176 1604 2230 et
1629 2189 1746 2230 novem
1777 2187 1906 2240 annos.

1352 2255 1472 2312 terram
1508 2251 1615 2313 dietae
1648 2252 1821 2314 Ecclesiae
1855 2273 1909 2316 co-

1352 2332 1484 2395 lendam
1497 2337 1598 2397 tradit
1614 2334 1750 2396 Arnolio
1767 2334 1835 2397 lilio
1848 2355 1906 2415 qu.

1350 2413 1611 2560 Lolaonnisuureo
1644 2425 1761 2480 tareno
1798 2437 1907 2480 annuo
1961 2482 2008 2544 IX
2067 2477 2108 2542 15
2165 2473 2227 2537 214

1392 2663 1535 2727 Ioannes
1569 2665 1657 2727 filius
1689 2683 1746 2746 qu.
1775 2663 1907 2727 Ioannis

1351 2747 1555 2826 Scaldafolia
1576 2755 1703 2818 terras,
1728 2765 1811 2826 quas
1833 2767 1910 2828 pos-

1352 2831 1439 2892 sidet
1460 2830 1494 2889 in
1523 2836 1634 2892 monle
1668 2831 1839 2892 Moimano
1874 2831 1906 2892 in

1354 2912 1426 2975 loco
1457 2913 1626 2984 Paterno,
1650 2913 1763 2974 vendit
1793 2913 1907 2975 Ioanni

1351 2994 1545 3077 presbytero
1568 2996 1690 3058 tarenis
1714 2995 1785 3056 auri
1806 3002 1892 3059 octo.
1963 2979 2008 3040 ῙΧ
2067 2971 2108 3038 16
2165 2966 2227 3028 2¹5

1394 3161 1570 3224 Concessio
1584 3163 1828 3243 inperpetuum
1843 3164 1910 3220 tor-

1352 3262 1489 3315 rarum.
1514 3262 1595 3320 quas
1619 3245 1704 3324 apud
1728 3239 1909 3306 Nuceriam

1354 3326 1387 3387 in
1411 3327 1484 3389 loco
1506 3329 1691 3398 Floreano,
1715 3327 1773 3389 ubi
1800 3323 1906 3402 Gorpo

1353 3410 1388 3470 dt
1410 3409 1504 3487 Lupo
1527 3410 1658 3476 dieitur.
1677 3401 1826 3490 possidet
1841 3407 1907 3468 Ma·
1948 3451 1951 3461 .

1353 3488 1529 3554 chenolfus
1558 3492 1759 3556 Maohenolfi
1790 3488 1907 3563 lilius,

1352 3577 1452 3637 Petro
1476 3581 1510 3637 et
1531 3575 1645 3636 Ioanni
1670 3573 1749 3634 liliis
1775 3573 1909 3634 Garoia-

1352 3657 1399 3728 li,
1423 3659 1479 3736 qui
1511 3663 1681 3736 praestare
1713 3655 1910 3736 promittunt

1354 3737 1463 3800 eidem
1497 3739 1705 3802 Machenolfo
1742 3739 1909 3799 fruetuum

1352 3819 1579 3884 medietatem.
1963 3811 2011 3874 IX
2069 3797 2109 3862 17
2168 3790 2231 3855 216

1392 3985 1520 4048 Momus
1543 3984 1758 4048 medietatem
1783 3983 1854 4046 vini
1876 3989 1911 4046 ot

1352 4067 1463 4130 solarii
1486 4068 1608 4148 accipit
1630 4069 1669 4130 ad
1688 4066 1909 4129 excolendum

1352 4149 1540 4227 praedium,
1565 4152 1651 4228 quod
1663 4150 1729 4211 Leo
1752 4149 1910 4212 diaeonus

1355 4231 1390 4293 S.
1414 4232 1545 4297 Maximi
1569 4233 1603 4293 in
1617 4232 1820 4294 beneficium
1836 4249 1912 4313 pos-

1354 4311 1443 4376 sidet
1464 4317 1497 4377 in
1521 4314 1592 4376 loco
1616 4317 1831 4397 Apusmonte.
1965 4303 2011 4369 IX
2068 4296 2110 4364 18
2166 4283 2230 4349 218
2308 4357 2311 4362 ¹

1396 4477 1521 4543 Divisio
1544 4485 1708 4543 terrarum
1732 4477 1817 4556 apud
1835 4475 1913 4540 Gor-

1354 4558 1483 4635 borum,
1503 4561 1619 4624 ubido
1640 4566 1673 4626 lo
1700 4562 1849 4625 Vettrino
1865 4562 1914 4624 di-

1355 4641 1464 4716 eitur,
1493 4643 1674 4707 ldaraldum
1708 4651 1741 4707 et
1777 4646 1912 4706 Leotar-

1355 4722 1433 4785 dum
1456 4727 1575 4787 fratres
1598 4728 1698 4798 inter,
1718 4733 1752 4789 et
1774 4729 1910 4789 Petrum

1336 4804 1516 4886 ‚clericum
1540 4809 1647 4871 filium
1670 4829 1726 4890 qu.
1749 4810 1839 4873 Ursi.
1965 4802 2012 4863 IX
2069 4794 2111 4857 19
2166 4788 2229 4853 ²¹⁹

1397 4969 1524 5032 Oblalio
1550 4971 1710 5036 bonorum
1741 4971 1850 5034 Allani
1880 4981 1912 5037 et

1355 5051 1524 5131 Purpureo
1548 5056 1621 5115 eius
1653 5059 1772 5118 viduae
1796 5056 1911 5117 Mona-

1355 5136 1457 5197 sterio
1490 5135 1629 5198 Sanctae
1666 5139 1837 5202 Trinitatis
1875 5142 1910 5202 in

1353 5215 1543 5278 Metelliana
1575 5219 1660 5280 valle
1689 5226 1909 5297 constructo;

1355 5317 1440 5378 quae
1465 5299 1598 5378 quidem
1614 5303 1700 5365 bona
1715 5309 1792 5364 sunt
1815 5304 1848 5364 in
1868 5307 1913 5366 lo·
2038 5307 2043 5317 '

1357 5400 1394 5443 eo
1415 5382 1603 5446 Tabellaria
1615 5385 1713 5460 dicto,
1731 5404 1832 5466 prope
1844 5387 1912 5449 Nu-

1316 5485 1318 5490 ·
1357 5466 1494 5526 ceriam.
1966 5459 2013 5520 IX
2068 5456 2111 5519 20
2167 5446 2227 5510 221

1390 5626 1647 5691 Instrumentum
1660 5631 1911 5714 permutationis

1357 5713 1492 5781 terrae,
1517 5728 1601 5786 quae
1627 5714 1730 5789 posita
1764 5719 1815 5774 est
1851 5713 1914 5774 To

1357 5791 1478 5858 sciant.
1502 5792 1557 5854 uhi
1584 5793 1748 5871 Gopersito
1764 5800 1911 5868 vocatur,

1360 5891 1434 5936 oum
1458 5873 1521 5935 alie
1543 5875 1666 5938 ibidem
1690 5877 1752 5938 sita
1784 5876 1817 5937 in
1840 5877 1911 5940 loeo
