5406 7090
1065 551 1226 626 SAEC.
1267 551 1340 624 Xll.
2055 551 2077 624 7

274 794 435 868 composa
462 774 612 847 tenendo
640 784 802 872 presente
830 776 840 847 i
868 777 966 874 519,
995 777 1056 864 20,
1075 777 1134 863 nt,
1163 776 1221 863 11,
1250 775 1309 863 23,
1330 775 1388 861 24,
1417 775 1464 848 25
1489 773 1543 844 del
1563 773 1718 848 Gomm.⁰
1736 773 1771 845 di
1791 772 1938 868 Origene
1958 797 2057 868 sopra
2089 775 2125 848 S.

276 929 416 1018 Matteo,
445 930 486 1003 ed
514 933 692 1007 essendosi
719 933 773 1030 poi
803 936 954 1010 adottata
971 959 1031 1031 per
1058 934 1189 1009 lenione
1216 958 1312 1008 sacra
1330 933 1363 1007 ri
1391 933 1428 1005 16
1455 955 1567 1004 messa
1593 930 1626 1005 16
1644 931 1783 1005 rubrica
1800 973 1850 986 -
1870 929 1995 1005 Ornelio
2016 933 2128 1032 Orige-

275 1091 329 1162 nir
345 1131 395 1148 -
411 1089 448 1163 Iu
476 1090 555 1185 ogni
583 1090 684 1163 modo
710 1092 767 1164 noi
793 1092 828 1166 la
854 1045 1106 1188 puhhliohiamo
1133 1094 1228 1168 nella
1254 1091 1529 1190 suaintegrita,
1558 1091 1682 1187 perche
1709 1093 1741 1164 oi
1768 1117 1870 1190 parve
1896 1091 2026 1165 inedita
2044 1115 2064 1164 6
2082 1093 2130 1164 61-

277 1271 380 1320 meno
406 1273 492 1344 pooo
518 1252 735 1336 conosoiuta.

572 1439 588 1478 6
617 1409 708 1485 011111
737 1412 889 1508 origenis
914 1413 957 1486 de
983 1413 1102 1488 eadem
1131 1413 1195 1486 lec.

328 1598 344 1636 6
374 1569 458 1642 Cum
485 1571 621 1644 cuidam
648 1571 859 1646 adolescenti
887 1595 923 1644 se
950 1573 1101 1668 cupienti
1130 1571 1226 1667 sequi
1253 1572 1398 1645 dixisset
1421 1571 1521 1644 lesus
1548 1573 1698 1644 vendere
1724 1573 1854 1660 omnia,
1883 1582 1917 1645 et
1944 1571 2003 1644 illc
2021 1571 2124 1647 abiis·

282 1758 298 1796 6
327 1737 380 1802 661
402 1728 538 1817 1616116,
567 1753 608 1802 66
634 1731 726 1824 quod
753 1730 892 1802 haberet
918 1730 1042 1803 multas
1061 1729 1308 1825 possessiones;
1336 1741 1420 1804 tuuc
1447 1732 1493 1804 ait
1519 1731 1701 1825 discipulis
1727 1731 1812 1802 suis:
1842 1695 2049 1802 amen⁰dico
2069 1754 2130 1803 vo·

283 1917 299 1956 6
328 1886 381 1960 bis
407 1888 496 1982 quod
523 1891 621 1963 dives
647 1887 783 1962 difficile
810 1888 951 1963 intrabit
978 1888 1012 1958 in
1040 1911 1184 1985 regnum
1211 1889 1401 1962 coelorum.
1428 1892 1501 1978 Quo
1527 1893 1645 1966 audito
1664 1899 1782 1987 petrus
1824 1890 1913 1963 dixit
1931 1890 1971 1962 ed
1990 1889 2121 1964 lesum:

285 2077 301 2115 1
331 2069 413 2120 6666
439 2072 502 2120 166
528 2049 734 2144 reliquimus
760 2048 875 2122 omnia
904 2059 939 2120 et
963 2047 1073 2121 secuti
1100 2073 1222 2122 sumus
1248 2059 1294 2124 te.
1324 2052 1413 2139 Quid
1445 2051 1565 2146 utique
1597 2054 1663 2126 6611
1697 2051 1826 2124 nobis?
1851 2060 1886 2124 et
1910 2051 1975 2125 hoc
2001 2052 2126 2146 poterit

287 2238 303 2276 6
333 2207 411 2302 quis
436 2217 471 2282 et
496 2208 702 2305 simpliciter
729 2209 948 2304 interpretari
976 2218 1010 2282 et
1035 2208 1223 2283 moraliter.
1252 2211 1316 2298 Qui
1343 2236 1426 2307 ergo
1454 2211 1658 2307 simpliciter
1692 2211 1887 2306 intelligere
1922 2209 2021 2298 vult,
2050 2210 2138 2284 talia·
2201 2305 2205 2312 .

288 2399 303 2436 6
333 2368 432 2441 dicit.
461 2368 560 2442 Sicut
587 2368 621 2438 in
649 2368 739 2442 datio
765 2391 834 2442 non
863 2369 975 2465 ipsum
1003 2371 1135 2456 datum,
1163 2372 1222 2442 scd
1251 2369 1411 2444 affectum
1438 2371 1551 2444 dantis
1578 2371 1701 2467 aspicit
1725 2370 1812 2443 deus
1838 2376 1876 2443 61
1898 2368 2076 2467 justificat,
2096 2379 2130 2443 et

287 2561 303 2598 n
333 2529 459 2602 melius
485 2529 632 2625 suscipit
657 2553 759 2625 parva
790 2529 892 2603 dante
919 2553 998 2601 cum
1026 2553 1150 2625 magno
1177 2527 1326 2617 affectu,
1359 2553 1461 2624 quam
1489 2553 1611 2624 magna
1637 2553 1678 2601 ex
1704 2528 1827 2602 affeetu
1853 2530 2001 2601 modico.
2031 2529 2129 2602 Sicut

288 2719 304 2756 6
333 2687 425 2760 enim
452 2686 674 2760 manifestum
701 2696 753 2758 est
779 2709 819 2757 ex
846 2685 913 2756 hiis
939 2709 1025 2782 quae
1051 2685 1251 2759 scribuntur
1277 2697 1415 2784 propter
1433 2689 1513 2760 data
1538 2688 1657 2760 divitis
1684 2711 1819 2784 magna,
1847 2696 1882 2759 et
1908 2689 1976 2760 duo
1997 2688 2130 2762 minuta

290 2877 306 2914 6
335 2847 474 2933 viduae,
502 2846 553 2918 sio
579 2854 614 2919 et
640 2847 675 2919 in
703 2845 771 2917 hiis
796 2845 854 2939 qui
883 2855 1019 2942 propter
1045 2848 1100 2919 dei
1126 2847 1350 2922 dilectionem
1377 2849 1557 2922 dimittunt
1582 2872 1669 2943 quae
1693 2849 1870 2945 possident
1896 2857 1933 2921 ut
1959 2850 2132 2944 insepara-

289 3039 305 3076 6
332 3007 414 3080 liter
438 3005 605 3080 christum
631 3015 848 3100 sequantur,
877 3008 992 3078 omnia
1017 3007 1207 3080 secundum
1235 3010 1379 3082 verbum
1406 3012 1481 3105 ejus
1516 3018 1685 3104 agentes,
1713 3032 1782 3081 non
1809 3008 1916 3104 magis
1941 3008 2134 3104 acceptabi-

290 3197 306 3234 1
335 3167 401 3240 1166
426 3167 504 3258 6611,
532 3168 590 3261 qui
617 3166 716 3262 plura
742 3165 947 3260 reliquerit,
977 3189 1017 3238 eo
1044 3167 1101 3260 qui
1131 3191 1234 3261 parva
1261 3167 1405 3239 dimisil.
1433 3167 1523 3262 Ergo
1561 3168 1590 3238 si
1627 3166 1771 3238 minima
1803 3177 1837 3239 et
1859 3165 2134 3261 contemptibilia

290 3358 305 3395 6
333 3335 449 3424 petrus
474 3351 553 3401 cum
580 3329 684 3401 116166
711 3351 774 3400 666
801 3325 944 3421 reliquit
968 3327 1166 3420 aliquando,
1196 3327 1390 3399 audientes:
1418 3327 1535 3398 venite
1560 3335 1639 3413 post
1659 3348 1713 3396 me
1731 3323 1907 3398 etfaciam
1935 3349 1996 3398 vos
2022 3329 2134 3420 pisca·

289 3519 305 3557 6
334 3497 427 3562 16166
453 3487 646 3576 hominum,
676 3487 791 3560 statim
818 3487 951 3561 relictis
978 3486 1108 3559 retibus
1136 3487 1246 3558 secuti
1274 3493 1355 3558 sunt
1379 3509 1470 3560 eum.
1500 3483 1569 3558 Sed
1596 3505 1667 3554 non
1695 3482 1838 3555 minima
1856 3491 1937 3556 sunt
1972 3483 2129 3556 estimato

293 3681 309 3717 6
338 3649 427 3745 apud
455 3647 572 3737 deum,
601 3647 842 3720 considerante
870 3669 976 3741 quum
1003 3669 1044 3717 ex
1069 3653 1164 3718 tanta
1189 3643 1405 3740 plenitudine
1431 3641 1629 3714 dilectionis
1655 3639 1715 3712 illa
1742 3639 1884 3712 minime
1901 3637 2135 3732 reliquerunt,

293 3841 308 3878 6
339 3821 376 3884 61
401 3808 503 3883 etiam
530 3811 559 3882 si
586 3805 940 3882 11161166116116166661
965 3805 1215 3901 possessiones,
1245 3801 1360 3876 omnia
1385 3800 1569 3874 sineduhio
1598 3799 1833 3894 reliquissent,
1854 3820 1918 3868 nec
1938 3796 1980 3871 ab
1997 3797 2049 3871 eis
2067 3797 2139 3871 ullo

294 4001 312 4043 ‹
342 3970 445 4044 modo
472 3971 610 4042 retenta
634 3967 809 4053 inissent,
839 3974 877 4038 ut
901 3962 1155 4061 impedirentur
1180 3962 1222 4034 ab
1247 3963 1379 4058 impetu
1402 3961 1600 4034 dilectionis
1627 3959 1840 4055 hujusmodi.
1868 3958 1911 4030 Et
1935 3966 2018 4055 puto
2047 3955 2138 4051 quod

295 4161 310 4197 o
340 4134 451 4227 magis
474 4127 651 4202 conlidens
676 4135 795 4223 petrus
822 4125 863 4196 de
890 4123 1014 4197 affectu
1043 4147 1127 4208 suo,
1156 4145 1258 4217 quam
1285 4123 1329 4194 de
1355 4123 1428 4217 ipsa
1454 4121 1643 4216 quantitate
1671 4142 1787 4192 rerum
1815 4117 2029 4202 relictarum,
2050 4115 2139 4188 fidu-

296 4322 312 4360 6
342 4293 477 4365 cialiter
502 4291 588 4364 dixit
613 4292 655 4362 ad
680 4291 818 4386 jesum:
848 4287 937 4359 11666
963 4307 1028 4359 666
1054 4284 1261 4378 reliquimus
1287 4285 1414 4369 omnia,
1443 4288 1477 4352 et
1503 4280 1639 4375 sequuti
1668 4301 1788 4351 sumus
1814 4287 1874 4364 te;
1904 4276 1987 4371 quid
2017 4276 2137 4370 utique

295 4481 311 4519 6
339 4454 405 4525 6111
427 4452 555 4525 nubis?
581 4472 797 4546 consequens
824 4457 939 4520 autem
964 4456 1018 4520 est
1050 4446 1166 4532 scire,
1194 4467 1300 4539 quum
1327 4467 1396 4514 non
1432 4441 1544 4514 solum
1573 4439 1683 4526 16116,
1714 4437 1774 4510 sed
1801 4438 1907 4510 etiam
1932 4436 2075 4509 domum
2102 4443 2138 4507 61

302 4643 317 4681 a
349 4635 489 4687 uxorem
517 4613 604 4685 16116
632 4609 773 4704 reliquit
797 4618 831 4682 61
858 4606 973 4693 filios,
1001 4615 1036 4678 et
1061 4603 1296 4700 possessiones
1321 4601 1484 4697 quasdam
1512 4601 1576 4672 etsi
1604 4620 1737 4718 parvas.
1763 4597 1926 4691 Magnum
1945 4593 2074 4688 aliquid
2101 4592 2144 4664 de

308 4806 324 4844 6
357 4781 570 4846 monstratur
596 4770 698 4844 etde
724 4780 820 4866 petro
847 4767 949 4840 etde
978 4764 1082 4836 116116
1110 4763 1232 4858 ipsius,
1262 4760 1319 4854 qui
1347 4758 1527 4831 audientes
1554 4757 1669 4829 venite
1695 4764 1771 4850 post
1797 4778 1852 4826 me
1876 4764 1911 4828 et
1936 4753 2060 4824 inciam
2080 4775 2142 4824 vos

309 4965 325 5002 6
354 4935 542 5031 piscatores
568 4931 761 5011 hominum3
790 4926 897 4999 nichil
925 4925 1116 5021 cogitantes
1142 4923 1256 4994 statim
1285 4917 1416 4990 relictis
1443 4913 1605 4989 omnibus
1626 4912 1738 4986 secuti
1758 4922 1840 4986 sunt
1856 4937 1948 4986 eum.
1971 4913 2043 4986 Neo
2062 4922 2144 4986 sunt

314 5127 329 5163 6
361 5092 483 5166 imitati
512 5114 592 5164 eum
619 5089 678 5183 qui
705 5088 803 5162 dixit:
824 5089 882 5160 sed
903 5086 1052 5182 primum
1079 5081 1240 5179 permitte
1256 5077 1340 5148 mihi
1359 5077 1409 5149 ire
1428 5075 1627 5150 renuntiare
1644 5073 1695 5146 616
1713 5071 1770 5168 qui
1790 5082 1872 5146 sunt
1891 5072 1926 5142 in
1945 5072 2060 5159 domo;
2080 5093 2145 5143 neo

314 5282 329 5320 6
361 5251 476 5326 6111116
504 5249 634 5344 aliquid
659 5249 819 5322 16661661
853 5245 884 5317 61
905 5244 963 5338 qui
994 5241 1094 5313 dixit:
1122 5238 1281 5335 permitte
1313 5235 1398 5309 mihi
1429 5235 1577 5330 primum
1609 5243 1647 5306 ut
1677 5255 1752 5305 eam
1778 5243 1812 5305 et
1831 5233 1993 5328 sepeliam
2012 5241 2143 5328 patrem

311 5435 326 5484 1
357 5433 485 5484 meum.
510 5408 553 5480 Et
579 5347 763 5503 diligenter
789 5405 928 5478 attende
954 5425 1060 5497 quum
1087 5396 1331 5472 honestissime
1356 5393 1510 5491 percussi
1538 5391 1657 5465 christi
1678 5401 1859 5488 praecepto
1886 5399 1923 5464 et
1946 5391 2146 5486 promissio-

309 5603 325 5638 6
355 5569 458 5642 nibus
483 5569 587 5664 ejus,
617 5576 650 5639 et
676 5567 860 5638 credentes
885 5583 991 5654 quum
1018 5557 1188 5630 modicam
1215 5565 1391 5651 capturam
1417 5553 1564 5650 piscium
1590 5550 1827 5644 relinquentes
1852 5549 2011 5623 homines
2037 5550 2146 5645 pisca-

312 5761 328 5796 «
357 5729 427 5803 turi
455 5729 593 5801 1661661
618 5725 660 5799 ad
687 5722 861 5808 salutem;
890 5719 1005 5792 statim
1033 5716 1166 5790 relictis
1191 5712 1335 5799 retibus,
1363 5708 2007 5807 6166661611111666161116111616111,
2035 5709 2146 5781 secuti

305 5917 321 5967 1
351 5899 433 5964 6661
459 5913 553 5973 eum;
582 5894 619 5959 ut
645 5885 741 5980 digni
768 5882 962 5955 efficiantur
989 5880 1051 5951 huc
1079 5871 1349 5968 interrogatione
1369 5893 1471 5965 quam
1498 5867 1581 5941 fecit
1597 5867 1729 5939 dicens:
1758 5890 1839 5939 ecce
1856 5889 1919 5940 nos
1940 5865 2146 5960 reliquimus
