5408 7108
638 479 711 555 ‘2⁶20
1267 489 1445 565 counit
1483 495 1750 570 cnvnltsts

591 712 687 775 socia
711 710 753 778 de
777 711 875 798 plain
898 714 940 782 de
965 716 1039 802 ipso
1063 723 1203 807 monte,
1227 722 1287 806 qui
1314 727 1368 790 est
1390 743 1412 793 a
1438 741 1520 810 pars
1543 721 1689 790 orientis
1712 723 1940 791 coniunctum
1962 740 2043 791 cum
2065 723 2137 791 dne
2162 723 2269 790 rebus
2290 719 2434 808 guisoni

591 861 777 944 presbiteri
795 872 830 932 et
846 867 980 954 abbati,
1005 871 1064 954 qui
1087 875 1141 938 est
1156 870 1199 939 de
1222 873 1308 958 pede
1332 873 1426 959 passi
1453 875 1616 942 undecim
1639 893 1720 942 cum
1743 875 1824 942 auri
1848 874 1920 943 tari
1944 893 2011 943 sex
2033 879 2069 942 et
2086 873 2243 962 qualiter
2268 872 2434 960 pervadit

587 1013 685 1081 socia
711 1011 747 1078 in
774 1013 848 1100 ipso
872 1025 989 1086 monte
1012 1021 1106 1089 etde
1124 1021 1200 1108 ipso
1215 1020 1286 1092 alio
1303 1024 1402 1110 plaiu
1420 1026 1463 1093 de
1477 1025 1551 1112 ipso
1567 1031 1696 1094 monte:
1714 1027 1879 1095 similiter
1897 1027 2126 1096 tradiderunt
2142 1025 2230 1094 mibi
2253 1044 2325 1094 una
2341 1023 2435 1093 socia

587 1185 612 1233 a
635 1183 720 1250 pars
743 1166 893 1237 orientis
908 1189 996 1259 erga
1013 1174 1102 1242 lines
1119 1175 1184 1262 ipsi
1203 1175 1368 1264 germani
1392 1195 1472 1244 cum
1489 1178 1582 1264 passi
1600 1197 1664 1245 sex
1680 1185 1715 1246 et
1733 1179 1901 1264 medium,
1918 1183 1954 1247 et
1970 1177 2126 1264 qualiter
2151 1175 2318 1263 pervadit
2340 1175 2435 1243 socia

585 1320 625 1384 in
651 1320 725 1404 ipso
749 1326 881 1408 monte,
899 1328 934 1392 et
950 1329 1166 1413 comprensit
1184 1332 1262 1420 ipsa
1278 1330 1373 1398 socia
1390 1329 1432 1398 de
1450 1332 1524 1416 ipso
1539 1331 1742 1399 insertitum
1761 1334 1909 1418 maiore,
1924 1350 1947 1399 a
1964 1340 2065 1417 parte
2082 1327 2232 1397 meridie
2249 1328 2320 1394 tine
2335 1327 2431 1394 simi·

550 1509 553 1516 ,
586 1465 670 1536 liter
695 1471 837 1556 guisoni
862 1477 1049 1558 presbiteri
1072 1482 1109 1544 et
1131 1479 1252 1546 abbati
1277 1481 1360 1548 abet
1385 1527 1393 1546 .
1415 1527 1430 1546 -.
1454 1502 1467 1548 ·.
1497 1530 1505 1548 .
1534 1530 1543 1548 .
1569 1469 1665 1569 passi
1689 1485 1780 1556 nobe
1804 1489 1840 1552 et
1855 1483 2011 1551 medium
2028 1484 2064 1550 et
2080 1483 2119 1549 in
2134 1481 2222 1568 pede
2238 1477 2334 1566 passi
2350 1478 2435 1546 duo·

583 1619 711 1686 decim.
731 1622 776 1690 Et
795 1623 860 1710 ipsi
879 1631 1042 1712 germani
1058 1597 1350 1716 compresserunt
1365 1652 1428 1700 sue
1445 1637 1620 1703 sortiones
1643 1640 1757 1704 totum
1780 1635 1863 1704 illut
1879 1636 1925 1703 da
1942 1635 1978 1702 la
1992 1632 2150 1702 vetirina
2167 1633 2230 1719 qui
2246 1635 2301 1699 est
2324 1629 2432 1697 insir-

582 1773 741 1860 titutum,
760 1777 821 1862 qui
840 1779 1042 1846 coniuntum
1060 1785 1112 1848 est
1130 1783 1174 1850 ad
1198 1784 1269 1852 line
1293 1785 1434 1852 illorum
1450 1793 1484 1854 et
1501 1785 1544 1853 de
1568 1784 1644 1855 alia
1668 1789 1769 1872 parte
1791 1805 1815 1854 a
1838 1785 2089 1853 septemtrione
2112 1787 2284 1852 coniunta
2298 1781 2344 1850 ad
2361 1781 2431 1848 tine

585 1926 691 1994 rebus
714 1927 826 1996 allani
852 1933 951 1999 etde
975 1933 1197 2001 consortibus
1222 1935 1376 2016 illorum,
1402 1941 1437 2004 et
1461 1956 1534 2007 una
1557 1939 1654 2008 socia
1676 1938 1719 2008 de
1742 1937 1897 2025 plaiude
1914 1939 1989 2026 ipso
2013 1941 2133 2005 monto
2156 1955 2237 2004 cum
2253 1937 2347 2030 passi
2363 1953 2428 2004 sex

581 2086 619 2149 et
634 2082 789 2151 medium
814 2089 849 2152 et
871 2105 959 2173 erga
984 2089 1055 2154 fine
1079 2109 1227 2176 meaque
1251 2094 1343 2176 petri
1367 2092 1502 2180 clerici,
1528 2099 1564 2162 et
1586 2095 1632 2162 ab
1655 2094 1837 2162 occidente
1860 2093 1931 2162 tlne
1954 2091 2068 2188 alfani
2094 2139 2367 2160 ........
2483 2096 2487 2104 ’

581 2243 872 2320 comprenserunt
897 2257 969 2308 una
991 2241 1087 2308 socia
1109 2241 1152 2309 de
1178 2243 1253 2328 ipso
1277 2244 1475 2312 insirtitum
1499 2249 1617 2312 vetere
1640 2245 1683 2312 de
1706 2243 1823 2329 capite
1846 2242 1918 2312 fine
1950 2245 2025 2330 ipso
2055 2243 2198 2311 termite
2222 2262 2284 2330 per
2308 2244 2427 2330 capite

582 2389 676 2474 passi
702 2389 821 2458 decern
845 2397 880 2460 et
904 2393 1057 2460 medium
1082 2400 1117 2462 et
1143 2397 1190 2461 im
1215 2399 1301 2481 pede
1324 2400 1418 2483 passi
1443 2398 1562 2466 decem
1587 2403 1622 2465 et
1645 2399 1743 2466 sebte
1765 2401 1802 2466 et
1824 2369 1944 2484 sortis;
1968 2397 2123 2484 qualiter
2141 2397 2234 2466 inter
2252 2414 2316 2464 nos
2340 2397 2430 2464 divi·

582 2541 713 2627 dimus,
730 2549 765 2610 et
781 2549 892 2612 sortes
917 2533 989 2614 illis
1005 2548 1084 2615 inde
1102 2521 1213 2615 michi
1236 2550 1473 2636 tradiderunt,
1497 2569 1578 2617 cum
1595 2549 1716 2618 omnia
1732 2552 1827 2617 intro
1841 2567 1880 2617 se
1895 2552 2085 2619 abentibus
2101 2548 2337 2636 omnibusque
2355 2551 2431 2617 suis

583 2695 812 2779 pertinentiis
836 2702 975 2765 etcum
1000 2700 1076 2766 vice
1099 2701 1141 2768 de
1166 2703 1220 2768 vie
1244 2721 1319 2787 sue,
1343 2705 1558 2771 trasactibus
1580 2721 1709 2796 nomen
1733 2709 1769 2772 et
1784 2703 1980 2772 affunditus
1997 2705 2035 2770 in
2055 2704 2236 2790 integrum
2261 2703 2436 2771 dederunt

581 2855 618 2914 et
641 2848 877 2936 tradiderunt,
902 2853 1011 2920 michi
1027 2857 1074 2938 et,
1093 2855 1186 2921 sicut
1203 2853 1278 2940 ipse
1293 2855 1498 2940 supradicte
1530 2857 1667 2924 cartule
1699 2855 1944 2924 vicariationis
1967 2856 2157 2942 continet,
2181 2855 2227 2923 ad
2252 2855 2428 2923 securiter

582 3005 619 3068 et
641 2999 791 3068 firmiter
814 3002 942 3069 amodo*
961 3010 997 3072 et
1019 3023 1156 3092 semper
1180 3024 1238 3074 eos
1262 3005 1344 3075 illut
1367 3010 1558 3094 abesdum,
1583 3010 1851 3096 dominandum,
1871 3011 2130 3096 possidendum,
2148 3011 2272 3078 omnia
2297 3011 2431 3106 exinde

582 3155 778 3222 laciendum
803 3157 894 3242 quod
918 3158 1145 3228 voluerimus.
1171 3163 1214 3229 de
1237 3181 1308 3247 qua
1332 3181 1395 3248 per
1417 3164 1679 3231 combenientia
1703 3160 1837 3249 guadia
1859 3161 1968 3229 michi
1986 3162 2048 3248 qui
2064 3181 2173 3248 supra
2190 3161 2281 3248 petri
2298 3162 2431 3230 clerico

582 3305 648 3392 ipsi
673 3309 906 3395 suprascripti
933 3311 1097 3379 maraldu
1120 3317 1155 3380 et
1180 3312 1333 3382 liotardu
1358 3313 1532 3384 dederunt
1562 3321 1599 3384 et
1628 3317 1837 3384 mediatores
1861 3317 1969 3382 michi
1993 3318 2188 3400 posuerunt
2211 3332 2249 3382 se
2272 3315 2367 3400 ipsi3
2394 3318 2430 3382 et

582 3478 645 3546 per
669 3459 747 3545 ipsa
770 3461 905 3547 guadia
929 3463 1180 3550 obligaverunt
1203 3482 1240 3531 se
1264 3463 1335 3532 illis
1358 3473 1394 3532 et
1419 3466 1559 3534 illorum
1590 3469 1752 3535 eredibus
1782 3466 1848 3537 tali
1882 3468 2019 3553 ordine,
2044 3469 2075 3534 si
2103 3465 2426 3552 quomodocumque

580 3633 643 3699 per
667 3605 925 3699 qualecumque
950 3615 1090 3683 ratione
1113 3616 1356 3702 supradictam
1381 3618 1642 3706 tradictionem,
1659 3620 1816 3706 qualiter
1839 3621 1932 3686 iuter
1949 3635 2012 3684 nos
2028 3617 2288 3686 acsoczavimus
2303 3621 2339 3684 et
2354 3635 2430 3683 sor·

577 3766 626 3833 tis
651 3764 877 3852 tradidimuS,
901 3766 975 3833 illis
1000 3767 1053 3834 vel
1078 3767 1219 3835 illorum
1243 3771 1406 3837 eredibus
1432 3774 1612 3838 remobere
1635 3778 1698 3841 aut
1715 3777 1900 3839 retornare
1923 3773 2123 3857 quesierint
2147 3789 2208 3856 per
2226 3771 2427 3856 qualecum-

578 3934 648 4002 que
676 3919 851 3985 rationem
876 3926 939 3987 aut
963 3939 1024 4004 per
1048 3921 1170 3989 eadem
1194 3922 1339 4009 guadia‚
1365 3925 1612 4010 obligaverunt
1636 3943 1673 3991 se
1697 3923 1768 3990 illis
1792 3922 1846 3991 vel
1870 3922 2010 3990 illorum
2034 3923 2200 3990 eredibus
2223 3923 2267 3992 ad
2290 3939 2430 4009 compo·

579 4069 735 4136 nendum
760 4070 861 4138 nobis
886 4075 1086 4160 nostrisque
1109 4074 1286 4161 eredibus
1303 4075 1360 4142 vel
1384 4077 1442 4143 cui
1474 4095 1544 4144 unc
1575 4078 1720 4143 brebem
1744 4077 1782 4142 in
1806 4093 1951 4142 manum
1975 4075 2161 4160 paruerit,
2196 4074 2326 4160 viginti
2350 4077 2429 4142 auri

578 4221 709 4290 solidos
732 4227 1057 4314 constantiniam,
1073 4233 1110 4294 et
1127 4245 1265 4312 semper
1294 4230 1391 4296 omni
1422 4234 1579 4316 tempore
1612 4247 1676 4296 nos
1703 4237 1739 4297 et
1767 4230 1897 4296 nostris
1928 4228 2192 4316 eredibusttota
2225 4236 2261 4296 et
2298 4227 2425 4296 inclita

576 4377 825 4462 suprascripta
848 4376 1022 4444 dibisione
1045 4395 1168 4448 securo
1192 4381 1335 4448 nomine
1352 4398 1409 4448 eos
1425 4383 1532 4452 abere
1547 4385 1583 4449 et
1598 4382 1777 4467 possidere
1793 4381 1974 4448 valeamus
1991 4380 2088 4447 omni
2105 4385 2274 4465 tempore,
2295 4379 2428 4463 absque

575 4527 675 4594 omni
700 4529 953 4597 contrarietate
978 4530 1132 4616 ipsorum
1159 4533 1324 4616 germani
1350 4537 1386 4600 et
1408 4495 1457 4600 de¹
1482 4533 1624 4601 illorum
1647 4534 1823 4600 eredibus.
1850 4538 1968 4619 preter
1991 4540 2145 4618 tantum,
2164 4532 2194 4600 si
2213 4551 2280 4618 ego
2303 4549 2434 4617 supra·

578 4679 695 4747 dictus
719 4685 839 4765 petrus
863 4681 1011 4748 clericus
1035 4685 1099 4749 aut
1123 4683 1210 4749 meis
1234 4682 1398 4751 eredibus
1420 4684 1546 4752 daturo
1570 4691 1633 4752 aut
1656 4686 1837 4753 vindituro
1860 4688 2076 4772 abuerimus‚
2095 4701 2165 4750 non
2188 4686 2357 4752 abeamus
2373 4699 2432 4768 po·

582 4815 758 4899 testatem
773 4828 1035 4917 alicuicumque
1059 4832 1142 4900 illut
1165 4835 1250 4902 dare
1280 4840 1345 4905 aut
1377 4837 1581 4906 venundare
1612 4843 1731 4925 preter
1760 4841 1917 4925 ipsorum
1950 4839 2183 4924 suprascripti
2208 4839 2376 4925 germani
2397 4843 2433 4905 et

581 4982 625 5050 de
648 4979 787 5049 illorum
812 4983 987 5067 eredibus,
1014 4987 1050 5050 et
1074 4983 1247 5054 iaciamus
1270 5005 1336 5074 ego
1361 4987 1433 5057 illis
1456 4989 1547 5057 scire
1572 5010 1635 5076 pro
1661 4991 1741 5060 illut
1764 4993 1956 5061 tollendum
1972 5012 2034 5078 per
2052 4991 2158 5060 tertio
2181 4990 2429 5075 constitutum,

581 5138 624 5206 de
646 5137 829 5205 duodecim
857 5139 891 5205 in
917 5139 1097 5206 duodecim
1121 5139 1207 5226 dies,
1231 5141 1323 5226 quod
1348 5141 1440 5209 liunt
1463 5143 1587 5213 diebus
1609 5145 1761 5230 triginta
1783 5163 1872 5229 sex3
1898 5146 1986 5211 etsi
2011 5145 2107 5210 infra
2133 5144 2212 5228 ipsa
2235 5143 2433 5208 constituta

583 5287 662 5355 illos
684 5307 800 5358 emere
824 5288 1007 5359 noluerint
1029 5296 1106 5378 post
1131 5293 1207 5378 ipsa
1231 5293 1437 5380 constituta,
1464 5294 1568 5362 liceat
1592 5295 1673 5363 illut
1696 5314 1755 5363 eos
1777 5280 1862 5364 dar'e
1885 5296 1943 5362 oui
1975 5295 2118 5361 boluero
2126 5315 2136 5378 3
2169 5313 2254 5361 nam
2288 5294 2319 5360 si
2344 5297 2430 5360 ante

585 5443 663 5528 ipsa
686 5445 883 5511 constituta
906 5447 1117 5531 cuicumque
1142 5444 1221 5514 illut
1244 5446 1457 5533 dederimus,
1481 5451 1520 5514 ut
1542 5447 1585 5514 de
1608 5451 1729 5516 nostra
1753 5453 1927 5534 potestate
1944 5453 2037 5514 esset
2059 5449 2314 5532 substractum,
2341 5453 2430 5514 tuuc

586 5571 667 5665 sine
691 5598 844 5684 pretium
870 5598 1018 5667 redeant
1041 5599 1085 5667 ad
1111 5603 1285 5685 potestate
1308 5599 1451 5667 illorum
1475 5601 1575 5668 etde
1599 5618 1720 5668 eorum
1743 5600 1925 5685 eredibus,
1959 5599 2163 5668 faciendum
2194 5598 2279 5666 inde
2312 5597 2433 5666 omnia

586 5750 682 5840 quod
709 5750 897 5818 voluerint.
924 5756 1064 5819 tantum
1087 5751 1116 5818 si
1141 5769 1207 5839 ego
1231 5755 1354 5837 petrus
1371 5752 1521 5820 clericus
1537 5753 1579 5819 de
1598 5754 1671 5820 tota
1687 5753 1931 5838 suprascripta
1947 5753 2053 5819 rebus
2070 5769 2138 5837 que
2153 5755 2208 5818 est
2225 5769 2304 5819 mea
2328 5754 2430 5818 sorte.
