5408 7108
1247 499 1425 575 GODEX
1465 499 1736 576 CAVENSlS

1316 957 1323 967 ·
1410 907 1565 988 MIX.

1343 1233 1401 1309 Α.
1426 1232 1482 1307 1).
1512 1231 1643 1307 1042.

609 1463 645 1605 †
669 1519 709 1584 ln
733 1518 877 1588 nomine
898 1518 1032 1588 domini
1056 1519 1223 1590 bicesimo
1245 1523 1371 1608 quinto
1394 1541 1490 1591 anno
1504 1523 1727 1610 principatus
1751 1521 1885 1592 salerni
1903 1521 2024 1592 domni
2040 1522 2156 1604 nostri
2173 1523 2356 1613 waimari,
2374 1527 2411 1593 et

562 1674 691 1762 quinto
713 1693 809 1744 anno
833 1673 1054 1762 principatus
1076 1675 1153 1743 eius
1177 1693 1290 1762 capue
1311 1680 1348 1744 et
1370 1677 1518 1745 ducatus
1541 1676 1620 1745 eius
1644 1678 1765 1746 amalfi
1783 1679 1821 1766 ¹),
1838 1680 1874 1745 ot
1889 1679 2020 1763 quarto
2034 1693 2130 1744 anno
2146 1675 2296 1743 ducatus
2313 1671 2410 1744 illius

563 1826 725 1914 si'rrenti,
745 1833 780 1896 et
795 1831 910 1915 primo
933 1845 1028 1898 anno
1050 1827 1375 1915 suprascriptorum
1398 1829 1640 1918 principatum
1663 1835 1699 1900 et
1724 1832 1893 1900 ducatum
1916 1831 2036 1898 domni
2061 1828 2173 1917 gisolfi
2196 1831 2233 1896 et
2255 1827 2410 1914 ducique
2448 1899 2456 1910 ,

561 1978 640 2046 eius
656 1979 729 2046 lilio
753 1979 907 2048 eximius
930 1981 1117 2068 princeps,
1142 1998 1262 2050 mense
1285 1985 1456 2070 octuber,
1486 1981 1675 2050 undecima
1700 1981 1906 2050 indictione.
1924 1980 2215 2063 memoratorium
2231 1981 2365 2049 lactum
2387 1997 2412 2048 a

560 2147 616 2198 me
639 2129 789 2198 domnus
812 2131 946 2201 alferus
969 2135 1248 2220 archipresbiter
1271 2144 1307 2203 et
1330 2135 1441 2203 abbas
1464 2134 1611 2203 ecclesie
1634 2133 1751 2220 sancti
1775 2134 1937 2220 maximi,
1952 2140 1988 2203 et
2003 2151 2081 2202 sum
2097 2151 2209 2201 unum
2230 2133 2274 2201 de
2296 2122 2408 2200 domi·

559 2285 661 2352 nium
685 2284 841 2370 predicte
863 2284 1048 2373 hecclesie,
1061 2303 1101 2354 eo
1118 2285 1210 2373 quod
1227 2289 1314 2354 ante
1331 2289 1548 2372 presentiam
1562 2287 1752 2372 grimoaldi
1769 2288 1909 2355 comitis
1924 2290 1962 2354 ct
1978 2285 2087 2354 iudici
2105 2303 2167 2370 per
2182 2284 2413 2352 combenien·

558 2437 649 2505 tiam
671 2437 803 2506 tradidi
827 2437 871 2506 ad
894 2439 1085 2508 tenendum
1115 2444 1152 2508 et
1180 2457 1265 2509 casa
1293 2439 1494 2510 laciendum
1527 2439 1656 2510 arnolfi
1679 2442 1775 2510 lilius
1807 2440 1987 2527 quondam
2015 2438 2140 2510 ioanni
2164 2443 2262 2508 terra
2295 2439 2413 2548 bacua

557 2589 799 2677 pertinentem
822 2590 989 2659 iamdicte
1012 2591 1184 2660 hecclesie
1208 2592 1306 2662 intus
1328 2612 1396 2663 anc
1419 2595 1680 2664 salernitanam
1702 2597 1885 2666 civitatem
1901 2614 1971 2683 que
1986 2600 2041 2664 est
2056 2615 2079 2666 a
2095 2613 2201 2682 super
2219 2597 2332 2682 ipsam
2355 2611 2415 2663 ec·

559 2709 717 2830 alesiam,
740 2743 802 2828 qui
826 2747 880 2812 est
902 2762 964 2830 per
987 2762 1028 2814 as
1051 2748 1141 2814 flues
1164 2749 1200 2814 et
1224 2763 1435 2824 mensuras,
1462 2751 1497 2814 et
1519 2753 1573 2814 est
1596 2750 1694 2842 terra
1711 2749 1787 2834 ipsa
1803 2750 1917 2818 bacua
1932 2765 1979 2816 ex
1994 2751 2090 2852 omni
2107 2717 2210 2834 ‘parte
2227 2748 2297 2814 line
2322 2749 2412 2816 iam·

558 2893 653 2963 dicte
677 2897 862 2964 hecclesie:
889 2903 1036 2984 aparte
1060 2900 1210 2966 orientis
1233 2903 1318 2966 sunt
1340 2900 1444 2987 pedes
1466 2899 1670 2968 duodecim:
1696 2921 1718 2969 a
1742 2905 1842 2986 parte
1859 2889 2017 2968 meridie
2031 2904 2117 2969 sunt
2133 2901 2239 2987 pedes
2265 2900 2405 2988 viginti:

559 3045 605 3156 ab
630 3045 823 3116 occidentis
848 3055 932 3118 sunt
954 3049 1058 3136 pedes
1080 3053 1144 3121 alii
1168 3054 1317 3140 biginti:
1332 3052 1375 3146 de
1391 3071 1497 3140 super
1512 3058 1614 3140 parte
1629 3071 1652 3121 a
1668 3057 1769 3139 parte
1784 3053 2036 3140 septentrionis
2052 3057 2137 3123 sunt
2152 3052 2258 3140 pedes
2279 3053 2410 3140 viginti

558 3215 624 3268 sex
647 3200 693 3270 ad
718 3202 812 3270 iusto
836 3221 977 3289 passum
1001 3205 1111 3272 omini
1135 3209 1392 3274 mensuratum.
1410 3223 1474 3292 per
1491 3207 1559 3274 iste
1575 3205 1657 3272 finis
1672 3210 1708 3273 et
1723 3223 1909 3274 mensuras
1926 3207 2091 3274 inclitum
2108 3203 2189 3274 illut
2211 3207 2244 3274 ei
2260 3195 2407 3293 tradidi,'

560 3352 625 3423 tali
650 3353 800 3440 ordine,
832 3361 873 3422 ut
896 3355 1021 3424 amodo
1043 3361 1079 3423 et
1103 3374 1214 3443 usque
1238 3357 1368 3445 viginti
1393 3360 1519 3426 nobem
1542 3361 1629 3426 anni
1652 3357 1814 3444 completi
1839 3357 1955 3427 licead
1979 3315 2133 3427 illum'et
2155 3359 2233 3426 eius
2258 3357 2407 3426 heredes

558 3511 597 3577 in
620 3510 744 3580 eadem
767 3517 866 3580 terra
888 3512 986 3579 iobee
1009 3515 1047 3579 et
1068 3529 1191 3579 omnes
1215 3529 1278 3579 sue
1303 3511 1453 3580 utilitati
1477 3508 1582 3580 iuxta
1606 3510 1781 3580 rationem
1797 3512 1847 3577 ibi
1863 3509 2010 3596 saciant,
2026 3513 2062 3577 et
2079 3509 2116 3576 in
2140 3513 2217 3577 tota
2241 3507 2318 3595 ipsa
2335 3513 2408 3576 ter-

556 3683 600 3735 ra
623 3685 686 3753 per
711 3668 879 3736 iamdicte
902 3667 986 3734 linis
1008 3672 1044 3736 et
1067 3683 1255 3735 mensuras
1280 3665 1340 3733 ille
1364 3666 1419 3733 vel
1441 3666 1519 3734 eius
1541 3665 1688 3734 heredes
1703 3665 1839 3733 faciant
1856 3665 1907 3730 ibi
1923 3682 2008 3732 casa
2024 3661 2197 3750 lingnitia
2221 3668 2404 3749 terranea,

449 3913 451 3918 Ι
556 3819 650 3888 sicut
674 3819 861 3908 meruerit,
878 3827 914 3889 et
934 3821 1063 3889 ibidem
1085 3769 1246 3887 residere
1270 3823 1305 3887 et
1327 3819 1465 3888 abitare
1489 3820 1519 3885 si
1544 3817 1709 3904 boluerit,
1733 3820 1769 3883 el
1791 3817 1925 3882 omines
1949 3815 1995 3884 ad
2018 3793 2244 3884 residendum
2268 3815 2317 3882 ibi
2342 3819 2408 3884 mi·

557 3975 653 4042 clere
677 3992 788 4061 usque
812 3973 887 4060 ipso
910 3975 1154 4060 constitutum,
1169 3978 1205 4042 et
1226 3973 1325 4041 dedit
1351 3973 1411 4042 ille
1434 3972 1534 4041 modo
1557 3971 1667 4039 michi
1683 3970 1813 4038 exinde
1836 3987 1990 4080 censum·
2004 3969 2049 4038 de
2073 3972 2319 4058 suprascripta
2335 3977 2410 4042 tra·

556 4121 711 4193 dictione
735 4125 857 4194 decem
879 4126 961 4193 auri
984 4123 1056 4194 tari
1080 4123 1177 4192 boni.
1194 4127 1238 4193 Et
1260 4125 1303 4194 de
1326 4123 1489 4210 completi
1512 4125 1633 4194 decem
1657 4123 1757 4211 anni,
1773 4123 1820 4192 ud
1843 4124 1969 4193 amodo
1991 4142 2029 4192 se
2049 4125 2262 4212 compleant,
2281 4129 2317 4193 et
2334 4125 2409 4194 'iam

556 4274 685 4344 abinde
709 4273 878 4342 inantea
901 4293 1013 4362 usque
1035 4277 1110 4364 ipso
1132 4280 1365 4348 constitutum
1388 4296 1451 4364 per
1474 4293 1595 4346 omnes
1619 4292 1755 4345 annum
1778 4277 1822 4346 de
1845 4296 1968 4347 mense
1991 4281 2136 4349 octuber
2160 4279 2220 4348 ille
2249 4279 2303 4348 vel
2328 4281 2422 4350 eius

556 4431 702 4500 heredes
725 4431 834 4501 deant
857 4431 944 4500 mihi
968 4431 1023 4502 vel
1046 4432 1085 4499 in
1111 4451 1194 4520 pars
1218 4431 1383 4501 iamdicte
1414 4429 1585 4502 hecclesie
1607 4431 1738 4501 exinde
1767 4449 1913 4502 censum
1942 4450 2054 4499 unum
2077 4450 2228 4501 aureum
2252 4433 2327 4501 tari
2353 4449 2413 4499 vo·

536 4603 640 4653 num
663 4606 726 4672 per
749 4604 869 4654 omnes
892 4605 1040 4655 annum.
1065 4587 1119 4655 Ad
1142 4585 1306 4673 completi
1333 4588 1399 4672 ipsi
1423 4587 1554 4670 biginti
1577 4587 1703 4654 nobem
1726 4589 1814 4655 anni
1838 4567 1945 4656 liceat
1970 4583 2072 4652 illum
2095 4586 2155 4654 ubi
2181 4585 2412 4670 uoluentes

553 4740 630 4809 eius
652 4741 801 4810 heredes
822 4743 987 4829 exsigere
1010 4745 1084 4809 tota
1106 4743 1143 4808 et
1166 4741 1292 4809 inclita
1314 4758 1435 4809 omnes
1458 4717 1686 4827 lingnamina
1708 4743 1745 4808 et
1768 4743 1932 4826 portaret
1955 4737 2054 4806 illam
2078 4739 2138 4807 ubi
2163 4737 2402 4828 boluerit,·et

552 4913 635 4962 cum
659 4897 779 4966 omnia
800 4913 866 4964 sua
889 4913 1000 4963 causa
1022 4892 1177 4979 mobilia,
1202 4895 1281 4961 sine
1308 4893 1563 4962 contrarietate
1591 4894 1751 4986 mea‚uel
1777 4893 1823 4962 da
1851 4911 1933 4980 pars
1958 4893 2124 4962 iamdicte
2157 4893 2405 4983 hecclesiam

552 5050 626 5116 tota
649 5053 685 5117 et
708 5048 832 5118 inclita
856 5049 933 5135 ipsa
949 5021 1055 5117 terra
1079 5049 1192 5115 bacua
1221 5065 1284 5132 per
1309 5047 1514 5133 supradicte
1544 5045 1627 5113 linis
1653 5050 1689 5113 et
1714 5062 1900 5113 mensuras
1928 5045 2090 5114 rebertar
2118 5043 2163 5115 ad
2191 5048 2400 5132 potestatem

556 5202 594 5268 in
619 5201 780 5288 partibus
805 5203 971 5271 iamdicte
996 5199 1183 5272 hecclesie.
1196 5200 1295 5268 Unde
1320 5201 1358 5265 in
1382 5218 1423 5268 eo
1445 5198 1569 5268 ordine
1585 5216 1648 5286 per
1664 5200 1963 5269 combenientiam
1986 5199 2120 5288 guadia
2144 5201 2218 5287 ipse
2242 5191 2401 5270 arnoltus

593 5778 616 5853 ¹)
639 5774 720 5856 Lepe
739 5774 873 5858 potius:
898 5779 1014 5853 quarto
1038 5789 1121 5834 anno
1143 5772 1287 5834 Ducalus
1311 5768 1518 5850 Amalphiae.
