<?xml version="1.0" encoding="UTF-8"?>
<!DOCTYPE html PUBLIC "-//W3C//DTD XHTML 1.0 Transitional//EN"
    "http://www.w3.org/TR/xhtml1/DTD/xhtml1-transitional.dtd">
<html xmlns="http://www.w3.org/1999/xhtml" xml:lang="en" lang="en">
 <head>
  <title>
</title>
<meta http-equiv="Content-Type" content="text/html;charset=utf-8" />
  <meta name='ocr-system' content='tesseract 3.04.00' />
  <meta name='ocr-capabilities' content='ocr_page ocr_carea ocr_par ocr_line ocrx_word'/>
</head>
<body>
  <div class='ocr_page' id='page_1' title='image "./codexdiplomatic04aragoog_0114.png"; bbox 0 0 5456 7096; ppageno 0'>
   <div class='ocr_carea' id='block_1_1' title="bbox 574 505 2458 834">
    <p class='ocr_par' dir='ltr' id='par_1_1' title="bbox 574 505 2458 834">
     <span class='ocr_line' id='line_1_1' title="bbox 574 505 1768 610; baseline 0.005 -34"><span class='ocrx_word' id='word_1_1' title='bbox 574 569 577 576; x_wconf 90' lang='lat'>.</span> <span class='ocrx_word' id='word_1_2' title='bbox 656 509 701 582; x_wconf 81' lang='lat' dir='ltr'>&#39;ll</span> <span class='ocrx_word' id='word_1_3' title='bbox 1287 505 1466 610; x_wconf 75' lang='lat' dir='ltr'>Cobilli</span> <span class='ocrx_word' id='word_1_4' title='bbox 1500 506 1768 585; x_wconf 77' lang='lat' dir='ltr'>cquNSls</span> 
     </span>
     <span class='ocr_line' id='line_1_2' title="bbox 1885 639 1969 686; baseline 0 0"><span class='ocrx_word' id='word_1_5' title='bbox 1885 653 1888 660; x_wconf 95' lang='lat'>·</span> <span class='ocrx_word' id='word_1_6' title='bbox 1945 639 1969 686; x_wconf 75' lang='grc' dir='ltr'><strong>ο</strong></span> 
     </span>
     <span class='ocr_line' id='line_1_3' title="bbox 606 699 2458 834; baseline 0.001 -30"><span class='ocrx_word' id='word_1_7' title='bbox 606 737 838 834; x_wconf 81' lang='lat' dir='ltr'>illuttenere</span> <span class='ocrx_word' id='word_1_8' title='bbox 862 737 1029 825; x_wconf 90' lang='lat' dir='ltr'>voluerit,</span> <span class='ocrx_word' id='word_1_9' title='bbox 1053 741 1137 823; x_wconf 85' lang='lat' dir='ltr'>apto</span> <span class='ocrx_word' id='word_1_10' title='bbox 1160 740 1317 829; x_wconf 75' lang='lat' dir='ltr'>tempore</span> <span class='ocrx_word' id='word_1_11' title='bbox 1340 736 1384 805; x_wconf 94' lang='lat' dir='ltr'>de</span> <span class='ocrx_word' id='word_1_12' title='bbox 1408 753 1514 823; x_wconf 89' lang='lat' dir='ltr'>super</span> <span class='ocrx_word' id='word_1_13' title='bbox 1538 739 1574 806; x_wconf 87' lang='lat' dir='ltr'>et</span> <span class='ocrx_word' id='word_1_14' title='bbox 1596 736 1639 806; x_wconf 86' lang='lat' dir='ltr'>de</span> <span class='ocrx_word' id='word_1_15' title='bbox 1662 737 1786 804; x_wconf 83' lang='lat' dir='ltr'><strong>subtus</strong></span> <span class='ocrx_word' id='word_1_16' title='bbox 1808 734 2079 818; x_wconf 87' lang='lat' dir='ltr'>illutlaborars</span> <span class='ocrx_word' id='word_1_17' title='bbox 2094 699 2138 804; x_wconf 79' lang='lat' dir='ltr'>¹et</span> <span class='ocrx_word' id='word_1_18' title='bbox 2162 735 2298 804; x_wconf 83' lang='lat' dir='ltr'>euitare</span> <span class='ocrx_word' id='word_1_19' title='bbox 2320 738 2371 824; x_wconf 91' lang='lat' dir='ltr'>et,</span> <span class='ocrx_word' id='word_1_20' title='bbox 2394 736 2458 806; x_wconf 89' lang='lat' dir='ltr'>ubi</span> 
     </span>
    </p>
   </div>
   <div class='ocr_carea' id='block_1_2' title="bbox 486 887 2456 980">
    <p class='ocr_par' dir='ltr' id='par_1_2' title="bbox 486 887 2456 980">
     <span class='ocr_line' id='line_1_4' title="bbox 486 887 2456 980; baseline -0.005 -15"><span class='ocrx_word' id='word_1_21' title='bbox 486 921 491 930; x_wconf 75' lang='grc'><strong><em>’</em></strong></span> <span class='ocrx_word' id='word_1_22' title='bbox 611 893 798 980; x_wconf 89' lang='lat' dir='ltr'>meruerit,</span> <span class='ocrx_word' id='word_1_23' title='bbox 824 895 971 961; x_wconf 89' lang='lat' dir='ltr'>arbores</span> <span class='ocrx_word' id='word_1_24' title='bbox 992 893 1030 959; x_wconf 86' lang='lat' dir='ltr'>et</span> <span class='ocrx_word' id='word_1_25' title='bbox 1053 891 1140 958; x_wconf 85' lang='lat' dir='ltr'>vites</span> <span class='ocrx_word' id='word_1_26' title='bbox 1164 889 1293 958; x_wconf 86' lang='lat' dir='ltr'>ibidem</span> <span class='ocrx_word' id='word_1_27' title='bbox 1317 887 1482 976; x_wconf 88' lang='lat' dir='ltr'>plantare</span> <span class='ocrx_word' id='word_1_28' title='bbox 1506 894 1542 959; x_wconf 90' lang='lat' dir='ltr'>et</span> <span class='ocrx_word' id='word_1_29' title='bbox 1565 891 1815 978; x_wconf 78' lang='lat' dir='ltr'>propaginare,</span> <span class='ocrx_word' id='word_1_30' title='bbox 1840 889 1934 978; x_wconf 87' lang='lat' dir='ltr'>sicut</span> <span class='ocrx_word' id='word_1_31' title='bbox 1948 889 2131 976; x_wconf 88' lang='lat' dir='ltr'>meruerit,</span> <span class='ocrx_word' id='word_1_32' title='bbox 2150 892 2328 975; x_wconf 82' lang='lat' dir='ltr'>quatenus</span> <span class='ocrx_word' id='word_1_33' title='bbox 2350 889 2456 976; x_wconf 90' lang='lat' dir='ltr'>proti·</span> 
     </span>
    </p>
   </div>
   <div class='ocr_carea' id='block_1_3' title="bbox 525 1023 2466 2076">
    <p class='ocr_par' dir='ltr' id='par_1_3' title="bbox 525 1023 2466 1904">
     <span class='ocr_line' id='line_1_5' title="bbox 615 1023 2455 1146; baseline -0.001 -34"><span class='ocrx_word' id='word_1_34' title='bbox 615 1045 718 1114; x_wconf 91' lang='lat' dir='ltr'>ciant</span> <span class='ocrx_word' id='word_1_35' title='bbox 741 1049 777 1113; x_wconf 92' lang='lat' dir='ltr'>et</span> <span class='ocrx_word' id='word_1_36' title='bbox 794 1062 865 1110; x_wconf 91' lang='lat' dir='ltr'>non</span> <span class='ocrx_word' id='word_1_37' title='bbox 882 1023 1102 1130; x_wconf 84' lang='lat' dir='ltr'>dispereant3</span> <span class='ocrx_word' id='word_1_38' title='bbox 1120 1047 1156 1112; x_wconf 89' lang='lat' dir='ltr'>et</span> <span class='ocrx_word' id='word_1_39' title='bbox 1171 1061 1233 1130; x_wconf 92' lang='lat' dir='ltr'>per</span> <span class='ocrx_word' id='word_1_40' title='bbox 1248 1045 1408 1128; x_wconf 91' lang='lat' dir='ltr'>tempore</span> <span class='ocrx_word' id='word_1_41' title='bbox 1424 1043 1467 1111; x_wconf 90' lang='lat' dir='ltr'>de</span> <span class='ocrx_word' id='word_1_42' title='bbox 1482 1041 1671 1131; x_wconf 78' lang='lat' dir='ltr'>uindemio,</span> <span class='ocrx_word' id='word_1_43' title='bbox 1688 1043 1830 1146; x_wconf 87' lang='lat' dir='ltr'>quando</span> <span class='ocrx_word' id='word_1_44' title='bbox 1846 1043 2031 1128; x_wconf 89' lang='lat' dir='ltr'>meruerit,</span> <span class='ocrx_word' id='word_1_45' title='bbox 2050 1042 2122 1111; x_wconf 91' lang='lat' dir='ltr'>illis</span> <span class='ocrx_word' id='word_1_46' title='bbox 2137 1046 2174 1112; x_wconf 88' lang='lat' dir='ltr'>et</span> <span class='ocrx_word' id='word_1_47' title='bbox 2187 1025 2264 1110; x_wconf 77' lang='lat' dir='ltr'>’suis</span> <span class='ocrx_word' id='word_1_48' title='bbox 2287 1044 2455 1112; x_wconf 87' lang='lat' dir='ltr'>eredibus</span> 
     </span>
     <span class='ocr_line' id='line_1_6' title="bbox 551 1153 2451 1285; baseline -0.001 -20"><span class='ocrx_word' id='word_1_49' title='bbox 551 1197 554 1204; x_wconf 86' lang='lat'>&#39;</span> <span class='ocrx_word' id='word_1_50' title='bbox 613 1199 750 1268; x_wconf 86' lang='lat' dir='ltr'>faciant</span> <span class='ocrx_word' id='word_1_51' title='bbox 773 1200 866 1267; x_wconf 93' lang='lat' dir='ltr'>scire</span> <span class='ocrx_word' id='word_1_52' title='bbox 890 1215 974 1285; x_wconf 90' lang='lat' dir='ltr'>pars</span> <span class='ocrx_word' id='word_1_53' title='bbox 997 1153 1111 1266; x_wconf 82' lang='lat' dir='ltr'>nostri</span> <span class='ocrx_word' id='word_1_54' title='bbox 1136 1196 1358 1284; x_wconf 89' lang='lat' dir='ltr'>monasterii,</span> <span class='ocrx_word' id='word_1_55' title='bbox 1375 1201 1416 1265; x_wconf 86' lang='lat' dir='ltr'>ut</span> <span class='ocrx_word' id='word_1_56' title='bbox 1431 1197 1481 1264; x_wconf 93' lang='lat' dir='ltr'>ibi</span> <span class='ocrx_word' id='word_1_57' title='bbox 1504 1197 1702 1283; x_wconf 79' lang='lat' dir='ltr'>dirigamus</span> <span class='ocrx_word' id='word_1_58' title='bbox 1725 1196 1873 1264; x_wconf 88' lang='lat' dir='ltr'>missum</span> <span class='ocrx_word' id='word_1_59' title='bbox 1896 1200 2069 1283; x_wconf 86' lang='lat' dir='ltr'>nostrum,</span> <span class='ocrx_word' id='word_1_60' title='bbox 2087 1199 2123 1264; x_wconf 91' lang='lat' dir='ltr'>et</span> <span class='ocrx_word' id='word_1_61' title='bbox 2138 1195 2211 1264; x_wconf 91' lang='lat' dir='ltr'>illis</span> <span class='ocrx_word' id='word_1_62' title='bbox 2226 1199 2263 1263; x_wconf 89' lang='lat' dir='ltr'>et</span> <span class='ocrx_word' id='word_1_63' title='bbox 2278 1195 2354 1263; x_wconf 91' lang='lat' dir='ltr'>suis</span> <span class='ocrx_word' id='word_1_64' title='bbox 2376 1215 2451 1266; x_wconf 86' lang='lat' dir='ltr'>oro·</span> 
     </span>
     <span class='ocr_line' id='line_1_7' title="bbox 612 1350 2456 1454; baseline -0.001 -34"><span class='ocrx_word' id='word_1_65' title='bbox 612 1352 716 1420; x_wconf 90' lang='lat' dir='ltr'>dibus</span> <span class='ocrx_word' id='word_1_66' title='bbox 740 1357 814 1423; x_wconf 89' lang='lat' dir='ltr'>tota</span> <span class='ocrx_word' id='word_1_67' title='bbox 839 1355 915 1436; x_wconf 90' lang='lat' dir='ltr'>ipsa</span> <span class='ocrx_word' id='word_1_68' title='bbox 939 1352 1106 1422; x_wconf 86' lang='lat' dir='ltr'>tradictio</span> <span class='ocrx_word' id='word_1_69' title='bbox 1128 1355 1212 1440; x_wconf 88' lang='lat' dir='ltr'>apto</span> <span class='ocrx_word' id='word_1_70' title='bbox 1226 1355 1393 1454; x_wconf 27' lang='lat' dir='ltr'>,tempore</span> <span class='ocrx_word' id='word_1_71' title='bbox 1414 1351 1679 1419; x_wconf 78' lang='lat' dir='ltr'>rationabiliter</span> <span class='ocrx_word' id='word_1_72' title='bbox 1702 1351 1936 1438; x_wconf 85' lang='lat' dir='ltr'>vindemiare,</span> <span class='ocrx_word' id='word_1_73' title='bbox 1964 1355 2000 1419; x_wconf 86' lang='lat' dir='ltr'>et</span> <span class='ocrx_word' id='word_1_74' title='bbox 2022 1355 2192 1438; x_wconf 88' lang='lat' dir='ltr'>quantum</span> <span class='ocrx_word' id='word_1_75' title='bbox 2223 1351 2348 1420; x_wconf 89' lang='lat' dir='ltr'>vinum</span> <span class='ocrx_word' id='word_1_76' title='bbox 2372 1350 2456 1420; x_wconf 84' lang='lat' dir='ltr'>inde</span> 
     </span>
     <span class='ocr_line' id='line_1_8' title="bbox 611 1502 2457 1608; baseline -0.001 -33"><span class='ocrx_word' id='word_1_77' title='bbox 611 1506 784 1594; x_wconf 82' lang='lat' dir='ltr'>exierint,</span> <span class='ocrx_word' id='word_1_78' title='bbox 798 1525 874 1596; x_wconf 92' lang='lat' dir='ltr'>per</span> <span class='ocrx_word' id='word_1_79' title='bbox 897 1506 1125 1575; x_wconf 87' lang='lat' dir='ltr'>medietatem</span> <span class='ocrx_word' id='word_1_80' title='bbox 1149 1506 1325 1574; x_wconf 85' lang='lat' dir='ltr'>dividant:</span> <span class='ocrx_word' id='word_1_81' title='bbox 1351 1506 1499 1584; x_wconf 80' lang='lat' dir='ltr'>missurn</span> <span class='ocrx_word' id='word_1_82' title='bbox 1522 1503 1674 1590; x_wconf 84' lang='lat' dir='ltr'>predicti</span> <span class='ocrx_word' id='word_1_83' title='bbox 1693 1502 1898 1573; x_wconf 87' lang='lat' dir='ltr'>monasterii</span> <span class='ocrx_word' id='word_1_84' title='bbox 1913 1502 2014 1572; x_wconf 88' lang='lat' dir='ltr'>tollat</span> <span class='ocrx_word' id='word_1_85' title='bbox 2031 1502 2106 1608; x_wconf 82' lang='lat' dir='ltr'>ipso</span> <span class='ocrx_word' id='word_1_86' title='bbox 2122 1504 2243 1571; x_wconf 86' lang='lat' dir='ltr'>vinum</span> <span class='ocrx_word' id='word_1_87' title='bbox 2259 1509 2296 1573; x_wconf 87' lang='lat' dir='ltr'>et</span> <span class='ocrx_word' id='word_1_88' title='bbox 2318 1521 2457 1592; x_wconf 86' lang='lat' dir='ltr'>pomam</span> 
     </span>
     <span class='ocr_line' id='line_1_9' title="bbox 610 1605 2457 1746; baseline -0.003 -18"><span class='ocrx_word' id='word_1_89' title='bbox 610 1661 641 1728; x_wconf 91' lang='lat' dir='ltr'>si</span> <span class='ocrx_word' id='word_1_90' title='bbox 666 1658 848 1738; x_wconf 87' lang='lat' dir='ltr'>abuerint,</span> <span class='ocrx_word' id='word_1_91' title='bbox 872 1655 1111 1744; x_wconf 79' lang='lat' dir='ltr'>medietatem,</span> <span class='ocrx_word' id='word_1_92' title='bbox 1136 1653 1177 1725; x_wconf 76' lang='lat' dir='ltr'>tt</span> <span class='ocrx_word' id='word_1_93' title='bbox 1201 1655 1275 1724; x_wconf 89' lang='lat' dir='ltr'>illis</span> <span class='ocrx_word' id='word_1_94' title='bbox 1299 1663 1335 1726; x_wconf 87' lang='lat' dir='ltr'>et</span> <span class='ocrx_word' id='word_1_95' title='bbox 1361 1659 1435 1724; x_wconf 90' lang='lat' dir='ltr'>suis</span> <span class='ocrx_word' id='word_1_96' title='bbox 1459 1613 1624 1724; x_wconf 83' lang='lat' dir='ltr'>eredibus</span> <span class='ocrx_word' id='word_1_97' title='bbox 1647 1654 1887 1742; x_wconf 89' lang='lat' dir='ltr'>medietatem;</span> <span class='ocrx_word' id='word_1_98' title='bbox 1910 1660 1947 1724; x_wconf 87' lang='lat' dir='ltr'>ct</span> <span class='ocrx_word' id='word_1_99' title='bbox 1968 1605 2196 1742; x_wconf 78' lang='lat' dir='ltr'>adsignemus</span> <span class='ocrx_word' id='word_1_100' title='bbox 2211 1655 2354 1746; x_wconf 92' lang='lat' dir='ltr'>illorum</span> <span class='ocrx_word' id='word_1_101' title='bbox 2376 1658 2457 1724; x_wconf 91' lang='lat' dir='ltr'>hor·</span> 
     </span>
     <span class='ocr_line' id='line_1_10' title="bbox 525 1765 2466 1904; baseline 0.001 -28"><span class='ocrx_word' id='word_1_102' title='bbox 525 1859 534 1876; x_wconf 95' lang='lat'><strong>.</strong></span> <span class='ocrx_word' id='word_1_103' title='bbox 614 1829 770 1898; x_wconf 88' lang='lat' dir='ltr'>ganeum</span> <span class='ocrx_word' id='word_1_104' title='bbox 789 1810 835 1879; x_wconf 93' lang='lat' dir='ltr'>da</span> <span class='ocrx_word' id='word_1_105' title='bbox 851 1812 975 1878; x_wconf 89' lang='lat' dir='ltr'>vinum</span> <span class='ocrx_word' id='word_1_106' title='bbox 995 1810 1040 1878; x_wconf 88' lang='lat' dir='ltr'>ad</span> <span class='ocrx_word' id='word_1_107' title='bbox 1057 1810 1260 1896; x_wconf 91' lang='lat' dir='ltr'>cellarium,</span> <span class='ocrx_word' id='word_1_108' title='bbox 1277 1809 1366 1898; x_wconf 83' lang='lat' dir='ltr'>quod</span> <span class='ocrx_word' id='word_1_109' title='bbox 1385 1819 1469 1898; x_wconf 77' lang='lat' dir='ltr'>par‘s</span> <span class='ocrx_word' id='word_1_110' title='bbox 1487 1809 1599 1897; x_wconf 91' lang='lat' dir='ltr'>ipsius</span> <span class='ocrx_word' id='word_1_111' title='bbox 1614 1797 1969 1878; x_wconf 78' lang='lat' dir='ltr'>monasteriiibidem</span> <span class='ocrx_word' id='word_1_112' title='bbox 1986 1807 2100 1892; x_wconf 88' lang='lat' dir='ltr'>abuit,</span> <span class='ocrx_word' id='word_1_113' title='bbox 2116 1813 2152 1876; x_wconf 84' lang='lat' dir='ltr'>et</span> <span class='ocrx_word' id='word_1_114' title='bbox 2169 1809 2248 1897; x_wconf 92' lang='lat' dir='ltr'>ipsu</span> <span class='ocrx_word' id='word_1_115' title='bbox 2260 1765 2466 1904; x_wconf 44' lang='lat' dir='ltr'>organoum,</span> 
     </span>
    </p>

    <p class='ocr_par' dir='ltr' id='par_1_4' title="bbox 552 1911 2458 2076">
     <span class='ocr_line' id='line_1_11' title="bbox 552 1911 2458 2076; baseline 0.002 -47"><span class='ocrx_word' id='word_1_116' title='bbox 552 2041 558 2054; x_wconf 28' lang='grc' dir='ltr'>ι</span> <span class='ocrx_word' id='word_1_117' title='bbox 616 1980 678 2048; x_wconf 93' lang='lat' dir='ltr'>per</span> <span class='ocrx_word' id='word_1_118' title='bbox 703 1960 776 2029; x_wconf 92' lang='lat' dir='ltr'>illis</span> <span class='ocrx_word' id='word_1_119' title='bbox 801 1961 893 2030; x_wconf 87' lang='lat' dir='ltr'>fiant</span> <span class='ocrx_word' id='word_1_120' title='bbox 917 1913 1046 2028; x_wconf 86' lang='lat' dir='ltr'>bonum</span> <span class='ocrx_word' id='word_1_121' title='bbox 1072 1964 1275 2076; x_wconf 90' lang='lat' dir='ltr'>conciatum</span> <span class='ocrx_word' id='word_1_122' title='bbox 1299 1969 1335 2030; x_wconf 92' lang='lat' dir='ltr'>et</span> <span class='ocrx_word' id='word_1_123' title='bbox 1357 1961 1566 2048; x_wconf 88' lang='lat' dir='ltr'>studiatum,</span> <span class='ocrx_word' id='word_1_124' title='bbox 1590 1911 1889 2047; x_wconf 34' lang='lat' dir='ltr'>siout&#39;meruerit,</span> <span class='ocrx_word' id='word_1_125' title='bbox 1914 1966 1949 2028; x_wconf 87' lang='lat' dir='ltr'>et</span> <span class='ocrx_word' id='word_1_126' title='bbox 1974 1961 2021 2028; x_wconf 89' lang='lat' dir='ltr'>ibi</span> <span class='ocrx_word' id='word_1_127' title='bbox 2046 1960 2176 2030; x_wconf 87' lang='lat' dir='ltr'>midtat</span> <span class='ocrx_word' id='word_1_128' title='bbox 2200 1963 2277 2048; x_wconf 91' lang='lat' dir='ltr'>ipsa</span> <span class='ocrx_word' id='word_1_129' title='bbox 2300 1963 2458 2032; x_wconf 77' lang='lat' dir='ltr'>sortione</span> 
     </span>
    </p>
   </div>
   <div class='ocr_carea' id='block_1_4' title="bbox 620 2095 2581 2220">
    <p class='ocr_par' dir='ltr' id='par_1_5' title="bbox 620 2095 2581 2220">
     <span class='ocr_line' id='line_1_12' title="bbox 620 2095 2581 2220; baseline 0 -36"><span class='ocrx_word' id='word_1_130' title='bbox 620 2123 743 2185; x_wconf 88' lang='lat' dir='ltr'>nostra</span> <span class='ocrx_word' id='word_1_131' title='bbox 766 2115 811 2184; x_wconf 87' lang='lat' dir='ltr'>de</span> <span class='ocrx_word' id='word_1_132' title='bbox 837 2119 916 2202; x_wconf 93' lang='lat' dir='ltr'>ipso</span> <span class='ocrx_word' id='word_1_133' title='bbox 940 2115 1036 2202; x_wconf 89' lang='lat' dir='ltr'>vino;</span> <span class='ocrx_word' id='word_1_134' title='bbox 1061 2121 1097 2183; x_wconf 90' lang='lat' dir='ltr'>et</span> <span class='ocrx_word' id='word_1_135' title='bbox 1121 2117 1235 2202; x_wconf 89' lang='lat' dir='ltr'>ipsum</span> <span class='ocrx_word' id='word_1_136' title='bbox 1261 2120 1421 2183; x_wconf 89' lang='lat' dir='ltr'>nostrum</span> <span class='ocrx_word' id='word_1_137' title='bbox 1444 2117 1629 2184; x_wconf 88' lang='lat' dir='ltr'>nutricare</span> <span class='ocrx_word' id='word_1_138' title='bbox 1651 2117 1843 2184; x_wconf 86' lang='lat' dir='ltr'>secundum</span> <span class='ocrx_word' id='word_1_139' title='bbox 1861 2115 2002 2183; x_wconf 93' lang='lat' dir='ltr'>illorum</span> <span class='ocrx_word' id='word_1_140' title='bbox 2020 2095 2304 2220; x_wconf 72' lang='lat' dir='ltr'>possivilitatejn,</span> <span class='ocrx_word' id='word_1_141' title='bbox 2320 2121 2357 2185; x_wconf 91' lang='lat' dir='ltr'>et</span> <span class='ocrx_word' id='word_1_142' title='bbox 2383 2117 2458 2203; x_wconf 87' lang='lat' dir='ltr'>pal·</span> <span class='ocrx_word' id='word_1_143' title='bbox 2575 2105 2581 2114; x_wconf 84' lang='grc'><strong>’</strong></span> 
     </span>
    </p>
   </div>
   <div class='ocr_carea' id='block_1_5' title="bbox 469 2263 2459 2374">
    <p class='ocr_par' dir='ltr' id='par_1_6' title="bbox 469 2263 2459 2374">
     <span class='ocr_line' id='line_1_13' title="bbox 469 2263 2459 2374; baseline 0.001 -37"><span class='ocrx_word' id='word_1_144' title='bbox 469 2295 476 2306; x_wconf 94' lang='grc'><strong><em>·</em></strong></span> <span class='ocrx_word' id='word_1_145' title='bbox 609 2271 806 2339; x_wconf 88' lang='lat' dir='ltr'>mentatica</span> <span class='ocrx_word' id='word_1_146' title='bbox 834 2270 936 2337; x_wconf 90' lang='lat' dir='ltr'>nobis</span> <span class='ocrx_word' id='word_1_147' title='bbox 959 2270 1080 2358; x_wconf 90' lang='lat' dir='ltr'>deant,</span> <span class='ocrx_word' id='word_1_148' title='bbox 1104 2271 1199 2338; x_wconf 85' lang='lat' dir='ltr'>sicut</span> <span class='ocrx_word' id='word_1_149' title='bbox 1224 2271 1358 2338; x_wconf 89' lang='lat' dir='ltr'>iustum</span> <span class='ocrx_word' id='word_1_150' title='bbox 1382 2269 1502 2356; x_wconf 85' lang='lat' dir='ltr'>suerit,</span> <span class='ocrx_word' id='word_1_151' title='bbox 1527 2273 1563 2337; x_wconf 89' lang='lat' dir='ltr'>et</span> <span class='ocrx_word' id='word_1_152' title='bbox 1579 2270 1627 2337; x_wconf 83' lang='lat' dir='ltr'>de·</span> <span class='ocrx_word' id='word_1_153' title='bbox 1638 2269 1729 2356; x_wconf 93' lang='lat' dir='ltr'>quod</span> <span class='ocrx_word' id='word_1_154' title='bbox 1753 2268 1884 2337; x_wconf 89' lang='lat' dir='ltr'>ibidem</span> <span class='ocrx_word' id='word_1_155' title='bbox 1902 2268 2095 2374; x_wconf 81' lang='lat' dir='ltr'>seminant,</span> <span class='ocrx_word' id='word_1_156' title='bbox 2110 2269 2219 2338; x_wconf 88' lang='lat' dir='ltr'>deant</span> <span class='ocrx_word' id='word_1_157' title='bbox 2237 2271 2320 2339; x_wconf 87' lang='lat' dir='ltr'>inde</span> <span class='ocrx_word' id='word_1_158' title='bbox 2344 2263 2459 2341; x_wconf 84' lang='lat' dir='ltr'>terra·</span> 
     </span>
    </p>
   </div>
   <div class='ocr_carea' id='block_1_6' title="bbox 482 2389 2535 4510">
    <p class='ocr_par' dir='ltr' id='par_1_7' title="bbox 482 2389 2535 2822">
     <span class='ocr_line' id='line_1_14' title="bbox 482 2389 2535 2510; baseline 0.001 -20"><span class='ocrx_word' id='word_1_159' title='bbox 482 2445 487 2456; x_wconf 90' lang='lat'>·</span> <span class='ocrx_word' id='word_1_160' title='bbox 606 2419 718 2490; x_wconf 78' lang='lat' dir='ltr'>tioium</span> <span class='ocrx_word' id='word_1_161' title='bbox 743 2421 788 2488; x_wconf 85' lang='lat' dir='ltr'>ad</span> <span class='ocrx_word' id='word_1_162' title='bbox 812 2439 896 2508; x_wconf 89' lang='lat' dir='ltr'>pars</span> <span class='ocrx_word' id='word_1_163' title='bbox 919 2423 1039 2510; x_wconf 68' lang='lat' dir='ltr'>nostri,</span> <span class='ocrx_word' id='word_1_164' title='bbox 1050 2421 1271 2506; x_wconf 89' lang='lat' dir='ltr'>monasterii,</span> <span class='ocrx_word' id='word_1_165' title='bbox 1287 2422 1382 2488; x_wconf 89' lang='lat' dir='ltr'>sicut</span> <span class='ocrx_word' id='word_1_166' title='bbox 1397 2389 1676 2510; x_wconf 81' lang='lat' dir='ltr'>supradiximus3</span> <span class='ocrx_word' id='word_1_167' title='bbox 1696 2427 1732 2492; x_wconf 90' lang='lat' dir='ltr'>et</span> <span class='ocrx_word' id='word_1_168' title='bbox 1746 2422 1853 2510; x_wconf 90' lang='lat' dir='ltr'>quale</span> <span class='ocrx_word' id='word_1_169' title='bbox 1870 2427 2027 2510; x_wconf 90' lang='lat' dir='ltr'>tempore</span> <span class='ocrx_word' id='word_1_170' title='bbox 2044 2423 2116 2492; x_wconf 88' lang='lat' dir='ltr'>illis</span> <span class='ocrx_word' id='word_1_171' title='bbox 2132 2429 2167 2492; x_wconf 90' lang='lat' dir='ltr'>et</span> <span class='ocrx_word' id='word_1_172' title='bbox 2190 2425 2266 2491; x_wconf 86' lang='lat' dir='ltr'>suis</span> <span class='ocrx_word' id='word_1_173' title='bbox 2289 2424 2457 2498; x_wconf 78' lang='lat' dir='ltr'>aradibus</span> <span class='ocrx_word' id='word_1_174' title='bbox 2528 2407 2535 2418; x_wconf 55' lang='lat'>⁸</span> 
     </span>
     <span class='ocr_line' id='line_1_15' title="bbox 605 2567 2501 2664; baseline 0.002 -20"><span class='ocrx_word' id='word_1_175' title='bbox 605 2576 685 2664; x_wconf 90' lang='lat' dir='ltr'>ipsa</span> <span class='ocrx_word' id='word_1_176' title='bbox 707 2574 876 2643; x_wconf 88' lang='lat' dir='ltr'>tradictio</span> <span class='ocrx_word' id='word_1_177' title='bbox 900 2579 1019 2642; x_wconf 89' lang='lat' dir='ltr'>tenere</span> <span class='ocrx_word' id='word_1_178' title='bbox 1042 2581 1079 2642; x_wconf 89' lang='lat' dir='ltr'>et</span> <span class='ocrx_word' id='word_1_179' title='bbox 1103 2574 1263 2644; x_wconf 87' lang='lat' dir='ltr'>lavorare</span> <span class='ocrx_word' id='word_1_180' title='bbox 1287 2591 1358 2642; x_wconf 92' lang='lat' dir='ltr'>non</span> <span class='ocrx_word' id='word_1_181' title='bbox 1374 2573 1563 2661; x_wconf 90' lang='lat' dir='ltr'>boluerint,</span> <span class='ocrx_word' id='word_1_182' title='bbox 1581 2579 1644 2645; x_wconf 93' lang='lat' dir='ltr'>aut</span> <span class='ocrx_word' id='word_1_183' title='bbox 1661 2594 1730 2644; x_wconf 92' lang='lat' dir='ltr'>non</span> <span class='ocrx_word' id='word_1_184' title='bbox 1748 2575 1942 2664; x_wconf 87' lang='lat' dir='ltr'>potuerint,</span> <span class='ocrx_word' id='word_1_185' title='bbox 1959 2576 2127 2646; x_wconf 90' lang='lat' dir='ltr'>inclitum</span> <span class='ocrx_word' id='word_1_186' title='bbox 2145 2577 2228 2647; x_wconf 89' lang='lat' dir='ltr'>illut</span> <span class='ocrx_word' id='word_1_187' title='bbox 2252 2581 2455 2650; x_wconf 87' lang='lat' dir='ltr'>lavoratum</span> <span class='ocrx_word' id='word_1_188' title='bbox 2499 2567 2501 2572; x_wconf 69' lang='grc'><strong>’</strong></span> 
     </span>
     <span class='ocr_line' id='line_1_16' title="bbox 511 2677 2460 2822; baseline 0.003 -25"><span class='ocrx_word' id='word_1_189' title='bbox 511 2705 525 2758; x_wconf 61' lang='grc'>”</span> <span class='ocrx_word' id='word_1_190' title='bbox 609 2713 646 2797; x_wconf 84' lang='lat' dir='ltr'>et</span> <span class='ocrx_word' id='word_1_191' title='bbox 670 2727 863 2816; x_wconf 85' lang='lat' dir='ltr'>cultatum,</span> <span class='ocrx_word' id='word_1_192' title='bbox 887 2677 1005 2816; x_wconf 91' lang='lat' dir='ltr'>qualis</span> <span class='ocrx_word' id='word_1_193' title='bbox 1029 2731 1215 2815; x_wconf 90' lang='lat' dir='ltr'>meruerit,</span> <span class='ocrx_word' id='word_1_194' title='bbox 1243 2687 1406 2796; x_wconf 66' lang='lat' dir='ltr'>remittat</span> <span class='ocrx_word' id='word_1_195' title='bbox 1428 2729 1471 2798; x_wconf 90' lang='lat' dir='ltr'>ad</span> <span class='ocrx_word' id='word_1_196' title='bbox 1497 2747 1579 2815; x_wconf 91' lang='lat' dir='ltr'>pars</span> <span class='ocrx_word' id='word_1_197' title='bbox 1602 2730 1752 2816; x_wconf 82' lang='lat' dir='ltr'>predicti</span> <span class='ocrx_word' id='word_1_198' title='bbox 1771 2711 1992 2817; x_wconf 88' lang='lat' dir='ltr'>monasterii,</span> <span class='ocrx_word' id='word_1_199' title='bbox 2010 2731 2210 2822; x_wconf 81' lang='lat' dir='ltr'>faciendum</span> <span class='ocrx_word' id='word_1_200' title='bbox 2227 2733 2321 2820; x_wconf 92' lang='lat' dir='ltr'>quod</span> <span class='ocrx_word' id='word_1_201' title='bbox 2342 2734 2460 2804; x_wconf 84' lang='lat' dir='ltr'>volue-</span> 
     </span>
    </p>

    <p class='ocr_par' dir='ltr' id='par_1_8' title="bbox 572 2831 2459 2990">
     <span class='ocr_line' id='line_1_17' title="bbox 572 2831 2459 2990; baseline 0.004 -42"><span class='ocrx_word' id='word_1_202' title='bbox 572 2981 576 2990; x_wconf 94' lang='lat'><em>.</em></span> <span class='ocrx_word' id='word_1_203' title='bbox 610 2884 701 2967; x_wconf 91' lang='lat' dir='ltr'>rint,</span> <span class='ocrx_word' id='word_1_204' title='bbox 717 2857 765 2951; x_wconf 81' lang='lat' dir='ltr'>¹et</span> <span class='ocrx_word' id='word_1_205' title='bbox 787 2881 896 2951; x_wconf 89' lang='lat' dir='ltr'>liceat</span> <span class='ocrx_word' id='word_1_206' title='bbox 919 2881 992 2950; x_wconf 91' lang='lat' dir='ltr'>illis</span> <span class='ocrx_word' id='word_1_207' title='bbox 1017 2887 1053 2950; x_wconf 85' lang='lat' dir='ltr'>et</span> <span class='ocrx_word' id='word_1_208' title='bbox 1075 2831 1224 2969; x_wconf 79' lang='lat' dir='ltr'>omines,</span> <span class='ocrx_word' id='word_1_209' title='bbox 1244 2883 1311 2968; x_wconf 89' lang='lat' dir='ltr'>qui</span> <span class='ocrx_word' id='word_1_210' title='bbox 1336 2883 1385 2949; x_wconf 92' lang='lat' dir='ltr'>ibi</span> <span class='ocrx_word' id='word_1_211' title='bbox 1409 2881 1704 2953; x_wconf 86' lang='lat' dir='ltr'>adlaborandum</span> <span class='ocrx_word' id='word_1_212' title='bbox 1721 2884 1900 2974; x_wconf 89' lang='lat' dir='ltr'>miserint,</span> <span class='ocrx_word' id='word_1_213' title='bbox 1918 2859 2001 2955; x_wconf 87' lang='lat' dir='ltr'>inde</span> <span class='ocrx_word' id='word_1_214' title='bbox 2017 2871 2117 2956; x_wconf 70' lang='lat' dir='ltr'>eaire</span> <span class='ocrx_word' id='word_1_215' title='bbox 2133 2905 2213 2956; x_wconf 90' lang='lat' dir='ltr'>cum</span> <span class='ocrx_word' id='word_1_216' title='bbox 2229 2889 2324 2956; x_wconf 92' lang='lat' dir='ltr'>omni</span> <span class='ocrx_word' id='word_1_217' title='bbox 2350 2905 2459 2957; x_wconf 89' lang='lat' dir='ltr'>causa</span> 
     </span>
    </p>

    <p class='ocr_par' dir='ltr' id='par_1_9' title="bbox 576 3021 2461 4202">
     <span class='ocr_line' id='line_1_18' title="bbox 576 3021 2456 3138; baseline 0.001 -32"><span class='ocrx_word' id='word_1_218' title='bbox 576 3021 581 3032; x_wconf 76' lang='lat'>&#39;</span> <span class='ocrx_word' id='word_1_219' title='bbox 611 3037 771 3126; x_wconf 89' lang='lat' dir='ltr'>movilia,</span> <span class='ocrx_word' id='word_1_220' title='bbox 789 3038 880 3126; x_wconf 88' lang='lat' dir='ltr'>quod</span> <span class='ocrx_word' id='word_1_221' title='bbox 899 3037 1029 3106; x_wconf 88' lang='lat' dir='ltr'>ibidem</span> <span class='ocrx_word' id='word_1_222' title='bbox 1046 3038 1232 3125; x_wconf 88' lang='lat' dir='ltr'>abuerint,</span> <span class='ocrx_word' id='word_1_223' title='bbox 1249 3041 1285 3104; x_wconf 87' lang='lat' dir='ltr'>et</span> <span class='ocrx_word' id='word_1_224' title='bbox 1302 3037 1371 3106; x_wconf 91' lang='lat' dir='ltr'>iret</span> <span class='ocrx_word' id='word_1_225' title='bbox 1386 3055 1466 3104; x_wconf 89' lang='lat' dir='ltr'>cum</span> <span class='ocrx_word' id='word_1_226' title='bbox 1484 3036 1565 3106; x_wconf 89' lang='lat' dir='ltr'>illut</span> <span class='ocrx_word' id='word_1_227' title='bbox 1579 3039 1639 3106; x_wconf 91' lang='lat' dir='ltr'>ubi</span> <span class='ocrx_word' id='word_1_228' title='bbox 1657 3038 1845 3108; x_wconf 88' lang='lat' dir='ltr'>voluerint.</span> <span class='ocrx_word' id='word_1_229' title='bbox 1863 3039 1908 3138; x_wconf 77' lang='lat' dir='ltr'>de</span> <span class='ocrx_word' id='word_1_230' title='bbox 1921 3058 1993 3127; x_wconf 89' lang='lat' dir='ltr'>qua</span> <span class='ocrx_word' id='word_1_231' title='bbox 2010 3057 2073 3124; x_wconf 91' lang='lat' dir='ltr'>per</span> <span class='ocrx_word' id='word_1_232' title='bbox 2090 3025 2351 3108; x_wconf 86' lang='lat' dir='ltr'>combenientia</span> <span class='ocrx_word' id='word_1_233' title='bbox 2368 3057 2456 3126; x_wconf 88' lang='lat' dir='ltr'>gua·</span> 
     </span>
     <span class='ocr_line' id='line_1_19' title="bbox 615 3191 2458 3280; baseline -0.001 -18"><span class='ocrx_word' id='word_1_234' title='bbox 615 3193 674 3265; x_wconf 89' lang='lat' dir='ltr'>dia</span> <span class='ocrx_word' id='word_1_235' title='bbox 700 3193 792 3262; x_wconf 90' lang='lat' dir='ltr'>mihi</span> <span class='ocrx_word' id='word_1_236' title='bbox 818 3193 886 3279; x_wconf 90' lang='lat' dir='ltr'>ipsi</span> <span class='ocrx_word' id='word_1_237' title='bbox 912 3193 1078 3280; x_wconf 83' lang='lat' dir='ltr'>germani</span> <span class='ocrx_word' id='word_1_238' title='bbox 1102 3191 1287 3279; x_wconf 91' lang='lat' dir='ltr'>dederunt,</span> <span class='ocrx_word' id='word_1_239' title='bbox 1311 3195 1348 3262; x_wconf 87' lang='lat' dir='ltr'>et</span> <span class='ocrx_word' id='word_1_240' title='bbox 1371 3192 1601 3280; x_wconf 79' lang='lat' dir='ltr'>mediatorem</span> <span class='ocrx_word' id='word_1_241' title='bbox 1625 3191 1715 3259; x_wconf 91' lang='lat' dir='ltr'>mihi</span> <span class='ocrx_word' id='word_1_242' title='bbox 1738 3197 1933 3278; x_wconf 87' lang='lat' dir='ltr'>posuerunt</span> <span class='ocrx_word' id='word_1_243' title='bbox 1949 3191 2122 3260; x_wconf 87' lang='lat' dir='ltr'>iohannes</span> <span class='ocrx_word' id='word_1_244' title='bbox 2150 3191 2245 3276; x_wconf 87' lang='lat' dir='ltr'>filius</span> <span class='ocrx_word' id='word_1_245' title='bbox 2267 3191 2458 3263; x_wconf 87' lang='lat' dir='ltr'>domnandi</span> 
     </span>
     <span class='ocr_line' id='line_1_20' title="bbox 617 3309 2458 3444; baseline 0.002 -29"><span class='ocrx_word' id='word_1_246' title='bbox 617 3309 661 3416; x_wconf 88' lang='lat' dir='ltr'>do</span> <span class='ocrx_word' id='word_1_247' title='bbox 686 3351 806 3418; x_wconf 89' lang='lat' dir='ltr'>eodem</span> <span class='ocrx_word' id='word_1_248' title='bbox 834 3348 970 3434; x_wconf 83' lang='lat' dir='ltr'>locum3&#39;</span> <span class='ocrx_word' id='word_1_249' title='bbox 990 3353 1025 3416; x_wconf 88' lang='lat' dir='ltr'>et</span> <span class='ocrx_word' id='word_1_250' title='bbox 1047 3367 1110 3434; x_wconf 92' lang='lat' dir='ltr'>per</span> <span class='ocrx_word' id='word_1_251' title='bbox 1137 3348 1215 3434; x_wconf 88' lang='lat' dir='ltr'>ipsa</span> <span class='ocrx_word' id='word_1_252' title='bbox 1238 3348 1372 3436; x_wconf 89' lang='lat' dir='ltr'>guadia</span> <span class='ocrx_word' id='word_1_253' title='bbox 1396 3346 1650 3444; x_wconf 86' lang='lat' dir='ltr'>obligaberunt</span> <span class='ocrx_word' id='word_1_254' title='bbox 1672 3363 1709 3412; x_wconf 88' lang='lat' dir='ltr'>se</span> <span class='ocrx_word' id='word_1_255' title='bbox 1732 3349 1768 3414; x_wconf 88' lang='lat' dir='ltr'>et</span> <span class='ocrx_word' id='word_1_256' title='bbox 1791 3345 1865 3413; x_wconf 83' lang='lat' dir='ltr'>suis</span> <span class='ocrx_word' id='word_1_257' title='bbox 1887 3345 2063 3434; x_wconf 90' lang='lat' dir='ltr'>credibus,</span> <span class='ocrx_word' id='word_1_258' title='bbox 2081 3345 2167 3414; x_wconf 85' lang='lat' dir='ltr'>uisi</span> <span class='ocrx_word' id='word_1_259' title='bbox 2191 3345 2314 3416; x_wconf 83' lang='lat' dir='ltr'>taliter</span> <span class='ocrx_word' id='word_1_260' title='bbox 2337 3348 2458 3419; x_wconf 86' lang='lat' dir='ltr'>omnia</span> 
     </span>
     <span class='ocr_line' id='line_1_21' title="bbox 617 3465 2461 3610; baseline -0.001 -38"><span class='ocrx_word' id='word_1_261' title='bbox 617 3503 866 3590; x_wconf 85' lang='lat' dir='ltr'>suprascripta</span> <span class='ocrx_word' id='word_1_262' title='bbox 891 3501 965 3571; x_wconf 91' lang='lat' dir='ltr'>illis</span> <span class='ocrx_word' id='word_1_263' title='bbox 990 3505 1026 3610; x_wconf 83' lang='lat' dir='ltr'>et</span> <span class='ocrx_word' id='word_1_264' title='bbox 1053 3465 1127 3568; x_wconf 89' lang='lat' dir='ltr'>suis</span> <span class='ocrx_word' id='word_1_265' title='bbox 1150 3498 1317 3567; x_wconf 90' lang='lat' dir='ltr'>eredibus</span> <span class='ocrx_word' id='word_1_266' title='bbox 1341 3498 1386 3568; x_wconf 89' lang='lat' dir='ltr'>ad</span> <span class='ocrx_word' id='word_1_267' title='bbox 1410 3518 1495 3586; x_wconf 91' lang='lat' dir='ltr'>pars</span> <span class='ocrx_word' id='word_1_268' title='bbox 1518 3487 1634 3586; x_wconf 88' lang='lat' dir='ltr'>ipsius</span> <span class='ocrx_word' id='word_1_269' title='bbox 1657 3499 1849 3568; x_wconf 85' lang='lat' dir='ltr'>monasteri</span> <span class='ocrx_word' id='word_1_270' title='bbox 1873 3518 1944 3567; x_wconf 92' lang='lat' dir='ltr'>non</span> <span class='ocrx_word' id='word_1_271' title='bbox 1967 3497 2240 3587; x_wconf 89' lang='lat' dir='ltr'>adimpleverint</span> <span class='ocrx_word' id='word_1_272' title='bbox 2261 3503 2298 3570; x_wconf 92' lang='lat' dir='ltr'>et</span> <span class='ocrx_word' id='word_1_273' title='bbox 2330 3502 2461 3590; x_wconf 87' lang='lat' dir='ltr'>aliquit</span> 
     </span>
     <span class='ocr_line' id='line_1_22' title="bbox 617 3629 2459 3742; baseline 0 -19"><span class='ocrx_word' id='word_1_274' title='bbox 617 3658 700 3727; x_wconf 92' lang='lat' dir='ltr'>inde</span> <span class='ocrx_word' id='word_1_275' title='bbox 723 3629 1024 3740; x_wconf 70' lang='lat' dir='ltr'>contradixerint,</span> <span class='ocrx_word' id='word_1_276' title='bbox 1048 3665 1111 3740; x_wconf 88' lang='lat' dir='ltr'>per</span> <span class='ocrx_word' id='word_1_277' title='bbox 1135 3655 1211 3740; x_wconf 92' lang='lat' dir='ltr'>ipsa</span> <span class='ocrx_word' id='word_1_278' title='bbox 1234 3649 1368 3740; x_wconf 86' lang='lat' dir='ltr'>guadia</span> <span class='ocrx_word' id='word_1_279' title='bbox 1391 3671 1599 3740; x_wconf 89' lang='lat' dir='ltr'>componere</span> <span class='ocrx_word' id='word_1_280' title='bbox 1622 3649 1871 3742; x_wconf 84' lang='lat' dir='ltr'>obligaberunt</span> <span class='ocrx_word' id='word_1_281' title='bbox 1893 3672 1930 3722; x_wconf 90' lang='lat' dir='ltr'>se</span> <span class='ocrx_word' id='word_1_282' title='bbox 1953 3659 1989 3723; x_wconf 86' lang='lat' dir='ltr'>et</span> <span class='ocrx_word' id='word_1_283' title='bbox 2011 3655 2087 3722; x_wconf 91' lang='lat' dir='ltr'>suis</span> <span class='ocrx_word' id='word_1_284' title='bbox 2102 3655 2268 3724; x_wconf 87' lang='lat' dir='ltr'>eredibus</span> <span class='ocrx_word' id='word_1_285' title='bbox 2291 3656 2380 3724; x_wconf 91' lang='lat' dir='ltr'>mihi</span> <span class='ocrx_word' id='word_1_286' title='bbox 2403 3653 2459 3724; x_wconf 85' lang='lat' dir='ltr'>vel</span> 
     </span>
     <span class='ocr_line' id='line_1_23' title="bbox 620 3753 2461 3900; baseline -0.001 -20"><span class='ocrx_word' id='word_1_287' title='bbox 620 3753 664 3880; x_wconf 80' lang='lat' dir='ltr'>ad</span> <span class='ocrx_word' id='word_1_288' title='bbox 689 3809 952 3878; x_wconf 83' lang='lat' dir='ltr'>successoribus</span> <span class='ocrx_word' id='word_1_289' title='bbox 976 3808 1078 3894; x_wconf 75' lang='lat' dir='ltr'>meiS,</span> <span class='ocrx_word' id='word_1_290' title='bbox 1103 3761 1201 3875; x_wconf 71' lang='lat' dir='ltr'>soum</span> <span class='ocrx_word' id='word_1_291' title='bbox 1228 3806 1273 3876; x_wconf 87' lang='lat' dir='ltr'>ad</span> <span class='ocrx_word' id='word_1_292' title='bbox 1298 3825 1380 3892; x_wconf 90' lang='lat' dir='ltr'>pars</span> <span class='ocrx_word' id='word_1_293' title='bbox 1406 3805 1517 3894; x_wconf 88' lang='lat' dir='ltr'>ipsius</span> <span class='ocrx_word' id='word_1_294' title='bbox 1540 3806 1759 3893; x_wconf 87' lang='lat' dir='ltr'>monasterii,</span> <span class='ocrx_word' id='word_1_295' title='bbox 1777 3809 1841 3874; x_wconf 91' lang='lat' dir='ltr'>aut</span> <span class='ocrx_word' id='word_1_296' title='bbox 1856 3809 1913 3876; x_wconf 93' lang='lat' dir='ltr'>cui</span> <span class='ocrx_word' id='word_1_297' title='bbox 1931 3809 2073 3876; x_wconf 90' lang='lat' dir='ltr'>brebom</span> <span class='ocrx_word' id='word_1_298' title='bbox 2091 3811 2158 3878; x_wconf 87' lang='lat' dir='ltr'>iste</span> <span class='ocrx_word' id='word_1_299' title='bbox 2175 3773 2214 3878; x_wconf 77' lang='lat' dir='ltr'>in</span> <span class='ocrx_word' id='word_1_300' title='bbox 2231 3828 2374 3886; x_wconf 89' lang='lat' dir='ltr'>manum</span> <span class='ocrx_word' id='word_1_301' title='bbox 2398 3830 2461 3900; x_wconf 91' lang='lat' dir='ltr'>pa·</span> 
     </span>
     <span class='ocr_line' id='line_1_24' title="bbox 613 3954 2460 4049; baseline 0.003 -23"><span class='ocrx_word' id='word_1_302' title='bbox 613 3961 742 4048; x_wconf 88' lang='lat' dir='ltr'>ruerit,</span> <span class='ocrx_word' id='word_1_303' title='bbox 767 3961 922 4046; x_wconf 84' lang='lat' dir='ltr'>triginta</span> <span class='ocrx_word' id='word_1_304' title='bbox 949 3961 1029 4030; x_wconf 90' lang='lat' dir='ltr'>auri</span> <span class='ocrx_word' id='word_1_305' title='bbox 1056 3961 1159 4028; x_wconf 91' lang='lat' dir='ltr'>solidi</span> <span class='ocrx_word' id='word_1_306' title='bbox 1183 3961 1412 4029; x_wconf 88' lang='lat' dir='ltr'>constantini.</span> <span class='ocrx_word' id='word_1_307' title='bbox 1436 3963 1682 4027; x_wconf 89' lang='lat' dir='ltr'>verumtamen</span> <span class='ocrx_word' id='word_1_308' title='bbox 1705 3954 1886 4049; x_wconf 86' lang='lat' dir='ltr'>licentiam</span> <span class='ocrx_word' id='word_1_309' title='bbox 1909 3959 2041 4028; x_wconf 88' lang='lat' dir='ltr'>abeant</span> <span class='ocrx_word' id='word_1_310' title='bbox 2065 3957 2136 4027; x_wconf 88' lang='lat' dir='ltr'>illis</span> <span class='ocrx_word' id='word_1_311' title='bbox 2160 3961 2291 4032; x_wconf 88' lang='lat' dir='ltr'>ibidem</span> <span class='ocrx_word' id='word_1_312' title='bbox 2323 3965 2460 4034; x_wconf 85' lang='lat' dir='ltr'>omines</span> 
     </span>
     <span class='ocr_line' id='line_1_25' title="bbox 615 4115 2194 4202; baseline -0.003 -18"><span class='ocrx_word' id='word_1_313' title='bbox 615 4115 660 4184; x_wconf 88' lang='lat' dir='ltr'>ad</span> <span class='ocrx_word' id='word_1_314' title='bbox 685 4115 920 4188; x_wconf 83' lang='lat' dir='ltr'>lavorandum</span> <span class='ocrx_word' id='word_1_315' title='bbox 945 4117 1104 4183; x_wconf 89' lang='lat' dir='ltr'>mittere.</span> <span class='ocrx_word' id='word_1_316' title='bbox 1129 4115 1222 4202; x_wconf 92' lang='lat' dir='ltr'>quod</span> <span class='ocrx_word' id='word_1_317' title='bbox 1249 4116 1375 4202; x_wconf 86' lang='lat' dir='ltr'>scripsi</span> <span class='ocrx_word' id='word_1_318' title='bbox 1399 4132 1465 4202; x_wconf 86' lang='lat' dir='ltr'>ego</span> <span class='ocrx_word' id='word_1_319' title='bbox 1488 4117 1611 4202; x_wconf 90' lang='lat' dir='ltr'>petrus</span> <span class='ocrx_word' id='word_1_320' title='bbox 1635 4116 1811 4200; x_wconf 89' lang='lat' dir='ltr'>presbiter</span> <span class='ocrx_word' id='word_1_321' title='bbox 1834 4119 1871 4185; x_wconf 89' lang='lat' dir='ltr'>et</span> <span class='ocrx_word' id='word_1_322' title='bbox 1894 4117 2065 4186; x_wconf 88' lang='lat' dir='ltr'>notarius.</span> <span class='ocrx_word' id='word_1_323' title='bbox 2189 4171 2194 4180; x_wconf 93' lang='lat'><em>.</em></span> 
     </span>
    </p>

    <p class='ocr_par' dir='ltr' id='par_1_10' title="bbox 492 4238 1320 4510">
     <span class='ocr_line' id='line_1_26' title="bbox 664 4238 1320 4368; baseline 0.005 -34"><span class='ocrx_word' id='word_1_324' title='bbox 664 4238 795 4354; x_wconf 89' lang='lat' dir='ltr'>†Ego</span> <span class='ocrx_word' id='word_1_325' title='bbox 818 4265 1175 4356; x_wconf 85' lang='lat' dir='ltr'>petrus-presbiter&#39;</span> <span class='ocrx_word' id='word_1_326' title='bbox 1240 4361 1243 4368; x_wconf 28' lang='grc' dir='ltr'>Ι</span> <span class='ocrx_word' id='word_1_327' title='bbox 1293 4311 1320 4358; x_wconf 69' lang='grc'><strong>.</strong></span> 
     </span>
     <span class='ocr_line' id='line_1_27' title="bbox 492 4378 883 4510; baseline 0.003 -20"><span class='ocrx_word' id='word_1_328' title='bbox 492 4378 526 4466; x_wconf 59' lang='grc' dir='ltr'><strong> </strong></span> <span class='ocrx_word' id='word_1_329' title='bbox 665 4394 795 4510; x_wconf 86' lang='lat' dir='ltr'>†Ego</span> <span class='ocrx_word' id='word_1_330' title='bbox 819 4422 883 4491; x_wconf 88' lang='lat' dir='ltr'>leo.</span> 
     </span>
    </p>
   </div>
   <div class='ocr_carea' id='block_1_7' title="bbox 1412 4817 1665 4899">
    <p class='ocr_par' dir='ltr' id='par_1_11' title="bbox 1412 4817 1665 4899">
     <span class='ocr_line' id='line_1_28' title="bbox 1412 4817 1665 4899; baseline 0.004 -1"><span class='ocrx_word' id='word_1_331' title='bbox 1412 4817 1665 4899; x_wconf 86' lang='lat' dir='ltr'>CMXIX·</span> 
     </span>
    </p>
   </div>
   <div class='ocr_carea' id='block_1_8' title="bbox 1359 5083 1684 5159">
    <p class='ocr_par' dir='ltr' id='par_1_12' title="bbox 1359 5083 1684 5159">
     <span class='ocr_line' id='line_1_29' title="bbox 1359 5083 1684 5159; baseline -0.015 -2"><span class='ocrx_word' id='word_1_332' title='bbox 1359 5083 1444 5157; x_wconf 88' lang='lat' dir='ltr'>·A.</span> <span class='ocrx_word' id='word_1_333' title='bbox 1472 5083 1527 5158; x_wconf 88' lang='lat' dir='ltr'>D.</span> <span class='ocrx_word' id='word_1_334' title='bbox 1557 5083 1684 5159; x_wconf 83' lang='lat'><strong>1037.</strong></span> 
     </span>
    </p>
   </div>
   <div class='ocr_carea' id='block_1_9' title="bbox 667 5283 2559 5436">
    <p class='ocr_par' dir='ltr' id='par_1_13' title="bbox 667 5283 2559 5436">
     <span class='ocr_line' id='line_1_30' title="bbox 667 5283 2559 5436; baseline 0.006 -34"><span class='ocrx_word' id='word_1_335' title='bbox 667 5283 702 5424; x_wconf 80' lang='lat'>†</span> <span class='ocrx_word' id='word_1_336' title='bbox 728 5339 767 5403; x_wconf 94' lang='lat' dir='ltr'>ln</span> <span class='ocrx_word' id='word_1_337' title='bbox 792 5335 935 5405; x_wconf 92' lang='lat' dir='ltr'>nomine</span> <span class='ocrx_word' id='word_1_338' title='bbox 960 5337 1092 5432; x_wconf 90' lang='lat' dir='ltr'>domini</span> <span class='ocrx_word' id='word_1_339' title='bbox 1118 5355 1212 5406; x_wconf 91' lang='lat' dir='ltr'>nono</span> <span class='ocrx_word' id='word_1_340' title='bbox 1229 5338 1364 5408; x_wconf 90' lang='lat' dir='ltr'>decimo</span> <span class='ocrx_word' id='word_1_341' title='bbox 1378 5357 1474 5409; x_wconf 91' lang='lat' dir='ltr'>anno</span> <span class='ocrx_word' id='word_1_342' title='bbox 1490 5340 1713 5428; x_wconf 87' lang='lat' dir='ltr'>principatus</span> <span class='ocrx_word' id='word_1_343' title='bbox 1728 5341 1847 5410; x_wconf 93' lang='lat' dir='ltr'>domni</span> <span class='ocrx_word' id='word_1_344' title='bbox 1864 5345 1976 5411; x_wconf 88' lang='lat' dir='ltr'>nostri</span> <span class='ocrx_word' id='word_1_345' title='bbox 1993 5343 2173 5430; x_wconf 80' lang='lat' dir='ltr'>guaimari</span> <span class='ocrx_word' id='word_1_346' title='bbox 2191 5344 2347 5431; x_wconf 88' lang='lat' dir='ltr'>glorioso</span> <span class='ocrx_word' id='word_1_347' title='bbox 2362 5347 2463 5436; x_wconf 46' lang='lat' dir='ltr'>prins</span> <span class='ocrx_word' id='word_1_348' title='bbox 2556 5333 2559 5338; x_wconf 69' lang='grc'><strong>’</strong></span> 
     </span>
    </p>
   </div>
   <div class='ocr_carea' id='block_1_10' title="bbox 618 5491 2462 5756">
    <p class='ocr_par' dir='ltr' id='par_1_14' title="bbox 618 5491 2462 5756">
     <span class='ocr_line' id='line_1_31' title="bbox 618 5491 2462 5583; baseline 0.005 -25"><span class='ocrx_word' id='word_1_349' title='bbox 618 5508 714 5578; x_wconf 87' lang='lat' dir='ltr'>ceps,</span> <span class='ocrx_word' id='word_1_350' title='bbox 740 5491 806 5558; x_wconf 87' lang='lat' dir='ltr'>filii</span> <span class='ocrx_word' id='word_1_351' title='bbox 832 5491 1011 5578; x_wconf 90' lang='lat' dir='ltr'>quondam</span> <span class='ocrx_word' id='word_1_352' title='bbox 1036 5494 1156 5563; x_wconf 89' lang='lat' dir='ltr'>domni</span> <span class='ocrx_word' id='word_1_353' title='bbox 1181 5493 1361 5580; x_wconf 85' lang='lat' dir='ltr'>guaimari</span> <span class='ocrx_word' id='word_1_354' title='bbox 1384 5495 1569 5581; x_wconf 67' lang='lat' dir='ltr'>principis</span> <span class='ocrx_word' id='word_1_355' title='bbox 1592 5513 1712 5564; x_wconf 89' lang='lat' dir='ltr'>mense</span> <span class='ocrx_word' id='word_1_356' title='bbox 1735 5500 1896 5583; x_wconf 83' lang='lat' dir='ltr'>agustus,</span> <span class='ocrx_word' id='word_1_357' title='bbox 1913 5498 2041 5581; x_wconf 91' lang='lat' dir='ltr'>quinta</span> <span class='ocrx_word' id='word_1_358' title='bbox 2063 5497 2274 5566; x_wconf 86' lang='lat' dir='ltr'>indictione.</span> <span class='ocrx_word' id='word_1_359' title='bbox 2291 5499 2462 5570; x_wconf 75' lang='lat' dir='ltr'>Memora·</span> 
     </span>
     <span class='ocr_line' id='line_1_32' title="bbox 622 5642 2462 5756; baseline 0.007 -47"><span class='ocrx_word' id='word_1_360' title='bbox 622 5642 755 5710; x_wconf 82' lang='lat' dir='ltr'>lorium</span> <span class='ocrx_word' id='word_1_361' title='bbox 778 5645 951 5716; x_wconf 87' lang='lat' dir='ltr'>sactuma</span> <span class='ocrx_word' id='word_1_362' title='bbox 971 5646 1072 5713; x_wconf 90' lang='lat' dir='ltr'>nobis</span> <span class='ocrx_word' id='word_1_363' title='bbox 1096 5644 1292 5714; x_wconf 89' lang='lat' dir='ltr'>musandus</span> <span class='ocrx_word' id='word_1_364' title='bbox 1317 5645 1533 5714; x_wconf 80' lang='lat' dir='ltr'>venerabilis</span> <span class='ocrx_word' id='word_1_365' title='bbox 1556 5648 1665 5718; x_wconf 91' lang='lat' dir='ltr'>abbas</span> <span class='ocrx_word' id='word_1_366' title='bbox 1682 5667 1727 5717; x_wconf 89' lang='lat' dir='ltr'>ex</span> <span class='ocrx_word' id='word_1_367' title='bbox 1743 5648 1948 5756; x_wconf 74' lang='lat' dir='ltr'>monasterii</span> <span class='ocrx_word' id='word_1_368' title='bbox 1973 5655 2094 5720; x_wconf 86' lang='lat' dir='ltr'>sancte</span> <span class='ocrx_word' id='word_1_369' title='bbox 2116 5649 2200 5718; x_wconf 85' lang='lat' dir='ltr'>solie</span> <span class='ocrx_word' id='word_1_370' title='bbox 2223 5671 2292 5739; x_wconf 91' lang='lat' dir='ltr'>que</span> <span class='ocrx_word' id='word_1_371' title='bbox 2314 5656 2386 5722; x_wconf 88' lang='lat' dir='ltr'>sita</span> <span class='ocrx_word' id='word_1_372' title='bbox 2409 5659 2462 5722; x_wconf 88' lang='lat' dir='ltr'>est</span> 
     </span>
    </p>
   </div>
   <div class='ocr_carea' id='block_1_11' title="bbox 610 5795 2460 5914">
    <p class='ocr_par' dir='ltr' id='par_1_15' title="bbox 610 5795 2460 5914">
     <span class='ocr_line' id='line_1_33' title="bbox 610 5795 2460 5914; baseline 0.007 -54"><span class='ocrx_word' id='word_1_373' title='bbox 610 5797 715 5864; x_wconf 90' lang='lat' dir='ltr'>intus</span> <span class='ocrx_word' id='word_1_374' title='bbox 739 5795 835 5864; x_wconf 89' lang='lat' dir='ltr'>cives</span> <span class='ocrx_word' id='word_1_375' title='bbox 867 5796 1021 5884; x_wconf 89' lang='lat' dir='ltr'>salerno,</span> <span class='ocrx_word' id='word_1_376' title='bbox 1046 5801 1082 5866; x_wconf 89' lang='lat' dir='ltr'>et</span> <span class='ocrx_word' id='word_1_377' title='bbox 1105 5796 1235 5866; x_wconf 91' lang='lat' dir='ltr'>mulier</span> <span class='ocrx_word' id='word_1_378' title='bbox 1258 5798 1352 5864; x_wconf 89' lang='lat' dir='ltr'>nomi</span> <span class='ocrx_word' id='word_1_379' title='bbox 1365 5814 1409 5866; x_wconf 93' lang='lat' dir='ltr'>ne</span> <span class='ocrx_word' id='word_1_380' title='bbox 1431 5817 1572 5914; x_wconf 65' lang='lat' dir='ltr'>gemma</span> <span class='ocrx_word' id='word_1_381' title='bbox 1587 5799 1713 5870; x_wconf 85' lang='lat' dir='ltr'>reclita</span> <span class='ocrx_word' id='word_1_382' title='bbox 1730 5802 1904 5887; x_wconf 90' lang='lat' dir='ltr'>quondam</span> <span class='ocrx_word' id='word_1_383' title='bbox 1920 5803 2089 5891; x_wconf 82' lang='lat' dir='ltr'>gualieri,</span> <span class='ocrx_word' id='word_1_384' title='bbox 2106 5803 2179 5871; x_wconf 86' lang='lat' dir='ltr'>tilio</span> <span class='ocrx_word' id='word_1_385' title='bbox 2196 5803 2286 5872; x_wconf 87' lang='lat' dir='ltr'>idem</span> <span class='ocrx_word' id='word_1_386' title='bbox 2306 5805 2460 5893; x_wconf 83' lang='lat' dir='ltr'>guaiferi</span> 
     </span>
    </p>
   </div>
   <div class='ocr_carea' id='block_1_12' title="bbox 0 0 2746 7092">
    <p class='ocr_par' dir='ltr' id='par_1_16' title="bbox 0 0 2746 7092">
     <span class='ocr_line' id='line_1_34' title="bbox 0 0 2746 7092; baseline 0 0"><span class='ocrx_word' id='word_1_387' title='bbox 0 0 2746 7092; x_wconf 95' lang='lat' dir='ltr'> </span> 
     </span>
    </p>
   </div>
  </div>
 </body>
</html>
