5408 7108
1001 523 1408 598 DlPLOMATlCUS
1612 553 1615 560 ⁴
2003 525 2072 596 ull

277 747 436 832 rentum,
461 747 497 813 et
520 745 637 832 primo
661 763 757 814 anno
780 749 1004 836 principatus
1026 749 1144 818 domni
1167 752 1279 818 nostri
1302 748 1421 834 gisolfi
1448 798 1678 818 .......
1705 751 1981 837 subscriptorum
1998 748 2128 818 eximii

276 898 452 984 principis
467 901 503 966 et
519 899 633 986 ducis,
650 917 771 966 mense
795 903 997 986 november,
1023 900 1210 968 undecima
1235 898 1440 968 indictione.
1466 901 1755 968 memoratorium
1780 901 1913 968 factum
1938 917 2033 968 ame
2049 919 2129 967 ma-

276 1050 461 1120 chenolsus
485 1048 559 1118 filio
583 1052 762 1138 quondam
783 1053 994 1120 macbenolfi
1018 1052 1060 1119 de
1084 1055 1252 1138 nucerie,
1285 1070 1325 1120 eo
1348 1053 1440 1138 quod
1470 1058 1555 1123 ante
1586 1054 1776 1140 subscripti
1808 1058 1914 1121 testes
1943 1072 2006 1138 per
2029 1054 2129 1119 bona

277 1203 540 1270 combenientia
563 1200 714 1269 tradidit
736 1204 788 1270 eis
813 1206 935 1287 petrus
958 1205 994 1270 et
1015 1201 1190 1288 ‚iohannes
1214 1205 1379 1289 germani
1396 1206 1461 1274 filii
1487 1206 1641 1293 garelali
1673 1205 1716 1273 de
1739 1207 1852 1273 locum
1877 1205 2034 1273 fiocoanu
2058 1203 2126 1270 due

278 1353 378 1438 pecie
402 1351 445 1418 db
469 1351 579 1420 terris
601 1358 722 1421 nostre
746 1372 825 1421 cnm
849 1357 1006 1423 arbustis
1029 1357 1154 1424 vitatis
1177 1360 1214 1422 in
1232 1359 1398 1426 iamdicto
1421 1360 1536 1426 locum
1558 1359 1769 1444 fioccanum,
1793 1359 1855 1425 ubi
1880 1357 1926 1426 ad
1949 1374 2063 1445 gorga
2085 1356 2135 1424 do·

284 1503 451 1590 lupenum
476 1505 621 1590 dieitur,
648 1524 710 1590 per
735 1505 817 1574 finis
841 1510 875 1573 et
898 1507 1091 1591 mensurio,
1115 1507 1208 1575 sicut
1225 1510 1307 1594 ipsa
1321 1527 1402 1578 mea
1423 1509 1565 1580 cartula
1588 1512 1762 1596 eontinet,
1787 1511 1880 1596 quod
1903 1526 1969 1598 ego
1991 1509 2037 1577 da
2061 1509 2130 1596 ipsi

278 1657 444 1745 germani
469 1661 636 1744 paratum
661 1660 750 1728 abeo
772 1677 835 1746 per
857 1663 1101 1746 suprascripta
1124 1661 1264 1730 cartula
1288 1680 1349 1747 per
1373 1662 1456 1729 finis
1479 1665 1514 1729 et
1538 1661 1762 1747 mensurias3
1796 1663 1912 1747 prima
1937 1661 2129 1748 poclaque

277 1814 331 1880 est
355 1811 399 1881 ad
423 1814 494 1880 fine
518 1815 578 1880 ria
604 1861 613 1879 .
641 1865 648 1880 .
679 1862 686 1879 .
717 1866 724 1882 .
750 1815 873 1886 biana:
893 1836 915 1885 a
940 1835 1023 1904 pars
1046 1817 1299 1903 septentrionis
1322 1817 1392 1883 fine
1396 1864 1553 1884 .....
1579 1815 1649 1890 via,
1675 1823 1759 1884 sunt
1783 1817 1867 1885 inde
1891 1819 1985 1904 passi
2010 1816 2128 1884 decem

277 1970 313 2036 et
337 1969 485 2053 gubito:
511 1986 533 2035 a
558 1986 643 2053 pars
667 1969 860 2037 occidentis
877 1971 953 2037 fine
975 1970 1019 2037 de
1042 1971 1264 2036 consortibus
1289 1969 1443 2054 illorum,
1468 1968 1551 2036 inde
1575 1971 1660 2034 sunl
1686 1965 1780 2051 passi
1805 1969 2000 2052 sexaginta
2026 1971 2134 2034 boeto

277 2124 312 2187 et
339 2121 508 2188 medium:
533 2121 706 2209 desuper
730 2141 753 2190 a
777 2139 858 2208 pars
882 2123 1030 2189 meridie
1055 2125 1091 2187 et
1117 2120 1198 2188 inde
1223 2121 1292 2186 fine
1315 2119 1359 2186 de
1382 2119 1605 2186 consortibus
1630 2119 1785 2204 illorum,
1813 2119 1894 2186 inde
1919 2123 2004 2185 sunt
2031 2121 2129 2204 passi

276 2274 596 2361 quadtuordecim:
624 2296 646 2344 a
671 2295 754 2363 pars
778 2279 927 2345 orientis
950 2281 986 2344 et
1009 2275 1091 2342 inde
1115 2275 1185 2341 fine
1209 2275 1251 2342 de
1273 2277 1497 2342 consortibus
1521 2275 1683 2362 illorum,
1709 2275 1791 2342 inde
1814 2273 2007 2360 sexaginta
2031 2281 2126 2342 octoe

276 2426 435 2495 secunda
458 2427 560 2513 pecie
585 2445 648 2513 per
671 2431 737 2496 hec
760 2427 842 2495 finis
865 2431 900 2496 et
923 2430 1126 2494 mensurie:
1160 2447 1182 2494 a
1206 2443 1289 2512 pars
1313 2429 1574 2512 septemtrionis
1598 2430 1669 2494 fine
1692 2427 1904 2514 alexandri,
1939 2428 2020 2494 inde
2045 2431 2129 2495 abet

275 2583 375 2666 passi
400 2579 576 2647 tridecim:
602 2599 624 2647 a
648 2571 732 2665 pars
755 2577 903 2648 orientis
925 2581 996 2647 fine
1019 2598 1098 2647 mea
1117 2579 1198 2646 inde
1216 2581 1309 2665 passi
1335 2577 1488 2667 triginta
1512 2581 1706 2666 quadtuor;
1732 2599 1853 2666 apars
1871 2581 2018 2648 meridie
2036 2583 2129 2648 sicut

277 2734 360 2817 poiu
384 2731 568 2818 discernit,
584 2731 665 2838 inde
688 2738 773 2800 sunt
796 2735 890 2817 passi
917 2732 1080 2799 undecim
1097 2737 1133 2798 et
1150 2732 1357 2800 medium:a
1380 2751 1463 2818 pars
1487 2731 1678 2799 occidentis
1701 2736 1737 2798 et
1763 2731 1845 2836 inde
1862 2733 1932 2798 fine
1948 2751 2027 2801 mea
2046 2733 2128 2798 inde

275 2887 362 2950 sunt
385 2885 480 2968 passi
507 2884 658 2970 triginta
682 2885 857 2970 quadtuor
872 2934 882 2971 ,
910 2887 1022 2952 totum
1051 2883 1096 2952 ad
1121 2884 1214 2950 iusto
1243 2903 1385 2970 passum
1409 2866 1544 2951 homini
1577 2889 1631 2953 est
1665 2889 1921 2952 mensuratum.
1954 2887 2019 2953 hee
2045 2901 2133 2954 vero
2196 2892 2201 2901 '

278 3036 385 3102 rebus
409 3053 471 3121 per
495 3035 662 3103 iamdicta
686 3037 769 3103 finis
793 3041 828 3105 et
851 3038 1031 3104 mensurio
1055 3035 1181 3103 inolita
1208 3035 1381 3104 medietas
1409 3037 1452 3103 de
1481 3036 1557 3120 ipsa
1581 3035 1736 3102 secunda
1765 3038 1866 3121 pecie
1894 3036 2063 3104 medietas
2088 3036 2126 3103 in

279 3187 442 3272 partibus
465 3186 615 3254 meridie
639 3191 677 3254 et
699 3187 821 3272 priora
853 3186 953 3274 peeia
985 3187 1156 3254 medietas
1187 3173 1412 3273 inpartibus
1444 3188 1636 3255 occidentis
1664 3186 1706 3255 de
1735 3187 1811 3274 ipsa
1838 3187 1998 3273 predicta
2028 3207 2126 3256 men·

276 3343 377 3409 suria
401 3327 573 3409 medietas
598 3340 752 3426 ipsorum
775 3337 940 3426 germani
964 3338 1112 3406 tradidit
1141 3340 1177 3404 in
1201 3340 1265 3408 tali
1293 3340 1442 3425 ordine,
1474 3346 1515 3408 ut
1538 3341 1661 3408 amodo
1677 3347 1712 3408 et
1737 3359 1874 3426 semper
1900 3343 2020 3409 homni
2037 3347 2131 3409 tem·

274 3511 373 3582 pore,
397 3498 500 3561 natos
522 3496 722 3577 nascentes,
747 3511 769 3560 a
793 3509 857 3560 sua
879 3495 915 3560 et
938 3493 980 3560 de
1004 3491 1077 3560 suis
1101 3491 1290 3559 heredibus
1324 3493 1397 3560 sint
1428 3498 1634 3578 potestatem
1659 3494 1741 3561 illut
1762 3511 1821 3560 eos
1848 3457 2053 3580 tenendum,
2087 3500 2125 3563 et

273 3645 540 3714 dominandum,
559 3647 594 3712 et
610 3645 709 3711 sobee
731 3648 766 3712 ot
789 3646 903 3711 omnis
927 3663 989 3712 sue
1013 3644 1207 3712 utilitatem
1231 3647 1323 3712 iusta
1347 3649 1486 3714 ratione
1511 3649 1639 3715 ibidem
1664 3648 1813 3733 faciant,
1836 3652 1885 3732 et,
1906 3649 1965 3712 ubi
1984 3667 2120 3716 merue·
2166 3640 2169 3649 “

275 3800 337 3884 rit,
362 3817 505 3867 arvores
528 3801 564 3865 et
589 3799 679 3865 vites
703 3795 775 3862 illis
798 3815 857 3863 eos
880 3797 1009 3864 ibidem
1035 3803 1239 3883 pastenaset
1266 3805 1303 3866 et
1332 3800 1585 3886 propaginaset
1608 3804 1644 3866 et
1667 3800 1803 3872 cultare
1826 3801 1868 3867 de
1892 3819 1996 3885 super
2020 3808 2056 3869 et
2080 3801 2124 3868 de

271 3953 406 4036 subter,
431 3953 524 4018 siout
540 3949 643 4026 ¹locus
666 3951 740 4034 ipse
768 3951 953 4036 meruerit,
979 3955 1018 4018 ut
1043 3969 1180 4037 semper
1209 3954 1337 4017 bonum
1365 3951 1496 4036 paread
1523 3952 1720 4018 lat-oratum
1746 3957 1781 4019 et
1805 3915 1991 4040 cultatum,
2018 3955 2122 4022 utin

272 4102 401 4170 melius
424 4102 614 4187 proficiant
636 4105 674 4168 et
697 4118 769 4168 non
792 4101 1017 4186 dixpereant,
1044 4107 1080 4168 et
1103 4103 1227 4170 amodo
1257 4107 1292 4169 et
1315 4121 1452 4186 semper
1476 4103 1597 4168 homni
1623 4108 1786 4214 tempore⁸
1807 4121 1869 4188 per
1893 4107 2050 4189 tempore
2075 4104 2122 4172 de

271 4255 449 4323 vindemie
472 4255 608 4323 faciant
632 4254 703 4322 illis
727 4254 782 4322 vel
799 4253 939 4321 illorum
963 4253 1085 4320 eredes
1108 4255 1210 4320 nobis
1233 4254 1286 4318 vel
1306 4255 1437 4321 nostris
1460 4253 1663 4338 heredibus,
1682 4261 1719 4320 ut
1744 4253 1881 4339 dirigat
1904 4257 1968 4321 aut
1992 4259 2127 4341 pergat.

251 4407 400 4476 ‘ibidem
426 4409 571 4474 missum
595 4410 780 4493 nostrum,
806 4409 842 4473 ct
865 4405 939 4471 illis
965 4405 1020 4471 vel
1046 4408 1120 4472 suis
1149 4405 1338 4474 heredibus
1365 4409 1448 4474 able
1475 4412 1632 4493 tempore
1662 4406 1733 4472 illis
1762 4407 1983 4473 vindemiare
2011 4413 2046 4474 et
2071 4407 2115 4475 ad
2230 4405 2234 4412 '

270 4563 489 4649 palmentum
516 4565 590 4649 ipso
614 4564 696 4626 vino
721 4567 973 4648 procurarent,
987 4563 1022 4628 et
1039 4562 1088 4626 sic
1114 4561 1188 4646 ipso
1211 4563 1290 4626 vino
1308 4578 1371 4646 per
1386 4561 1611 4630 medietatem
1637 4561 1731 4628 inter
1749 4579 1810 4626 nos
1827 4561 2039 4646 dividamus3
2054 4578 2119 4627 nos
2140 4569 2145 4576 '

269 4720 304 4783 et
330 4717 459 4782 nostris
483 4714 675 4781 heredibus
702 4712 868 4780 tollamus
893 4713 975 4778 inde
998 4713 1240 4798 medietatem,
1260 4717 1295 4780 et
1319 4713 1386 4797 ipsi
1410 4713 1574 4797 germani
1602 4713 1654 4779 vel
1680 4713 1820 4779 illorum
1844 4713 1964 4780 eredes
1987 4713 2128 4781 tollant.

268 4869 350 4936 inde
373 4885 432 4936 eos
456 4866 529 4935 alia
551 4866 728 4950 reliquam
752 4865 1042 4957 medietatem,et
1066 4867 1142 4948 ipsa
1166 4865 1336 4934 medietas
1358 4867 1401 4932 de
1426 4869 1499 4952 ipso
1527 4869 1699 4951 vinoque
1723 4873 1775 4932 est
1798 4868 1954 4932 sortione
1978 4869 2126 4952 nostra,

268 5019 338 5086 illis
363 5023 464 5088 nobis
488 5019 643 5088 adducat
668 5035 777 5103 usque
807 5019 852 5084 ad
876 5035 959 5085 oasa
990 5021 1112 5083 nostra
1139 5017 1185 5085 da
1211 5017 1388 5104 laturre,
1422 5027 1456 5085 et
1484 5021 1562 5102 ipsa
1589 5020 1743 5083 sortione
1773 5035 1838 5083 sua
1864 5016 1907 5082 de
1937 5019 2010 5104 ipso
2036 5021 2118 5084 vino

267 5175 414 5240 mittant
440 5173 511 5240 illis
539 5174 577 5236 in
601 5189 797 5256 organeum
823 5177 996 5257 nostrum,
1022 5177 1056 5240 et
1080 5189 1143 5258 per
1170 5169 1242 5236 illis
1269 5172 1323 5237 vel
1348 5190 1410 5256 per
1435 5173 1576 5236 illorum
1600 5171 1747 5237 heredes
1775 5169 1852 5236 siad
1878 5171 2009 5250 bonum
2034 5187 2117 5237 con·

267 5325 400 5392 clatum
423 5329 459 5392 et
481 5324 690 5411 studiatum,
715 5324 808 5392 sieut
832 5327 1025 5393 meruerit:
1052 5327 1198 5391 missum
1222 5328 1386 5388 nostrum
1410 5339 1477 5407 que
1503 5320 1632 5387 ibidem
1658 5323 1824 5387 steterint
1847 5339 1910 5406 pro
1936 5323 2013 5406 ipsa
2039 5321 2117 5387 vin-

267 5475 403 5561 demia,
429 5475 502 5542 illis
527 5476 629 5542 nobis
655 5495 776 5544 eorum
801 5479 940 5544 nutrire
964 5475 1156 5542 secuudum
1182 5476 1322 5540 illorum
1347 5472 1590 5558 possivilitate,
1615 5476 1650 5537 et
1674 5471 1782 5539 deant
1812 5472 1893 5538 inde
1917 5473 2019 5537 nobis
2043 5470 2116 5557 pal·

265 5629 498 5694 mentaticum
525 5628 619 5694 iusta
648 5628 802 5714 ratione,
815 5633 851 5696 et
875 5630 952 5713 ipsa
976 5626 1191 5714 terra,quod
1215 5626 1379 5710 superius
1403 5621 1573 5708 diximus,
1588 5623 1679 5705 quod
1704 5641 1770 5708 ego
1795 5623 1933 5688 illorum
1951 5620 2123 5706 tradidit,

263 5778 474 5845 annualiter
498 5780 667 5845 conoiare
692 5779 768 5862 ipsa
792 5783 890 5844 terra
914 5776 956 5844 de
973 5778 1074 5844 subto
1092 5780 1186 5844 bona
1210 5779 1316 5843 arata
1340 5777 1376 5842 et
1394 5773 1563 5860 studiata,
1590 5772 1815 5841 medietatem
1840 5779 2031 5840 sementem
2050 5787 2116 5838 nos

418 5959 488 6021 'lom
509 5977 549 6020 rr.
1924 5954 1958 6018 28
