5408 7108
988 504 1408 582 DIPLOMATICUS
2013 503 2083 578 229

273 731 445 820 guadiam
468 750 678 820 componere
706 734 881 820 obligavit
903 751 939 803 se
964 736 1039 822 ipse
1063 735 1204 804 elianus
1226 739 1262 802 et
1285 751 1366 812 suos
1390 733 1513 801 eredes
1539 731 1694 820 ipsorum
1719 736 1891 800 malerei
1914 730 2008 798 iilius
2022 731 2059 797 et
2075 729 2120 798 ad

277 882 421 952 illorum
446 886 612 955 eredibus
630 888 761 974 biginti
789 888 868 957 auri
894 888 1022 956 solidos
1046 889 1353 956 constantinianos
1378 887 1425 970 et,
1446 882 1688 952 sicutdictum
1713 887 1778 970 est,
1794 882 2003 970 adimplere,
2019 899 2130 968 quam

277 1017 405 1125 scripsi
432 1057 496 1126 ego
521 1043 642 1126 petrus
667 1041 842 1110 notarius.

333 1162 363 1278 †
387 1192 463 1276 Ego
486 1190 697 1261 trasmundo
722 1189 829 1260 levita
853 1208 908 1258 me
932 1189 1122 1276 subscripsi

320 1313 351 1430 †
376 1343 450 1431 Ego
478 1344 669 1413 iohannes.

1085 2111 1342 2196 MXVIII·

1059 2410 1116 2485 A.
1145 2409 1200 2484 D.
1227 2409 1357 2485 1043.

331 2646 366 2785 †
392 2699 432 2766 In
455 2699 599 2766 nomine
623 2697 758 2765 domini
783 2695 951 2764 vicesimo
975 2696 1098 2782 quinto
1121 2713 1216 2765 anno
1240 2695 1462 2782 principatus
1485 2697 1616 2764 salerni
1640 2695 1760 2763 domni
1795 2694 1906 2761 nostri
1937 2692 2134 2778 guaimarii

275 2851 433 2936 glorioso
459 2851 637 2938 principe,
662 2854 698 2918 et
721 2851 847 2936 quinto
870 2865 966 2916 anno
998 2847 1222 2936 principatus
1245 2847 1324 2914 eius
1348 2865 1472 2934 capue,
1500 2852 1536 2916 et
1558 2849 1687 2934 quarto
1709 2863 1805 2913 anno
1831 2847 1999 2914 ducatum
2035 2844 2134 2913 illius

276 3001 399 3072 amalfi
422 3008 459 3071 et
489 3004 635 3072 sirrenti
653 3053 662 3088 ,
687 3011 723 3072 et
745 3005 859 3091 primo
874 3023 970 3074 anno
985 3004 1310 3092 suprascriptorum
1327 3002 1592 3087 principatuum
1609 3005 1645 3067 et
1659 2999 1852 3068 ducatuum
1869 2998 1990 3066 domni
2007 2999 2131 3088 gisulfi

280 3155 357 3223 eius
380 3155 446 3224 lilii
470 3157 593 3224 eximii
620 3157 795 3243 principis
818 3165 854 3225 et
877 3157 990 3244 ducis,
1015 3174 1138 3224 mense
1161 3155 1355 3242 februario,
1380 3155 1568 3222 undecima
1598 3152 1804 3221 indictione.
1842 3155 1917 3239 Ego
1954 3154 2128 3223 iohannes

278 3310 474 3376 monachus
496 3313 533 3376 et
556 3309 667 3376 abbas
693 3309 899 3377 monasterii
922 3309 1036 3377 sancti
1061 3307 1182 3393 angeli
1201 3313 1236 3375 et
1251 3312 1373 3376 sancte
1397 3307 1481 3374 solie
1504 3309 1565 3392 qui
1583 3309 1781 3374 constructi
1805 3312 1890 3373 sunt
1916 3309 2016 3374 intus
2032 3309 2133 3375 banc

277 3460 541 3528 salernitanam
566 3461 762 3548 civitatem,
782 3465 867 3530 aute
882 3460 1075 3547 subscripti
1099 3460 1242 3527 idoneos
1264 3459 1425 3527 homines
1447 3477 1510 3546 per
1526 3457 1777 3527 convenientia
1794 3478 1903 3546 quam
1918 3463 1954 3527 et
1979 3479 2041 3546 per
2060 3463 2133 3530 ius-

276 3589 379 3680 sione
397 3613 518 3681 domni
534 3613 695 3700 paldulfl,
712 3615 815 3681 cuius
831 3621 885 3683 est
900 3616 1102 3701 pertinente
1120 3615 1188 3702 ipsi
1204 3612 1355 3701 predicti
1372 3613 1580 3699 monasteri,
1598 3612 1643 3682 ad
1659 3611 1896 3681 laborandum
1914 3614 2135 3683 tradidimus

278 3765 378 3852 petri
404 3764 470 3832 filii
496 3765 675 3852 quondam
699 3767 860 3836 ferrandi
885 3771 922 3836 et
944 3767 1020 3834 ursi
1045 3765 1109 3834 filii
1135 3766 1312 3853 quondam
1336 3765 1447 3854 sergii
1462 3765 1585 3834 inclite
1601 3765 1710 3834 terris
1726 3765 1942 3851 pertinentis
1958 3784 2043 3853 pars
2060 3785 2134 3835 mo·

280 3919 432 3986 naslerii
459 3938 482 3988 a
504 3919 599 3987 foras
623 3920 784 4005 predicta
806 3920 951 3990 civitate
977 3920 1068 3990 ulter
1089 3919 1196 3988 dubio
1219 3921 1341 4007 lirino,
1366 3920 1404 3988 in
1427 3921 1514 4006 pede
1538 3915 1722 3988 de'monte
1745 3922 1899 3988 vetranu
1928 3919 2128 4008 propinquo

279 4068 432 4138 ecclesia
454 4045 578 4140 sancti*
595 4072 742 4141 martini
766 4073 928 4142 subiecta
951 4073 1094 4143 exdietc
1116 4074 1344 4159 monasterio,
1361 4091 1430 4158 que
1448 4091 1544 4141 nunc
1567 4077 1770 4160 quantoque
1798 4072 1931 4142 ibidem
1946 4081 2031 4144 sunt
2048 4095 2129 4162 per-

279 4221 419 4293 tinente
443 4223 575 4310 preiati
589 4228 711 4304 „nostri
736 4227 969 4313 monasterii3
994 4229 1119 4298 taliter
1142 4227 1227 4295 illut
1249 4228 1351 4296 nobis
1375 4226 1615 4313 prenominati
1639 4231 1731 4315 petri
1761 4233 1797 4296 et
1820 4229 1896 4296 ursi
1921 4229 2067 4315 tradidi,
2093 4239 2134 4300 ut

281 4376 407 4446 amodo
433 4383 469 4445 et
493 4396 603 4466 usque
627 4381 671 4451 ad
695 4387 834 4468 tempus
858 4383 897 4449 in
920 4401 1041 4452 mense
1065 4386 1196 4452 martio
1219 4386 1311 4471 quod
1333 4387 1437 4456 fineit
1461 4391 1690 4458 transactum
1714 4406 1825 4456 unum
1848 4408 1984 4458 annum
2022 4389 2130 4459 liceat

277 4551 343 4602 nos
366 4541 402 4602 et
424 4539 561 4602 nostros
584 4535 706 4603 eredes
730 4536 811 4604 illut
835 4542 956 4606 tenere
980 4546 1015 4606 et
1040 4556 1162 4607 omnes
1185 4544 1305 4606 nostre
1329 4538 1500 4608 utilitatis
1523 4541 1574 4608 ibi
1598 4541 1711 4608 faciat
1735 4541 1773 4608 in
1798 4542 2045 4626 suprascripta
2070 4557 2130 4608 ra·

277 4687 388 4772 tione,
405 4690 441 4755 et
459 4686 539 4755 illut
563 4687 789 4776 laboraretis,
810 4689 968 4776 qualiter
984 4691 1183 4778 bolueritis,
1200 4697 1236 4760 et
1254 4642 1375 4760 omnes
1391 4694 1512 4781 fruges
1527 4699 1563 4762 et
1582 4693 1720 4762 labores
1736 4694 1819 4762 inde
1836 4693 1959 4761 tollere
1976 4695 2131 4761 elabere

278 4839 466 4924 potueritis
482 4845 518 4909 et
536 4841 666 4909 ibidem
683 4841 855 4928 feceritis,
873 4847 984 4911 totum
1002 4842 1082 4912 illut
1098 4849 1215 4913 vestre
1231 4845 1419 4931 potestatis
1434 4846 1587 4934 abeatis,
1604 4846 1806 4915 iaciendum
1820 4846 1913 4932 quod
1926 4845 2129 4932 bolueritis,

278 4992 368 5076 quia
391 5010 455 5078 pro
479 5009 624 5061 censum
648 4993 691 5060 de
715 4994 793 5081 ipsa
817 4996 1022 5082 supradicta
1046 5000 1146 5066 terra
1169 4997 1270 5065 modo
1303 4997 1449 5066 dedistis
1474 4997 1560 5066 mihi
1588 4997 1716 5085 viginti
1740 5004 1819 5066 octo
1843 5001 1925 5068 auri
1948 5003 2020 5068 tari
2045 5000 2131 5066 boni

287 5141 331 5210 ad
355 5143 611 5230 perficiendum
638 5145 811 5214 utilitatis
834 5147 945 5233 ipsius
968 5147 1081 5217 nostri
1105 5151 1336 5238 monasterii,
1361 5171 1384 5220 a
1407 5152 1617 5239 completum
1642 5155 1757 5239 ipsum
1781 5171 1916 5222 annum
1941 5154 1983 5222 de
2007 5175 2134 5242 supra·

287 5294 421 5380 scripto
444 5279 565 5364 mense
590 5299 719 5366 martio
742 5296 852 5367 liceat
875 5299 942 5385 ipsi
966 5303 1087 5385 petrus
1110 5304 1147 5369 et
1170 5319 1275 5369 ursus
1289 5308 1326 5370 et
1341 5321 1464 5370 eorum
1487 5304 1610 5372 eredes
1624 5308 1661 5372 et
1676 5303 1838 5396 homines
1854 5305 1915 5391 qui
1933 5306 2062 5374 ividem
2086 5308 2131 5376 ad

280 5445 519 5516 laborandum
544 5450 722 5538 miserint,
747 5451 790 5519 de
817 5449 895 5538 ipsa
917 5454 1110 5523 traditione
1133 5453 1233 5522 exire
1256 5475 1335 5524 cum
1360 5475 1469 5527 causa
1491 5477 1558 5526 sua
1581 5460 1727 5528 mobilia
1745 5467 1785 5544 ¹et
1803 5461 1855 5528 ire
1872 5462 1933 5528 ubi
1951 5461 2132 5532 boluerint

289 5603 326 5668 et
350 5617 429 5668 cum
456 5600 595 5708 labores
610 5603 671 5689 qui
689 5605 740 5672 ibi
765 5605 972 5694 habuerint,
995 5609 1074 5675 sine
1096 5613 1218 5676 nostra
1234 5611 1500 5679 contrarietate.
1526 5611 1571 5680 Et
1593 5611 1668 5698 ipse
1690 5614 1786 5680 terre
1811 5613 1975 5682 relaxent
1997 5616 2044 5684 ad
2072 5636 2131 5703 po

290 5755 458 5824 testatem
482 5755 631 5841 predicti
656 5759 875 5826 monasterii.
900 5757 998 5826 Unde
1022 5760 1060 5826 in
1082 5776 1124 5827 eo
1148 5759 1264 5830 tinore
1286 5780 1349 5849 per
1373 5765 1624 5835 convenientia
1646 5765 1815 5853 guadiam
1840 5767 1928 5834 mihi
1955 5767 2130 5839 dederunt
