5456 7096
811 435 815 442 ’
924 473 928 482 ’
1045 489 1537 584 urruormrrcus⁴
1705 535 1709 544 .
1807 479 1815 494 ·
2058 436 2104 551 re

298 735 461 804 sanctam
485 727 688 798 trinitatem
711 729 853 794 centum
876 725 956 794 auri
981 715 1108 791 solidos
1131 721 1375 788 constantines
1398 721 1454 806 et,
1490 715 1584 784 sicut
1621 731 1729 800 supra
1763 710 1909 799 legitur,
1944 708 1990 778 ad
2013 709 2154 796 partem

241 877 246 887 '
302 882 464 971 predicte
488 883 611 952 sancte
633 877 783 948 ecclesie
806 873 1056 962 adimplerent.
1082 875 1212 942 Tamen
1237 877 1273 940 et
1297 890 1337 939 oc
1362 869 1454 958 dicu,
1478 868 1565 957 quia
1580 887 1646 974 ego
1661 866 1842 955 predictus
1857 861 2024 952 grimoalt
2038 877 2153 929 comes

299 1039 335 1105 et
359 1036 473 1105 iudex
495 1035 534 1102 in
558 1031 756 1122 predictum
781 1025 1103 1098 locumtabellara
1125 1029 1162 1094 et
1184 1007 1249 1112 ¹p'er
1273 1021 1485 1097 revocabula
1507 1021 1551 1089 de
1575 1022 1649 1107 ipso
1673 1019 1786 1087 locum
1811 1016 1930 1084 rebus.
1959 1063 1967 1080 .
1996 1061 2005 1079 .
2034 1063 2042 1080 .
2068 1014 2156 1080 etta

298 1191 477 1262 iohannes
500 1185 812 1256 notariustaliter
837 1201 903 1272 ego
927 1181 1085 1252 scribere
1109 1179 1176 1247 teci
1200 1195 1263 1264 pro
1286 1181 1388 1263 parte
1412 1173 1567 1262 predicte
1583 1172 1730 1241 ecclesie
1747 1171 1909 1240 sanctam
1939 1165 2158 1252 trinitatem,

300 1345 391 1434 quia
414 1348 451 1413 et
474 1343 504 1410 si
529 1343 666 1427 taliter,
690 1342 732 1409 ut
756 1357 865 1426 supra
889 1336 1036 1424 legitur,
1062 1335 1136 1422 ipse
1152 1333 1294 1403 altanus
1309 1336 1345 1401 et
1361 1330 1458 1400 illius
1475 1331 1597 1400 eredes
1616 1329 1662 1398 ad
1677 1275 1816 1415 partem
1832 1324 1991 1424 predicte
2007 1309 2156 1394 eccle'sie

299 1505 374 1568 non
398 1453 659 1584 adimpleverit,
685 1498 721 1562 et
745 1492 826 1562 illut
849 1489 904 1560 vel
927 1490 1058 1566 exinde
1075 1487 1119 1557 ad
1138 1492 1273 1574 partem
1291 1486 1448 1574 predicte
1465 1483 1614 1554 ecclesie
1631 1485 1811 1551 remobere
1829 1485 1893 1551 aut
1910 1482 2156 1550 contradicere

302 1652 517 1739 quesierint,
541 1664 750 1734 componere
775 1615 951 1732 obligavit
973 1660 1010 1711 se
1034 1643 1108 1728 ipse
1131 1639 1274 1708 altanus
1297 1647 1333 1708 et
1356 1639 1453 1708 illius
1468 1637 1591 1707 eredes
1607 1637 1652 1707 ad
1669 1643 1808 1724 partem
1827 1635 1985 1722 predicte
2008 1627 2156 1702 ecclesie

305 1808 469 1876 sanctam
494 1801 698 1870 trinitatem
722 1798 789 1885 ipsi
815 1800 958 1867 centum
975 1795 1047 1864 tari
1064 1794 1190 1864 solidos
1206 1793 1464 1878 constantines,
1481 1795 1531 1880 et,
1549 1791 1642 1858 sicut
1657 1808 1767 1876 supra
1782 1790 1930 1875 legitur,
1949 1735 2000 1861 ad·
2017 1791 2157 1875 partem

305 1958 469 2048 predicte
494 1959 617 2025 sancte
641 1953 788 2022 ecclesie
811 1952 1060 2038 adimplerent,
1084 1968 1190 2035 quam
1214 1951 1248 2016 te
1273 1936 1446 2018 iohannes
1469 1947 1631 2016 notarius
1653 1946 1871 2030 subiungere
1895 1941 1976 2009 ieci.
2090 1951 2111 1988 ·
2153 1937 2158 1998 ἶ

349 2081 380 2196 †
406 2111 481 2214 Ego
504 2107 566 2196 qui
592 2125 702 2194 supra
724 2103 896 2194 grimoalt
918 2121 1034 2172 comes
1056 2106 1093 2169 et
1117 2100 1236 2204 iudex.

1036 2385 1410 2404 Μ
1682 2387 1703 2425 .

1048 2557 1058 2631 ’·
1107 2618 1428 2700 cmxxu..

894 2903 922 2986 ·.
1045 2971 1051 2983 .
1085 2867 1383 2991 Α.])’.10“37.
1485 2901 1490 2914 ·

359 3159 395 3300 †
420 3211 460 3277 In
485 3207 630 3276 numine
652 3206 786 3276 domini
812 3205 979 3274 vicesimo
1001 3223 1097 3276 anne
1113 3205 1337 3293 principatus
1353 3159 1472 3271 domni
1489 3205 1601 3272 nostri
1620 3203 1802 3290 guaimari
1819 3200 1971 3288 glorioso
1987 3203 2167 3290 princeps,
2184 3171 2190 3182 ⁵

314 3362 413 3432 tilius
437 3360 614 3466 quondam
640 3358 759 3426 domni
784 3357 966 3446 guaimari
991 3357 1178 3448 principis,
1202 3375 1322 3426 mense
1345 3360 1556 3446 september,
1573 3355 1909 3456 sextaindictione.
1940 3355 2082 3424 declaro
2104 3371 2170 3443 ego
2254 3306 2261 3314 ι

313 3507 510 3584 lamb'ertus
532 3509 628 3580 filius
649 3509 827 3600 quondam
851 3489 1014 3606 lamperti
1040 3497 1196 3597 diaconi,
1220 3512 1389 3596 quoniam
1407 3529 1468 3597 per
1483 3512 1587 3578 firma
1603 3511 1745 3579 cartula
1760 3509 1849 3602 mihi
1871 3515 1926 3578 est
1949 3511 2168 3597 pertinentes

316 3667 425 3735 abere
448 3665 556 3732 rebus
573 3661 612 3729 in
629 3662 743 3730 locum
767 3665 924 3776 nucerie,
949 3662 1010 3730 ubi
1033 3660 1078 3730 ad
1101 3680 1214 3750 prepu
1236 3661 1380 3741 dicitur,
1399 3663 1461 3750 qui
1478 3668 1531 3732 est
1547 3667 1740 3732 terracum
1756 3663 1904 3731 insiteta
1920 3667 1957 3732 et
1979 3661 2073 3733 silba
2096 3680 2171 3734 una

318 3817 495 3905 leniente,
509 3815 666 3902 qualiter
683 3817 761 3902 ipsa
776 3833 857 3884 mea
873 3816 1014 3886 cartula
1029 3815 1202 3905 continet,
1218 3817 1311 3903 quod
1327 3820 1491 3903 paratum
1507 3819 1594 3886 abeo
1609 3817 1655 3886 da
1671 3835 1795 3886 manso
1813 3817 1886 3885 iilic
1902 3817 2080 3904 quondam
2104 3823 2174 3886 ste·

318 3968 394 4039 iani
420 3967 468 4037 da
490 3969 561 4035 dne
586 3966 625 4034 in
649 3966 734 4053 fine,
758 3965 852 4034 sicut
875 3967 955 4054 ipsa
970 3985 1050 4036 mea
1065 3968 1206 4038 cartula
1222 3969 1380 4038 continet
1393 3969 1484 4056 quod
1499 3968 1781 4056 supradiximus
1798 3973 1834 4038 et
1849 3968 1940 4056 ideo,
1964 3968 2057 4038 sicut
2080 3969 2170 4038 mihi

316 4125 502 4202 nominato
528 4121 696 4192 lamberti
719 4137 918 4209 congruum
935 4127 1000 4208 est,
1018 4141 1096 4190 mea
1111 4121 1245 4190 etenim
1261 4123 1444 4191 voluntate
1461 4140 1523 4208 per
1539 4140 1608 4191 anc
1624 4121 1801 4192 cartulam
1815 4127 1900 4192 ante
1916 4127 2038 4210 petrus
2063 4099 2173 4192 iudeis

316 4281 356 4348 et
379 4277 444 4346 alii
469 4279 578 4344 testes
601 4260 664 4361 per
687 4293 756 4344 anc
779 4276 955 4345 cartulam
980 4280 1064 4345 ante
1086 4277 1203 4362 ipsum
1227 4275 1426 4361 predictum
1450 4274 1680 4344 i‘udicessdono
1695 4275 1809 4376 adque
1825 4277 1993 4345 confirmo
2010 4277 2073 4346 tivi
2097 4238 2177 4346 lau·

325 4431 408 4501 doni
434 4429 585 4500 castaldi
609 4428 683 4498 filio
698 4429 849 4499 ammori
865 4429 991 4498 inclita
1005 4429 1121 4496 omnis
1136 4429 1213 4515 ipsa
1228 4415 1345 4517 rebus‘,
1363 4432 1539 4544 quantum
1554 4431 1712 4499 continet
1728 4429 1767 4496 in
1790 4380 1997 4516 supradicta
2019 4428 2174 4517 cartula,

321 4581 413 4670 quud
437 4580 521 4650 illut
544 4584 710 4668 paratum
734 4581 836 4650 abuit
857 4585 893 4650 et
914 4581 1166 4651 confirmatum
1188 4600 1251 4667 per
1275 4583 1350 4668 ipso
1372 4601 1508 4671 manso,
1532 4587 1568 4652 et
1590 4600 1658 4670 que
1676 4582 1756 4652 illut
1771 4583 2019 4653 dominaturus
2034 4589 2070 4655 et
2093 4603 2174 4673 pos⁸

325 4753 487 4806 sessurus
502 4751 594 4822 sum,
613 4732 706 4802 sicut
721 4733 891 4822 diximus,
908 4753 932 4802 a
946 4735 1018 4803 dne
1034 4751 1146 4822 usque
1163 4734 1201 4802 in
1218 4735 1289 4804 tine
1305 4743 1368 4823 p'cr
1384 4737 1464 4823 ipsa
1479 4737 1647 4808 iamdicta
1662 4737 1817 4826 cartula,
1835 4756 1916 4807 cum
1933 4740 2053 4807 omnia
2079 4737 2177 4806 intro

184 4900 191 4910 ·
321 4907 359 4958 se
382 4887 575 5010 abentibus
598 4887 832 4974 omnibusque
855 4887 929 4956 suis
952 4865 1193 4976 pertinentiis,
1217 4855 1252 4958 et
1275 4892 1449 4958 cumbice
1464 4890 1507 4958 de
1524 4893 1579 4960 vie
1596 4909 1670 4978 sue,
1688 4895 1725 4960 et
1740 4910 1821 4960 cum
1836 4895 1968 4978 quarta
1992 4892 2036 4961 de
2059 4909 2176 4963 uxore

259 5137 269 5156 ἱ
323 5063 403 5115 mea
426 5048 464 5114 et
487 5061 568 5111 cum
592 5044 671 5129 ipsa
693 5039 835 5111 cartula
858 5060 928 5128 que
950 5045 1123 5130 continet,
1146 5043 1312 5111 inclitum
1337 5043 1418 5138 illut
1440 5043 1508 5114 tivi
1531 5047 1713 5114 nominato
1736 5045 1892 5116 castaldo
1915 5047 2126 5116 donavimus
2140 5049 2178 5117 et

322 5163 624 5294 confirmauimus,
642 5195 737 5264 unde
754 5195 964 5282 nullamque
979 5195 1082 5263 nobis
1098 5195 1272 5264 nominati
1289 5196 1331 5264 de
1343 5197 1504 5284 predicta
1520 5199 1626 5266 rebus
1642 5196 1685 5266 de
1698 5187 1895 5284 predictum
1919 5201 2036 5268 locum
2050 5219 2176 5288 prepu,

325 5354 444 5420 monte
467 5369 575 5438 quam
598 5354 635 5420 et
659 5349 697 5418 in
722 5351 844 5438 plano,
870 5354 1048 5436 quantum
1069 5349 1227 5418 continet
1249 5351 1327 5436 ipsa
1344 5353 1467 5416 nostra
1483 5350 1638 5438 cartula,
1654 5335 1691 5418 et
1707 5368 1787 5419 cum
1812 5349 1890 5438 ipsa
1913 5351 2083 5422 iamdicta
2099 5373 2180 5424 car-

327 5505 404 5576 tula
430 5525 453 5575 a
476 5467 743 5573 tunditus'illut
767 5505 836 5573 tivi
858 5503 1067 5574 donavimus
1090 5507 1126 5575 et
1148 5507 1449 5593 confirmavimus,
1474 5505 1519 5575 ad
1542 5505 1714 5574 securiter
1736 5511 1773 5574 et
1802 5506 1953 5574 tirmiter
1983 5499 2107 5578 a'mcdo
2144 5513 2180 5578 et

334 5678 473 5748 semper
491 5665 531 5768 tu
555 5661 759 5729 nominatus
781 5651 964 5728 castaldus
987 5663 1024 5728 et
1047 5658 1092 5762 ad
1116 5661 1189 5727 tuis
1212 5659 1388 5748 eredibus,
1406 5664 1442 5729 et
1457 5661 1515 5730 cui
1532 5661 1671 5730 cartula
1687 5660 1757 5730 ista
1775 5660 1813 5726 in
1830 5631 1977 5731 manum
2002 5665 2179 5753 paruerit,

337 5829 396 5882 ecs
421 5813 503 5882 illut
525 5814 718 5899 abundum,
744 5811 1013 5900 dominandum,
1038 5813 1285 5916 possidendum
1302 5816 1339 5881 et
1354 5815 1475 5883 omnia
1491 5813 1621 5883 exinde
1644 5777 1845 5884 faciendum
1862 5815 1954 5903 quod
1979 5817 2186 5906 volueritis,-
