5408 7108
600 557 671 632 270
1236 543 1414 623 OODEX
1448 538 1719 618 clvENSls

551 784 667 872 pomis
689 801 799 870 quem
822 796 889 869 ego
911 779 951 846 ln
974 775 1186 848 1616161111
1209 774 1348 845 retineo
1372 792 1394 844 e
1416 789 1502 858 pars
1524 767 1637 858 ipsius
1658 765 1806 836 ecclesie
1821 813 1838 851 ,
1854 737 1967 830 otest
1994 759 2100 832 rebus
2124 755 2211 844 ipsa¹
2225 755 2264 824 in
2289 750 2403 824 locum

553 934 666 1005 airola
689 935 752 1004 ubi
775 932 918 1004 melane
939 929 1085 1018 dicitur,
1110 931 1254 1017 quaest
1277 928 1383 996 rebus
1408 924 1486 1013 ipsa
1508 940 1570 1011 per
1593 940 1634 991 ec
1656 920 1741 990 finis
1763 921 1800 988 et
1822 913 2015 988 mensoria.
2041 915 2089 982 De
2112 927 2219 998 super
2235 909 2307 978 dne
2332 908 2409 996 bia,

554 1086 638 1156 inde
661 1077 744 1156 sunt
765 1085 860 1174 passi
882 1084 1062 1154 decem-et
1084 1087 1205 1170 septe:
1230 1081 1273 1150 de
1296 1080 1371 1152 alie
1393 1098 1476 1167 pers
1499 1081 1571 1149 1116
1595 1076 1708 1148 medio
1729 1061 1843 1146 limite
1870 1072 2068 1158 discernit,
2092 1067 2175 1136 inde
2197 1067 2281 1134 sunt
2302 1061 2405 1150 paesi

553 1237 711 1326 triginta
734 1241 837 1308 nobe.
862 1239 908 1307 Et
930 1237 976 1307 ab
999 1235 1083 1305 inde
1106 1234 1313 1305 rebolbente
1335 1234 1374 1304 in
1398 1236 1500 1319 parte
1524 1227 1787 1318 septemtrionis
1809 1243 1872 1313 per
1904 1223 2019 1292 medio
2048 1222 2125 1308 ipso
2151 1219 2266 1290 limite
2290 1232 2404 1303 usque

556 1392 595 1458 in
620 1391 738 1462 medio
761 1390 903 1462 ballone
925 1395 1063 1461 rectum
1087 1388 1283 1460 mensurati
1308 1385 1403 1475 passi
1428 1385 1584 1472 triginta
1608 1384 1745 1452 nobem.
1772 1381 1819 1452 nt
1848 1395 1912 1466 per
1943 1380 2018 1464 ipso
2041 1373 2180 1446 ballone
2204 1371 2299 1458 passi
2327 1388 2407 1442 sox-

556 1546 704 1632 saginta
728 1547 871 1630 nobem,
894 1546 932 1614 61
954 1543 997 1612 de
1021 1541 1136 1612 medio
1159 1540 1235 1628 ipso
1258 1539 1399 1610 ballone
1426 1535 1576 1608 saliente
1604 1541 1641 1608 61
1667 1538 1838 1625 pergente
1867 1551 1930 1621 per
1959 1529 2075 1602 medio
2099 1526 2214 1597 limite
2238 1527 2278 1595 in
2300 1529 2403 1612 parte

558 1697 709 1768 meridie
735 1699 832 1786 passi
855 1697 1068 1785 octuaginta
1090 1695 1159 1764 duo
1182 1699 1220 1763 et
1244 1692 1407 1782 gubitum
1432 1710 1555 1760 unum.
1580 1693 1612 1758 A
1635 1707 1718 1776 pars
1741 1686 1887 1758 meridie
1910 1686 1981 1754 fine
2005 1683 2099 1769 poiu,
2125 1680 2208 1750 inde
2231 1679 2327 1767 passi
2354 1679 2407 1746 bi·

556 1852 654 1952 ginti
678 1868 773 1935 sex;
798 1857 834 1920 61
858 1850 1062 1920 rebolbente
1086 1849 1125 1916 in
1149 1851 1251 1934 parte
1274 1843 1541 1934 septemtrionis
1571 1844 1664 1932 passi
1698 1840 1829 1931 biginti
1867 1829 1979 1910 unum
2012 1842 2048 1906 et
2079 1832 2211 1925 gubita
2243 1832 2325 1902 dua
2364 1832 2410 1898 Et

555 2002 603 2070 ab
626 2000 710 2070 inde
733 2001 939 2072 rebolbente
964 2003 1066 2089 qnasi
1091 2003 1128 2066 in
1152 2017 1238 2087 pars
1272 1997 1447 2086 orientis,
1471 1999 1566 2067 sicut
1599 1998 1737 2066 termiti
1773 1995 1846 2064 licti
1881 2000 1993 2081 suut,
2018 2008 2129 2078 usque
2165 1989 2206 2104 in
2240 1989 2319 2075 ipse
2347 1988 2410 2057 bia

555 2151 650 2238 pessi
679 2154 913 2241 septuaginta
940 2135 1016 2222 tres
1041 2157 1077 2220 61
1106 2153 1233 2238 gubita
1257 2152 1355 2238 dna,
1379 2153 1625 2219 mensuratum
1652 2149 1698 2218 ad
1729 2150 1821 2216 iusto
1856 2163 1999 2237 passum
2032 2145 2205 2213 ominum.
2239 2144 2289 2210 116
2324 2157 2409 2210 1616

556 2303 807 2392 suprascripta
830 2305 933 2391 pecia
955 2303 999 2372 de
1023 2309 1121 2372 terra
1139 2322 1206 2402 'per
1230 2301 1435 2390 supradicte
1462 2303 1545 2370 linis
1577 2306 1613 2370 61
1651 2283 1845 2370 mensurio
1864 2297 2029 2368 inclitum
2065 2296 2147 2365 illut
2181 2313 2245 2381 per
2280 2293 2411 2381 largie-

558 2459 631 2525 tate
656 2457 768 2544 ipsius
791 2456 910 2523 domui
934 2457 1055 2526 abbati
1080 2455 1140 2542 qui
1174 2461 1229 2523 est
1262 2473 1371 2523 unum
1395 2454 1439 2522 de
1470 2453 1618 2522 dominii
1647 2451 1760 2539 ipsius
1786 2449 1947 2537 ecclesie,
1977 2465 2043 2536 ego
2061 2450 2180 2548 ipsius
2203 2445 2314 2515 ciceri
2337 2451 2412 2516 tre·

556 2607 633 2676 didi
657 2609 722 2678 tali
745 2608 882 2694 ordine,
909 2614 950 2676 ut
972 2607 1095 2677 amodo
1119 2610 1155 2675 et
1178 2626 1328 2695 semper,
1354 2610 1437 2675 nato
1461 2603 1651 2690 nascendo,
1674 2601 1799 2672 adsue
1815 2604 1851 2668 et
1873 2599 1917 2670 de
1938 2601 2015 2668 suis
2042 2598 2207 2669 eredibus
2229 2603 2328 2668 esset
2348 2617 2408 2687 po-

561 2762 704 2830 tcstatis
726 2759 807 2830 illut
829 2765 951 2829 tenere
974 2767 1011 2829 61
1034 2759 1210 2847 laborare,
1228 2760 1327 2828 sebee
1350 2760 1412 2827 het
1444 2759 1559 2825 omnis
1582 2775 1645 2825 sue
1677 2757 1848 2826 utilitatis
1878 2759 1972 2825 iusta
2004 2757 2181 2824 rationem
2204 2753 2254 2823 ibi
2279 2755 2410 2841 lacere,

563 2915 610 2981 Et
635 2914 759 2984 amodo
782 2917 818 2982 et
840 2931 976 2999 semper
1002 2913 1050 2980 ibi
1078 2912 1232 2982 residere
1256 2918 1292 2980 61
1315 2914 1480 2998 abitare,
1504 2917 1540 2981 61
1565 2911 1786 2998 palmentum
1815 2910 1986 2990 irabitum
2020 2928 2100 2979 cum
2136 2907 2306 2979 labellum
2341 2908 2413 2980 fra·

558 3065 674 3134 bitum
701 3064 750 3133 ibi
775 3065 893 3134 iacere
916 3065 1040 3132 amodo
1063 3069 1099 3132 61
1121 3081 1233 3150 usque
1262 3063 1399 3133 duobus
1423 3065 1558 3151 annis,
1582 3065 1626 3133 Et
1650 3064 1774 3133 amodo
1797 3069 1832 3134 et
1857 3082 1994 3150 semper
2019 3083 2080 3150 per
2116 3081 2252 3134 annum
2282 3061 2343 3131 ille
2376 3067 2412 3131 61

558 3234 641 3285 suos
664 3217 786 3286 eredes
809 3218 995 3287 arbustum
1020 3219 1136 3303 ipsum
1159 3235 1223 3286 suo
1248 3222 1408 3304 tempore
1431 3217 1474 3286 de
1498 3237 1602 3305 super
1638 3223 1674 3288 et
1707 3219 1751 3287 de
1786 3222 1909 3306 supter
1945 3217 2133 3304 laborare,
2159 3221 2307 3304 potare,
2332 3233 2414 3305 pro·

558 3369 761 3458 paginare,
784 3375 821 3442 et
844 3369 904 3437 ubi
930 3371 1129 3457 meruerit,
1154 3343 1342 3440 arboribus
1365 3374 1401 3439 et
1424 3372 1489 3438 biti
1514 3371 1557 3439 de
1580 3372 1671 3437 bono
1694 3369 1830 3438 bitineo
1854 3369 1984 3439 ibidem
2008 3371 2174 3456 plantare
2210 3376 2247 3438 et
2283 3387 2409 3457 surge·

558 3540 625 3608 re,
650 3527 687 3592 et
708 3521 761 3590 sic
784 3542 847 3610 per
871 3543 1004 3592 aunum
1031 3529 1143 3592 totum
1168 3523 1250 3593 illut
1274 3524 1463 3608 laborare,
1490 3531 1530 3592 ut
1551 3543 1614 3611 per
1638 3541 1759 3591 omnes
1793 3541 1906 3592 annos
1935 3525 2065 3592 bonum
2100 3524 2233 3610 paread
2270 3522 2411 3592 labora·

558 3678 648 3761 tum,
673 3680 849 3763 quatenus
874 3679 911 3744 in
934 3675 1061 3744 melius
1087 3677 1279 3763 proficiant
1301 3684 1336 3746 et
1360 3696 1429 3745 non
1455 3676 1669 3763 dispereant,
1694 3677 1738 3745 Et
1766 3675 1859 3745 unde
1883 3677 2065 3762 meruerit,
2095 3679 2203 3745 rebus
2231 3679 2307 3763 ipsa
2335 3678 2407 3746 clu·

558 3829 656 3916 dere,
672 3831 709 3897 61
726 3828 865 3898 clusum
888 3831 924 3897 et
948 3828 1085 3898 salbum
1109 3831 1192 3898 illut
1215 3831 1358 3900 abeant.
1384 3833 1429 3897 Et
1452 3847 1514 3916 per
1538 3849 1658 3899 omues
1682 3848 1795 3898 annos
1825 3830 1886 3899 ille
1912 3835 1948 3900 61
1974 3831 2044 3898 tilis
2070 3831 2212 3900 filiabus
2241 3832 2318 3899 eius
2345 3849 2408 3918 per

423 3975 425 3980 ’
560 3983 700 4067 tempus
722 3979 766 4049 de
787 3979 966 4049 bindemie
989 3981 1125 4051 saciant
1147 3982 1238 4049 scire
1262 3999 1317 4049 me
1342 3982 1397 4050 vel
1412 4000 1495 4068 pars
1519 3983 1630 4068 ipsius
1652 3981 1812 4067 ecclesie,
1831 3986 1871 4050 ut
1893 3982 1945 4050 ibi
1962 3984 2162 4072 dirigamus
2179 3985 2326 4051 missum
2344 4001 2408 4053 no·

559 4136 686 4221 strum,
710 4135 747 4201 et
771 4132 831 4204 1116
854 4137 890 4202 61
913 4151 994 4202 suos
1016 4134 1163 4204 heredes
1186 4153 1249 4221 per
1272 4151 1407 4202 annum
1430 4133 1674 4221 suprascripta
1698 4140 1820 4204 nostra
1843 4135 2094 4205 tradictio-suo
2110 4141 2267 4226 tempore
2283 4139 2405 4207 vinde·

559 4289 675 4356 miare
697 4287 734 4354 ct
757 4305 873 4374 poma,
897 4287 1039 4374 quando
1062 4289 1246 4374 meruerit,
1271 4288 1450 4377 colligere,
1474 4293 1510 4357 61
1532 4288 1646 4356 omnis
1669 4289 1793 4357 binum
1816 4289 1946 4357 exinde
1971 4289 2092 4377 ibique
2115 4293 2161 4359 ad
2178 4291 2401 4376 palmentum

561 4445 596 4509 61
619 4443 696 4527 ipsa
718 4457 834 4527 poma,
859 4440 1001 4526 quando
1024 4443 1205 4526 meruerit,
1230 4459 1309 4508 cum
1333 4442 1408 4527 ipso
1430 4441 1576 4510 missum
1599 4445 1759 4511 nostrum
1782 4441 1939 4511 dibidere
1962 4460 2024 4528 per
2047 4443 2285 4511 medietatem:
2318 4445 2409 4512 mis·

561 4611 640 4662 sum
662 4593 718 4662 vel
743 4611 826 4681 pars
848 4593 962 4682 ipsius
984 4595 1131 4663 ecclesie
1153 4593 1255 4664 tollat
1278 4593 1359 4662 illut
1381 4594 1570 4663 medietate
1583 4643 1594 4682 ,
1617 4599 1653 4664 et
1677 4597 1751 4681 ipse
1778 4597 1916 4664 cicerus
1944 4595 2159 4680 medietate3
2183 4595 2262 4682 ipsa
2286 4603 2412 4667 nostra

562 4745 717 4815 sortione
739 4746 782 4814 dc
805 4745 882 4833 ipso
905 4745 1030 4816 binum
1052 4751 1228 4833 reponant
1251 4750 1288 4813 in
1311 4748 1433 4815 domus
1461 4747 1611 4834 indeque
1638 4750 1676 4816 in
1704 4766 1903 4835 organeum
1926 4750 1972 4818 da
2002 4750 2209 4836 bicumque
2232 4753 2267 4818 ei
2292 4751 2416 4819 assin-

561 4901 672 4986 gnabi
695 4917 758 4985 per
782 4899 898 4988 ipsum
921 4902 1076 4967 cicerum
1099 4904 1135 4966 et
1157 4917 1220 4985 per
1243 4897 1321 4966 eius
1344 4899 1466 4970 eredes
1479 4920 1490 4985 3
1513 4917 1709 4986 organeum
1733 4900 1846 4985 ipsum
1869 4904 1965 4972 siant
1989 4904 2119 4971 bonum
2142 4907 2345 4974 conciatum
2377 4909 2416 4975 61

563 5051 758 5120 studiatum
783 5056 819 5120 et
843 5053 1035 5139 repositum
1061 5055 1158 5120 intus
1182 5051 1260 5139 ipsa
1282 5071 1379 5139 casa,
1403 5057 1438 5121 61
1463 5053 1540 5138 ipsa
1564 5057 1687 5124 nostra
1711 5025 1865 5123 sortione
1888 5055 1931 5124 de
1954 5055 2030 5142 ipso
2055 5058 2178 5124 binum
2197 5056 2245 5124 ibi
2264 5057 2412 5127 mictere

563 5209 599 5274 et
621 5203 758 5274 salbum
782 5205 882 5271 nobis
909 5201 1051 5289 iacere,
1076 5201 1159 5270 dum
1186 5201 1270 5272 illut
1293 5203 1377 5273 inde
1400 5202 1523 5273 tollere
1546 5205 1692 5272 lecimus
1708 5223 1842 5291 apsque
1869 5203 2143 5293 degeneratione
2159 5211 2195 5276 et
2212 5207 2349 5294 ingne3
2375 5213 2413 5276 61

566 5357 627 5424 ubi
657 5357 732 5460 ipso
756 5355 878 5424 binum
906 5355 988 5425 inde
1012 5353 1136 5444 tollere
1160 5354 1347 5427 fecerimus
1370 5375 1622 5446 perannum,
1647 5321 1669 5429 a
1694 5357 1873 5445 presentis
1902 5359 1981 5445 ipsa
2005 5361 2110 5428 bucte
2132 5360 2284 5428 sleczare
2307 5365 2345 5429 et
2367 5361 2419 5428 le·

565 5512 650 5578 bare
674 5512 780 5587 bona,
806 5512 898 5577 sicut
922 5511 1119 5598 meruerit3
1144 5517 1308 5580 castanee
1331 5517 1367 5579 61
1393 5511 1527 5580 inserte
1551 5517 1587 5580 et
1609 5513 1693 5579 nuci
1717 5512 1780 5598 qui
1805 5509 2025 5600 perannum
2055 5513 2105 5579 ibi
2130 5517 2229 5600 sunt,
2245 5512 2416 5602 colligere

566 5670 602 5733 61
625 5683 779 5752 seccare,
804 5669 839 5733 et
863 5664 1008 5750 integra
1034 5664 1220 5734 medietate
1242 5663 1332 5731 mini
1350 5663 1401 5732 vel
1420 5665 1458 5731 in
1475 5682 1558 5750 pars
1585 5665 1698 5751 ipsius
1714 5660 1859 5732 ecclesie
1875 5662 1973 5738 dare,
1990 5661 2234 5731 etmedietete
2250 5661 2419 5732 611116116-

567 5835 632 5901 re,
657 5815 758 5884 etde
781 5814 873 5900 quod
897 5834 959 5901 per
983 5834 1117 5884 annum
1142 5815 1193 5882 ibi
1217 5813 1460 5899 seminaberis,
1479 5815 1571 5883 iusto
1595 5815 1805 5898 terraticum
1829 5813 1911 5884 inde
1934 5813 2037 5884 nobis
2059 5813 2116 5883 vel
2138 5816 2178 5883 in
2201 5829 2286 5900 pars
2303 5812 2417 5900 ipsius
