<?xml version="1.0" encoding="UTF-8"?>
<!DOCTYPE html PUBLIC "-//W3C//DTD XHTML 1.0 Transitional//EN"
    "http://www.w3.org/TR/xhtml1/DTD/xhtml1-transitional.dtd">
<html xmlns="http://www.w3.org/1999/xhtml" xml:lang="en" lang="en">
 <head>
  <title>
</title>
<meta http-equiv="Content-Type" content="text/html;charset=utf-8" />
  <meta name='ocr-system' content='tesseract 3.04.00' />
  <meta name='ocr-capabilities' content='ocr_page ocr_carea ocr_par ocr_line ocrx_word'/>
</head>
<body>
  <div class='ocr_page' id='page_1' title='image "./codexdiplomatic04aragoog_0172.png"; bbox 0 0 5456 7096; ppageno 0'>
   <div class='ocr_carea' id='block_1_1' title="bbox 600 509 1709 588">
    <p class='ocr_par' dir='ltr' id='par_1_1' title="bbox 600 509 1709 588">
     <span class='ocr_line' id='line_1_1' title="bbox 600 509 1709 588; baseline 0.002 -2"><span class='ocrx_word' id='word_1_1' title='bbox 600 513 667 588; x_wconf 72' lang='lat'>132</span> <span class='ocrx_word' id='word_1_2' title='bbox 1231 514 1405 587; x_wconf 83' lang='lat' dir='ltr'>CODEX</span> <span class='ocrx_word' id='word_1_3' title='bbox 1436 509 1709 588; x_wconf 79' lang='lat' dir='ltr'>cnvnNsis</span> 
     </span>
    </p>
   </div>
   <div class='ocr_carea' id='block_1_2' title="bbox 443 737 2415 4794">
    <p class='ocr_par' dir='ltr' id='par_1_2' title="bbox 443 737 2407 986">
     <span class='ocr_line' id='line_1_2' title="bbox 443 737 2397 838; baseline 0.001 -32"><span class='ocrx_word' id='word_1_4' title='bbox 443 827 449 838; x_wconf 33' lang='lat'><strong>·</strong></span> <span class='ocrx_word' id='word_1_5' title='bbox 549 737 634 808; x_wconf 91' lang='lat' dir='ltr'>dum</span> <span class='ocrx_word' id='word_1_6' title='bbox 659 743 695 809; x_wconf 90' lang='lat' dir='ltr'>et</span> <span class='ocrx_word' id='word_1_7' title='bbox 717 739 1009 810; x_wconf 89' lang='lat' dir='ltr'>stavilisoendum</span> <span class='ocrx_word' id='word_1_8' title='bbox 1034 757 1101 809; x_wconf 85' lang='lat' dir='ltr'>ano</span> <span class='ocrx_word' id='word_1_9' title='bbox 1123 743 1282 808; x_wconf 83' lang='lat' dir='ltr'>nostram</span> <span class='ocrx_word' id='word_1_10' title='bbox 1306 740 1531 810; x_wconf 78' lang='lat' dir='ltr'><strong>traditionem</strong></span> <span class='ocrx_word' id='word_1_11' title='bbox 1553 745 1588 810; x_wconf 91' lang='lat' dir='ltr'>et</span> <span class='ocrx_word' id='word_1_12' title='bbox 1610 739 1835 809; x_wconf 79' lang='lat' dir='ltr'>donationem</span> <span class='ocrx_word' id='word_1_13' title='bbox 1860 757 1923 828; x_wconf 90' lang='lat' dir='ltr'>pro</span> <span class='ocrx_word' id='word_1_14' title='bbox 1940 739 2016 808; x_wconf 87' lang='lat' dir='ltr'>vice</span> <span class='ocrx_word' id='word_1_15' title='bbox 2034 737 2077 806; x_wconf 92' lang='lat' dir='ltr'>de</span> <span class='ocrx_word' id='word_1_16' title='bbox 2095 738 2173 825; x_wconf 87' lang='lat' dir='ltr'>ipsa</span> <span class='ocrx_word' id='word_1_17' title='bbox 2189 755 2300 808; x_wconf 85' lang='lat' dir='ltr'>uxore</span> <span class='ocrx_word' id='word_1_18' title='bbox 2317 756 2397 808; x_wconf 89' lang='lat' dir='ltr'>mea</span> 
     </span>
     <span class='ocr_line' id='line_1_3' title="bbox 551 889 2407 986; baseline -0.002 -26"><span class='ocrx_word' id='word_1_19' title='bbox 551 912 573 960; x_wconf 87' lang='lat' dir='ltr'>a</span> <span class='ocrx_word' id='word_1_20' title='bbox 596 897 631 962; x_wconf 86' lang='lat' dir='ltr'>le</span> <span class='ocrx_word' id='word_1_21' title='bbox 656 890 814 978; x_wconf 87' lang='lat' dir='ltr'>predicto</span> <span class='ocrx_word' id='word_1_22' title='bbox 838 892 957 979; x_wconf 84' lang='lat' dir='ltr'>sergio</span> <span class='ocrx_word' id='word_1_23' title='bbox 982 892 1078 960; x_wconf 85' lang='lat' dir='ltr'>iusta</span> <span class='ocrx_word' id='word_1_24' title='bbox 1101 889 1229 960; x_wconf 91' lang='lat' dir='ltr'>seriem</span> <span class='ocrx_word' id='word_1_25' title='bbox 1254 890 1344 986; x_wconf 86' lang='lat' dir='ltr'>legis</span> <span class='ocrx_word' id='word_1_26' title='bbox 1368 892 1545 979; x_wconf 85' lang='lat' dir='ltr'>launegilt</span> <span class='ocrx_word' id='word_1_27' title='bbox 1568 913 1589 962; x_wconf 88' lang='lat' dir='ltr'>a</span> <span class='ocrx_word' id='word_1_28' title='bbox 1612 896 1648 962; x_wconf 87' lang='lat' dir='ltr'>ie</span> <span class='ocrx_word' id='word_1_29' title='bbox 1671 893 1801 962; x_wconf 83' lang='lat' dir='ltr'>exinde</span> <span class='ocrx_word' id='word_1_30' title='bbox 1815 893 1930 979; x_wconf 85' lang='lat' dir='ltr'>recepi</span> <span class='ocrx_word' id='word_1_31' title='bbox 1950 889 2117 962; x_wconf 89' lang='lat' dir='ltr'>eammiso</span> <span class='ocrx_word' id='word_1_32' title='bbox 2136 909 2248 959; x_wconf 91' lang='lat' dir='ltr'>unum</span> <span class='ocrx_word' id='word_1_33' title='bbox 2272 890 2308 956; x_wconf 93' lang='lat' dir='ltr'>in</span> <span class='ocrx_word' id='word_1_34' title='bbox 2326 908 2407 958; x_wconf 91' lang='lat' dir='ltr'>om·</span> 
     </span>
    </p>

    <p class='ocr_par' dir='ltr' id='par_1_3' title="bbox 445 1003 2407 2505">
     <span class='ocr_line' id='line_1_4' title="bbox 445 1003 2404 1133; baseline 0.001 -22"><span class='ocrx_word' id='word_1_35' title='bbox 445 1003 448 1010; x_wconf 19' lang='grc' dir='ltr'>ι</span> <span class='ocrx_word' id='word_1_36' title='bbox 551 1061 633 1112; x_wconf 93' lang='lat' dir='ltr'>nem</span> <span class='ocrx_word' id='word_1_37' title='bbox 656 1045 965 1115; x_wconf 80' lang='lat' dir='ltr'>deliverationem.</span> <span class='ocrx_word' id='word_1_38' title='bbox 992 1047 1039 1113; x_wconf 91' lang='lat' dir='ltr'>De</span> <span class='ocrx_word' id='word_1_39' title='bbox 1062 1063 1133 1131; x_wconf 87' lang='lat' dir='ltr'>qua</span> <span class='ocrx_word' id='word_1_40' title='bbox 1156 1064 1218 1131; x_wconf 92' lang='lat' dir='ltr'>per</span> <span class='ocrx_word' id='word_1_41' title='bbox 1242 1063 1334 1114; x_wconf 92' lang='lat' dir='ltr'>vona</span> <span class='ocrx_word' id='word_1_42' title='bbox 1356 1045 1604 1115; x_wconf 89' lang='lat' dir='ltr'>convenientia</span> <span class='ocrx_word' id='word_1_43' title='bbox 1629 1045 1809 1133; x_wconf 90' lang='lat' dir='ltr'>predictus</span> <span class='ocrx_word' id='word_1_44' title='bbox 1833 1033 1972 1130; x_wconf 55' lang='lat' dir='ltr'>leo&#39;pro</span> <span class='ocrx_word' id='word_1_45' title='bbox 1995 1045 2072 1112; x_wconf 91' lang='lat' dir='ltr'>vice</span> <span class='ocrx_word' id='word_1_46' title='bbox 2095 1044 2138 1110; x_wconf 91' lang='lat' dir='ltr'>de</span> <span class='ocrx_word' id='word_1_47' title='bbox 2174 1046 2252 1130; x_wconf 89' lang='lat' dir='ltr'>ipsa</span> <span class='ocrx_word' id='word_1_48' title='bbox 2290 1062 2404 1116; x_wconf 84' lang='lat' dir='ltr'>uxore</span> 
     </span>
     <span class='ocr_line' id='line_1_5' title="bbox 552 1172 2399 1289; baseline -0.002 -20"><span class='ocrx_word' id='word_1_49' title='bbox 552 1220 633 1272; x_wconf 90' lang='lat' dir='ltr'>mea</span> <span class='ocrx_word' id='word_1_50' title='bbox 657 1201 792 1288; x_wconf 85' lang='lat' dir='ltr'>guadia</span> <span class='ocrx_word' id='word_1_51' title='bbox 817 1203 883 1270; x_wconf 87' lang='lat' dir='ltr'>tibi</span> <span class='ocrx_word' id='word_1_52' title='bbox 908 1172 1064 1288; x_wconf 85' lang='lat' dir='ltr'>predicto</span> <span class='ocrx_word' id='word_1_53' title='bbox 1088 1202 1182 1289; x_wconf 81' lang='lat' dir='ltr'>sergi</span> <span class='ocrx_word' id='word_1_54' title='bbox 1207 1201 1286 1269; x_wconf 90' lang='lat' dir='ltr'>dedi</span> <span class='ocrx_word' id='word_1_55' title='bbox 1301 1203 1339 1270; x_wconf 89' lang='lat' dir='ltr'>et</span> <span class='ocrx_word' id='word_1_56' title='bbox 1362 1201 1590 1270; x_wconf 81' lang='lat' dir='ltr'>mediatorem</span> <span class='ocrx_word' id='word_1_57' title='bbox 1615 1199 1680 1267; x_wconf 87' lang='lat' dir='ltr'>tibi</span> <span class='ocrx_word' id='word_1_58' title='bbox 1704 1198 1820 1285; x_wconf 87' lang='lat' dir='ltr'>posuit</span> <span class='ocrx_word' id='word_1_59' title='bbox 1843 1199 2013 1283; x_wconf 82' lang='lat' dir='ltr'>seipsum3</span> <span class='ocrx_word' id='word_1_60' title='bbox 2032 1203 2067 1265; x_wconf 92' lang='lat' dir='ltr'>et</span> <span class='ocrx_word' id='word_1_61' title='bbox 2084 1215 2145 1283; x_wconf 91' lang='lat' dir='ltr'>per</span> <span class='ocrx_word' id='word_1_62' title='bbox 2165 1198 2242 1284; x_wconf 88' lang='lat' dir='ltr'>ipsa</span> <span class='ocrx_word' id='word_1_63' title='bbox 2265 1199 2399 1288; x_wconf 81' lang='lat' dir='ltr'>guadia</span> 
     </span>
     <span class='ocr_line' id='line_1_6' title="bbox 552 1347 2403 1442; baseline -0.002 -22"><span class='ocrx_word' id='word_1_64' title='bbox 552 1357 672 1442; x_wconf 83' lang='lat' dir='ltr'>obligo</span> <span class='ocrx_word' id='word_1_65' title='bbox 696 1373 753 1423; x_wconf 87' lang='lat' dir='ltr'>me</span> <span class='ocrx_word' id='word_1_66' title='bbox 776 1354 838 1441; x_wconf 90' lang='lat' dir='ltr'>qui</span> <span class='ocrx_word' id='word_1_67' title='bbox 863 1373 974 1441; x_wconf 87' lang='lat' dir='ltr'>supra</span> <span class='ocrx_word' id='word_1_68' title='bbox 998 1355 1052 1423; x_wconf 93' lang='lat' dir='ltr'>leo</span> <span class='ocrx_word' id='word_1_69' title='bbox 1076 1360 1112 1424; x_wconf 89' lang='lat' dir='ltr'>et</span> <span class='ocrx_word' id='word_1_70' title='bbox 1133 1372 1229 1422; x_wconf 89' lang='lat' dir='ltr'>meos</span> <span class='ocrx_word' id='word_1_71' title='bbox 1252 1353 1373 1422; x_wconf 88' lang='lat' dir='ltr'>eredes</span> <span class='ocrx_word' id='word_1_72' title='bbox 1396 1351 1519 1422; x_wconf 92' lang='lat' dir='ltr'>amodo</span> <span class='ocrx_word' id='word_1_73' title='bbox 1552 1355 1588 1419; x_wconf 87' lang='lat' dir='ltr'>et</span> <span class='ocrx_word' id='word_1_74' title='bbox 1621 1367 1759 1435; x_wconf 84' lang='lat' dir='ltr'>semper</span> <span class='ocrx_word' id='word_1_75' title='bbox 1794 1347 2038 1418; x_wconf 87' lang='lat' dir='ltr'>antistandum</span> <span class='ocrx_word' id='word_1_76' title='bbox 2073 1352 2108 1418; x_wconf 88' lang='lat' dir='ltr'>et</span> <span class='ocrx_word' id='word_1_77' title='bbox 2146 1348 2403 1418; x_wconf 87' lang='lat' dir='ltr'>defensandum</span> 
     </span>
     <span class='ocr_line' id='line_1_7' title="bbox 551 1499 2403 1593; baseline -0.001 -22"><span class='ocrx_word' id='word_1_78' title='bbox 551 1505 667 1591; x_wconf 90' lang='lat' dir='ltr'>ipsius</span> <span class='ocrx_word' id='word_1_79' title='bbox 692 1507 798 1574; x_wconf 80' lang='lat' dir='ltr'>uxori</span> <span class='ocrx_word' id='word_1_80' title='bbox 823 1525 900 1574; x_wconf 90' lang='lat' dir='ltr'>mee</span> <span class='ocrx_word' id='word_1_81' title='bbox 922 1510 958 1574; x_wconf 89' lang='lat' dir='ltr'>et</span> <span class='ocrx_word' id='word_1_82' title='bbox 980 1505 1026 1574; x_wconf 91' lang='lat' dir='ltr'>ad</span> <span class='ocrx_word' id='word_1_83' title='bbox 1049 1505 1127 1575; x_wconf 90' lang='lat' dir='ltr'>eius</span> <span class='ocrx_word' id='word_1_84' title='bbox 1151 1506 1283 1593; x_wconf 87' lang='lat' dir='ltr'>eredes,</span> <span class='ocrx_word' id='word_1_85' title='bbox 1308 1509 1344 1572; x_wconf 92' lang='lat' dir='ltr'>et</span> <span class='ocrx_word' id='word_1_86' title='bbox 1366 1502 1422 1572; x_wconf 89' lang='lat' dir='ltr'>eui</span> <span class='ocrx_word' id='word_1_87' title='bbox 1447 1521 1584 1590; x_wconf 82' lang='lat' dir='ltr'>perere</span> <span class='ocrx_word' id='word_1_88' title='bbox 1608 1502 1728 1578; x_wconf 89' lang='lat' dir='ltr'>datum</span> <span class='ocrx_word' id='word_1_89' title='bbox 1752 1500 1925 1588; x_wconf 84' lang='lat' dir='ltr'>paruerit,</span> <span class='ocrx_word' id='word_1_90' title='bbox 1945 1500 2070 1569; x_wconf 91' lang='lat' dir='ltr'>inclita</span> <span class='ocrx_word' id='word_1_91' title='bbox 2094 1499 2305 1587; x_wconf 86' lang='lat' dir='ltr'>supradicta</span> <span class='ocrx_word' id='word_1_92' title='bbox 2322 1520 2403 1571; x_wconf 89' lang='lat' dir='ltr'>mea</span> 
     </span>
     <span class='ocr_line' id='line_1_8' title="bbox 551 1651 2407 1742; baseline -0.002 -20"><span class='ocrx_word' id='word_1_93' title='bbox 551 1655 748 1724; x_wconf 89' lang='lat' dir='ltr'>traditione</span> <span class='ocrx_word' id='word_1_94' title='bbox 772 1658 818 1726; x_wconf 88' lang='lat' dir='ltr'>ab</span> <span class='ocrx_word' id='word_1_95' title='bbox 842 1656 1006 1724; x_wconf 91' lang='lat' dir='ltr'>omnibus</span> <span class='ocrx_word' id='word_1_96' title='bbox 1031 1656 1209 1723; x_wconf 92' lang='lat' dir='ltr'>ominibus</span> <span class='ocrx_word' id='word_1_97' title='bbox 1231 1657 1398 1742; x_wconf 92' lang='lat' dir='ltr'>omnique</span> <span class='ocrx_word' id='word_1_98' title='bbox 1423 1657 1593 1740; x_wconf 88' lang='lat' dir='ltr'>partibus.</span> <span class='ocrx_word' id='word_1_99' title='bbox 1619 1655 1716 1723; x_wconf 84' lang='lat' dir='ltr'>Etsi</span> <span class='ocrx_word' id='word_1_100' title='bbox 1740 1653 1860 1724; x_wconf 87' lang='lat' dir='ltr'>taliter</span> <span class='ocrx_word' id='word_1_101' title='bbox 1882 1671 1963 1740; x_wconf 82' lang='lat' dir='ltr'>aee,</span> <span class='ocrx_word' id='word_1_102' title='bbox 1988 1657 2027 1720; x_wconf 91' lang='lat' dir='ltr'>ut</span> <span class='ocrx_word' id='word_1_103' title='bbox 2051 1651 2187 1720; x_wconf 91' lang='lat' dir='ltr'>dictum</span> <span class='ocrx_word' id='word_1_104' title='bbox 2218 1657 2297 1740; x_wconf 89' lang='lat' dir='ltr'>est,</span> <span class='ocrx_word' id='word_1_105' title='bbox 2327 1652 2407 1719; x_wconf 91' lang='lat' dir='ltr'>illos</span> 
     </span>
     <span class='ocr_line' id='line_1_9' title="bbox 552 1805 2401 1906; baseline -0.001 -33"><span class='ocrx_word' id='word_1_106' title='bbox 552 1807 736 1875; x_wconf 83' lang='lat' dir='ltr'>defensare</span> <span class='ocrx_word' id='word_1_107' title='bbox 760 1826 831 1875; x_wconf 90' lang='lat' dir='ltr'>non</span> <span class='ocrx_word' id='word_1_108' title='bbox 857 1808 1090 1894; x_wconf 74' lang='lat' dir='ltr'>potuerimus²</span> <span class='ocrx_word' id='word_1_109' title='bbox 1117 1812 1203 1875; x_wconf 87' lang='lat' dir='ltr'>tunc</span> <span class='ocrx_word' id='word_1_110' title='bbox 1217 1859 1227 1894; x_wconf 89' lang='lat'>,</span> <span class='ocrx_word' id='word_1_111' title='bbox 1252 1809 1345 1875; x_wconf 86' lang='lat' dir='ltr'>sicut</span> <span class='ocrx_word' id='word_1_112' title='bbox 1369 1807 1406 1872; x_wconf 94' lang='lat' dir='ltr'>in</span> <span class='ocrx_word' id='word_1_113' title='bbox 1431 1807 1488 1877; x_wconf 80' lang='lat' dir='ltr'>lex&#39;</span> <span class='ocrx_word' id='word_1_114' title='bbox 1511 1807 1691 1906; x_wconf 85' lang='lat' dir='ltr'>eontinet,</span> <span class='ocrx_word' id='word_1_115' title='bbox 1724 1807 1775 1876; x_wconf 86' lang='lat' dir='ltr'>ite</span> <span class='ocrx_word' id='word_1_116' title='bbox 1797 1823 1862 1893; x_wconf 86' lang='lat' dir='ltr'>ego</span> <span class='ocrx_word' id='word_1_117' title='bbox 1885 1811 1921 1874; x_wconf 91' lang='lat' dir='ltr'>et</span> <span class='ocrx_word' id='word_1_118' title='bbox 1943 1824 2038 1874; x_wconf 89' lang='lat' dir='ltr'>meos</span> <span class='ocrx_word' id='word_1_119' title='bbox 2060 1805 2183 1874; x_wconf 87' lang='lat' dir='ltr'>eredes</span> <span class='ocrx_word' id='word_1_120' title='bbox 2208 1805 2401 1892; x_wconf 84' lang='lat' dir='ltr'>adimplea-</span> 
     </span>
     <span class='ocr_line' id='line_1_10' title="bbox 554 1961 2405 2050; baseline 0.001 -23"><span class='ocrx_word' id='word_1_121' title='bbox 554 1977 634 2028; x_wconf 91' lang='lat' dir='ltr'>mus</span> <span class='ocrx_word' id='word_1_122' title='bbox 658 1967 694 2029; x_wconf 92' lang='lat' dir='ltr'>et</span> <span class='ocrx_word' id='word_1_123' title='bbox 719 1961 966 2050; x_wconf 88' lang='lat' dir='ltr'>persolvamus</span> <span class='ocrx_word' id='word_1_124' title='bbox 990 1961 1101 2048; x_wconf 90' lang='lat' dir='ltr'>ipsius</span> <span class='ocrx_word' id='word_1_125' title='bbox 1128 1961 1233 2028; x_wconf 78' lang='lat' dir='ltr'>vixori</span> <span class='ocrx_word' id='word_1_126' title='bbox 1258 1981 1333 2030; x_wconf 92' lang='lat' dir='ltr'>mee</span> <span class='ocrx_word' id='word_1_127' title='bbox 1357 1967 1392 2031; x_wconf 90' lang='lat' dir='ltr'>et</span> <span class='ocrx_word' id='word_1_128' title='bbox 1415 1965 1458 2032; x_wconf 90' lang='lat' dir='ltr'>ad</span> <span class='ocrx_word' id='word_1_129' title='bbox 1483 1962 1561 2031; x_wconf 88' lang='lat' dir='ltr'>eius</span> <span class='ocrx_word' id='word_1_130' title='bbox 1584 1963 1718 2050; x_wconf 88' lang='lat' dir='ltr'>eredes,</span> <span class='ocrx_word' id='word_1_131' title='bbox 1743 1969 1779 2032; x_wconf 91' lang='lat' dir='ltr'>et</span> <span class='ocrx_word' id='word_1_132' title='bbox 1794 1962 1851 2030; x_wconf 89' lang='lat' dir='ltr'>eui</span> <span class='ocrx_word' id='word_1_133' title='bbox 1869 1981 1931 2049; x_wconf 91' lang='lat' dir='ltr'>per</span> <span class='ocrx_word' id='word_1_134' title='bbox 1947 1964 2000 2032; x_wconf 90' lang='lat' dir='ltr'>eis</span> <span class='ocrx_word' id='word_1_135' title='bbox 2015 1964 2138 2032; x_wconf 91' lang='lat' dir='ltr'>datum</span> <span class='ocrx_word' id='word_1_136' title='bbox 2155 1965 2327 2050; x_wconf 87' lang='lat' dir='ltr'>paruerit,</span> <span class='ocrx_word' id='word_1_137' title='bbox 2353 1963 2405 2030; x_wconf 90' lang='lat' dir='ltr'>in-</span> 
     </span>
     <span class='ocr_line' id='line_1_11' title="bbox 552 2113 2405 2201; baseline -0.002 -16"><span class='ocrx_word' id='word_1_138' title='bbox 552 2115 707 2201; x_wconf 87' lang='lat' dir='ltr'>stiliam;</span> <span class='ocrx_word' id='word_1_139' title='bbox 732 2119 768 2182; x_wconf 88' lang='lat' dir='ltr'>et</span> <span class='ocrx_word' id='word_1_140' title='bbox 792 2113 938 2200; x_wconf 88' lang='lat' dir='ltr'>quando</span> <span class='ocrx_word' id='word_1_141' title='bbox 965 2131 1026 2200; x_wconf 90' lang='lat' dir='ltr'>per</span> <span class='ocrx_word' id='word_1_142' title='bbox 1048 2129 1085 2180; x_wconf 89' lang='lat' dir='ltr'>se</span> <span class='ocrx_word' id='word_1_143' title='bbox 1110 2113 1261 2182; x_wconf 90' lang='lat' dir='ltr'>voluerit</span> <span class='ocrx_word' id='word_1_144' title='bbox 1285 2115 1327 2182; x_wconf 93' lang='lat' dir='ltr'>de</span> <span class='ocrx_word' id='word_1_145' title='bbox 1350 2115 1551 2201; x_wconf 88' lang='lat' dir='ltr'>supradicta</span> <span class='ocrx_word' id='word_1_146' title='bbox 1574 2122 1696 2184; x_wconf 88' lang='lat' dir='ltr'>nostra</span> <span class='ocrx_word' id='word_1_147' title='bbox 1719 2116 1912 2186; x_wconf 88' lang='lat' dir='ltr'>traditione</span> <span class='ocrx_word' id='word_1_148' title='bbox 1935 2122 1971 2186; x_wconf 87' lang='lat' dir='ltr'>et</span> <span class='ocrx_word' id='word_1_149' title='bbox 2006 2117 2198 2185; x_wconf 90' lang='lat' dir='ltr'>donatione</span> <span class='ocrx_word' id='word_1_150' title='bbox 2226 2115 2305 2182; x_wconf 88' lang='lat' dir='ltr'>lieri</span> <span class='ocrx_word' id='word_1_151' title='bbox 2342 2133 2405 2183; x_wconf 91' lang='lat' dir='ltr'>au·</span> 
     </span>
     <span class='ocr_line' id='line_1_12' title="bbox 552 2264 2407 2355; baseline -0.002 -19"><span class='ocrx_word' id='word_1_152' title='bbox 552 2274 660 2355; x_wconf 79' lang='lat' dir='ltr'>torae,</span> <span class='ocrx_word' id='word_1_153' title='bbox 685 2269 897 2354; x_wconf 85' lang='lat' dir='ltr'>potestatem</span> <span class='ocrx_word' id='word_1_154' title='bbox 930 2267 1061 2335; x_wconf 88' lang='lat' dir='ltr'>abeant</span> <span class='ocrx_word' id='word_1_155' title='bbox 1086 2264 1161 2334; x_wconf 88' lang='lat' dir='ltr'>vice</span> <span class='ocrx_word' id='word_1_156' title='bbox 1187 2269 1309 2334; x_wconf 87' lang='lat' dir='ltr'>nostra</span> <span class='ocrx_word' id='word_1_157' title='bbox 1335 2269 1371 2334; x_wconf 92' lang='lat' dir='ltr'>in</span> <span class='ocrx_word' id='word_1_158' title='bbox 1396 2270 1560 2334; x_wconf 90' lang='lat' dir='ltr'>omnibus</span> <span class='ocrx_word' id='word_1_159' title='bbox 1584 2269 1666 2337; x_wconf 93' lang='lat' dir='ltr'>inde</span> <span class='ocrx_word' id='word_1_160' title='bbox 1690 2287 1838 2338; x_wconf 87' lang='lat' dir='ltr'>causare</span> <span class='ocrx_word' id='word_1_161' title='bbox 1853 2273 1889 2337; x_wconf 88' lang='lat' dir='ltr'>et</span> <span class='ocrx_word' id='word_1_162' title='bbox 1905 2271 2009 2337; x_wconf 82' lang='lat' dir='ltr'>tinem</span> <span class='ocrx_word' id='word_1_163' title='bbox 2027 2268 2155 2354; x_wconf 87' lang='lat' dir='ltr'>iacere,</span> <span class='ocrx_word' id='word_1_164' title='bbox 2170 2265 2324 2354; x_wconf 87' lang='lat' dir='ltr'>qualiter</span> <span class='ocrx_word' id='word_1_165' title='bbox 2349 2283 2407 2334; x_wconf 89' lang='lat' dir='ltr'>vo-</span> 
     </span>
     <span class='ocr_line' id='line_1_13' title="bbox 554 2417 2403 2505; baseline 0 -20"><span class='ocrx_word' id='word_1_166' title='bbox 554 2418 679 2505; x_wconf 88' lang='lat' dir='ltr'>luerit,</span> <span class='ocrx_word' id='word_1_167' title='bbox 705 2438 785 2486; x_wconf 90' lang='lat' dir='ltr'>eum</span> <span class='ocrx_word' id='word_1_168' title='bbox 812 2418 977 2486; x_wconf 89' lang='lat' dir='ltr'>omnibus</span> <span class='ocrx_word' id='word_1_169' title='bbox 1000 2417 1201 2486; x_wconf 84' lang='lat' dir='ltr'>rationibus</span> <span class='ocrx_word' id='word_1_170' title='bbox 1224 2437 1292 2504; x_wconf 92' lang='lat' dir='ltr'>que</span> <span class='ocrx_word' id='word_1_171' title='bbox 1317 2421 1399 2487; x_wconf 92' lang='lat' dir='ltr'>inde</span> <span class='ocrx_word' id='word_1_172' title='bbox 1424 2421 1567 2488; x_wconf 86' lang='lat' dir='ltr'>abuerit</span> <span class='ocrx_word' id='word_1_173' title='bbox 1607 2419 1703 2494; x_wconf 85' lang='lat' dir='ltr'>Quod</span> <span class='ocrx_word' id='word_1_174' title='bbox 1726 2422 1758 2488; x_wconf 90' lang='lat' dir='ltr'>si</span> <span class='ocrx_word' id='word_1_175' title='bbox 1781 2420 1902 2489; x_wconf 88' lang='lat' dir='ltr'>taliter</span> <span class='ocrx_word' id='word_1_176' title='bbox 1926 2424 2047 2489; x_wconf 84' lang='lat' dir='ltr'>omnia</span> <span class='ocrx_word' id='word_1_177' title='bbox 2071 2421 2317 2505; x_wconf 88' lang='lat' dir='ltr'>suprascripta</span> <span class='ocrx_word' id='word_1_178' title='bbox 2340 2436 2403 2504; x_wconf 92' lang='lat' dir='ltr'>per</span> 
     </span>
    </p>

    <p class='ocr_par' dir='ltr' id='par_1_4' title="bbox 476 2568 2409 2818">
     <span class='ocr_line' id='line_1_14' title="bbox 476 2568 2409 2660; baseline 0 -22"><span class='ocrx_word' id='word_1_179' title='bbox 476 2609 481 2624; x_wconf 37' lang='grc' dir='ltr'><strong><em>κ</em></strong></span> <span class='ocrx_word' id='word_1_180' title='bbox 565 2571 769 2656; x_wconf 84' lang='lat' dir='ltr'>supradicto</span> <span class='ocrx_word' id='word_1_181' title='bbox 794 2570 1018 2638; x_wconf 89' lang='lat' dir='ltr'>ordinenon</span> <span class='ocrx_word' id='word_1_182' title='bbox 1044 2568 1357 2656; x_wconf 76' lang='lat' dir='ltr'>adimpleverimus</span> <span class='ocrx_word' id='word_1_183' title='bbox 1381 2577 1416 2639; x_wconf 85' lang='lat' dir='ltr'>et</span> <span class='ocrx_word' id='word_1_184' title='bbox 1438 2570 1567 2657; x_wconf 89' lang='lat' dir='ltr'>aliquit</span> <span class='ocrx_word' id='word_1_185' title='bbox 1590 2573 1632 2639; x_wconf 93' lang='lat' dir='ltr'>de</span> <span class='ocrx_word' id='word_1_186' title='bbox 1656 2591 1721 2658; x_wconf 86' lang='lat' dir='ltr'>ea,</span> <span class='ocrx_word' id='word_1_187' title='bbox 1757 2592 1825 2659; x_wconf 92' lang='lat' dir='ltr'>que</span> <span class='ocrx_word' id='word_1_188' title='bbox 1849 2572 2011 2660; x_wconf 89' lang='lat' dir='ltr'>superius</span> <span class='ocrx_word' id='word_1_189' title='bbox 2040 2570 2192 2659; x_wconf 87' lang='lat' dir='ltr'>legitur,</span> <span class='ocrx_word' id='word_1_190' title='bbox 2228 2589 2409 2640; x_wconf 91' lang='lat' dir='ltr'>removere</span> 
     </span>
     <span class='ocr_line' id='line_1_15' title="bbox 563 2722 2406 2818; baseline -0.002 -27"><span class='ocrx_word' id='word_1_191' title='bbox 563 2729 628 2791; x_wconf 94' lang='lat' dir='ltr'>aut</span> <span class='ocrx_word' id='word_1_192' title='bbox 650 2726 818 2792; x_wconf 89' lang='lat' dir='ltr'>contrare</span> <span class='ocrx_word' id='word_1_193' title='bbox 846 2722 1097 2808; x_wconf 64' lang='lat' dir='ltr'>quesierimus</span> <span class='ocrx_word' id='word_1_194' title='bbox 1121 2727 1184 2791; x_wconf 89' lang='lat' dir='ltr'>aut</span> <span class='ocrx_word' id='word_1_195' title='bbox 1208 2725 1237 2790; x_wconf 91' lang='lat' dir='ltr'>si</span> <span class='ocrx_word' id='word_1_196' title='bbox 1262 2723 1503 2809; x_wconf 85' lang='lat' dir='ltr'>quodcumque</span> <span class='ocrx_word' id='word_1_197' title='bbox 1525 2725 1750 2793; x_wconf 87' lang='lat' dir='ltr'>causationes</span> <span class='ocrx_word' id='word_1_198' title='bbox 1772 2725 1902 2793; x_wconf 88' lang='lat' dir='ltr'>exinde</span> <span class='ocrx_word' id='word_1_199' title='bbox 1925 2725 2220 2818; x_wconf 77' lang='lat' dir='ltr'>preposuerimuS,</span> <span class='ocrx_word' id='word_1_200' title='bbox 2237 2741 2300 2809; x_wconf 92' lang='lat' dir='ltr'>per</span> <span class='ocrx_word' id='word_1_201' title='bbox 2315 2739 2406 2790; x_wconf 86' lang='lat' dir='ltr'>vona</span> 
     </span>
    </p>

    <p class='ocr_par' dir='ltr' id='par_1_5' title="bbox 528 2873 2411 3418">
     <span class='ocr_line' id='line_1_16' title="bbox 528 2873 2405 2963; baseline -0.003 -17"><span class='ocrx_word' id='word_1_202' title='bbox 528 2955 532 2960; x_wconf 20' lang='lat'><em>⁶</em></span> <span class='ocrx_word' id='word_1_203' title='bbox 562 2878 818 2946; x_wconf 86' lang='lat' dir='ltr'>convenientia</span> <span class='ocrx_word' id='word_1_204' title='bbox 841 2895 904 2963; x_wconf 90' lang='lat' dir='ltr'>per</span> <span class='ocrx_word' id='word_1_205' title='bbox 929 2877 1008 2962; x_wconf 88' lang='lat' dir='ltr'>ipsa</span> <span class='ocrx_word' id='word_1_206' title='bbox 1024 2874 1156 2963; x_wconf 81' lang='lat' dir='ltr'>guedia</span> <span class='ocrx_word' id='word_1_207' title='bbox 1173 2893 1386 2962; x_wconf 88' lang='lat' dir='ltr'>componere</span> <span class='ocrx_word' id='word_1_208' title='bbox 1404 2875 1521 2960; x_wconf 83' lang='lat' dir='ltr'>obligo</span> <span class='ocrx_word' id='word_1_209' title='bbox 1538 2893 1594 2942; x_wconf 93' lang='lat' dir='ltr'>me</span> <span class='ocrx_word' id='word_1_210' title='bbox 1609 2876 1670 2961; x_wconf 90' lang='lat' dir='ltr'>qui</span> <span class='ocrx_word' id='word_1_211' title='bbox 1685 2893 1793 2961; x_wconf 91' lang='lat' dir='ltr'>supra</span> <span class='ocrx_word' id='word_1_212' title='bbox 1810 2877 1862 2944; x_wconf 88' lang='lat' dir='ltr'>leo</span> <span class='ocrx_word' id='word_1_213' title='bbox 1876 2881 1912 2944; x_wconf 90' lang='lat' dir='ltr'>et</span> <span class='ocrx_word' id='word_1_214' title='bbox 1926 2894 2021 2944; x_wconf 88' lang='lat' dir='ltr'>meos</span> <span class='ocrx_word' id='word_1_215' title='bbox 2037 2875 2158 2944; x_wconf 88' lang='lat' dir='ltr'>eredes</span> <span class='ocrx_word' id='word_1_216' title='bbox 2174 2873 2286 2962; x_wconf 90' lang='lat' dir='ltr'>ipsius</span> <span class='ocrx_word' id='word_1_217' title='bbox 2301 2875 2405 2943; x_wconf 82' lang='lat' dir='ltr'>uxori</span> 
     </span>
     <span class='ocr_line' id='line_1_17' title="bbox 559 3025 2407 3115; baseline -0.001 -20"><span class='ocrx_word' id='word_1_218' title='bbox 559 3047 652 3115; x_wconf 89' lang='lat' dir='ltr'>mee,</span> <span class='ocrx_word' id='word_1_219' title='bbox 677 3029 732 3096; x_wconf 90' lang='lat' dir='ltr'>vel</span> <span class='ocrx_word' id='word_1_220' title='bbox 755 3026 801 3097; x_wconf 93' lang='lat' dir='ltr'>ad</span> <span class='ocrx_word' id='word_1_221' title='bbox 824 3027 902 3095; x_wconf 90' lang='lat' dir='ltr'>eius</span> <span class='ocrx_word' id='word_1_222' title='bbox 925 3027 1061 3115; x_wconf 58' lang='lat' dir='ltr'>eredes</span> <span class='ocrx_word' id='word_1_223' title='bbox 1086 3040 1122 3096; x_wconf 82' lang='lat' dir='ltr'>et</span> <span class='ocrx_word' id='word_1_224' title='bbox 1147 3028 1204 3095; x_wconf 88' lang='lat' dir='ltr'>eui</span> <span class='ocrx_word' id='word_1_225' title='bbox 1228 3046 1293 3114; x_wconf 91' lang='lat' dir='ltr'>per</span> <span class='ocrx_word' id='word_1_226' title='bbox 1315 3027 1367 3095; x_wconf 90' lang='lat' dir='ltr'>eis</span> <span class='ocrx_word' id='word_1_227' title='bbox 1390 3025 1512 3096; x_wconf 87' lang='lat' dir='ltr'>datum</span> <span class='ocrx_word' id='word_1_228' title='bbox 1530 3029 1705 3114; x_wconf 86' lang='lat' dir='ltr'>paruerit,</span> <span class='ocrx_word' id='word_1_229' title='bbox 1721 3028 1875 3114; x_wconf 82' lang='lat' dir='ltr'>triginta</span> <span class='ocrx_word' id='word_1_230' title='bbox 1892 3029 1970 3096; x_wconf 88' lang='lat' dir='ltr'>auri</span> <span class='ocrx_word' id='word_1_231' title='bbox 1989 3027 2116 3095; x_wconf 89' lang='lat' dir='ltr'>solidos</span> <span class='ocrx_word' id='word_1_232' title='bbox 2131 3027 2348 3095; x_wconf 88' lang='lat' dir='ltr'>costantinos</span> <span class='ocrx_word' id='word_1_233' title='bbox 2371 3029 2407 3094; x_wconf 89' lang='lat' dir='ltr'>et</span> 
     </span>
     <span class='ocr_line' id='line_1_18' title="bbox 561 3176 2405 3266; baseline 0 -20"><span class='ocrx_word' id='word_1_234' title='bbox 561 3179 806 3266; x_wconf 87' lang='lat' dir='ltr'>suprascripta</span> <span class='ocrx_word' id='word_1_235' title='bbox 828 3179 933 3245; x_wconf 86' lang='lat' dir='ltr'>firma</span> <span class='ocrx_word' id='word_1_236' title='bbox 958 3180 1201 3265; x_wconf 88' lang='lat' dir='ltr'>permanead;</span> <span class='ocrx_word' id='word_1_237' title='bbox 1226 3185 1263 3247; x_wconf 87' lang='lat' dir='ltr'>et</span> <span class='ocrx_word' id='word_1_238' title='bbox 1286 3179 1369 3246; x_wconf 95' lang='lat' dir='ltr'>dum</span> <span class='ocrx_word' id='word_1_239' title='bbox 1393 3195 1458 3265; x_wconf 84' lang='lat' dir='ltr'>ego</span> <span class='ocrx_word' id='word_1_240' title='bbox 1482 3176 1659 3263; x_wconf 81' lang='lat' dir='ltr'>prediatus</span> <span class='ocrx_word' id='word_1_241' title='bbox 1683 3179 1735 3246; x_wconf 92' lang='lat' dir='ltr'>leo</span> <span class='ocrx_word' id='word_1_242' title='bbox 1758 3177 1927 3265; x_wconf 88' lang='lat' dir='ltr'>vixsero,</span> <span class='ocrx_word' id='word_1_243' title='bbox 1959 3177 2200 3265; x_wconf 88' lang='lat' dir='ltr'>suprascripta</span> <span class='ocrx_word' id='word_1_244' title='bbox 2225 3179 2330 3246; x_wconf 88' lang='lat' dir='ltr'>rebus</span> <span class='ocrx_word' id='word_1_245' title='bbox 2353 3181 2405 3246; x_wconf 87' lang='lat' dir='ltr'>te·</span> 
     </span>
     <span class='ocr_line' id='line_1_19' title="bbox 559 3327 2411 3418; baseline -0.001 -21"><span class='ocrx_word' id='word_1_246' title='bbox 559 3348 645 3397; x_wconf 91' lang='lat' dir='ltr'>nere</span> <span class='ocrx_word' id='word_1_247' title='bbox 668 3347 734 3416; x_wconf 87' lang='lat' dir='ltr'>ego</span> <span class='ocrx_word' id='word_1_248' title='bbox 759 3330 842 3398; x_wconf 86' lang='lat' dir='ltr'>illut</span> <span class='ocrx_word' id='word_1_249' title='bbox 866 3347 939 3400; x_wconf 85' lang='lat' dir='ltr'>una</span> <span class='ocrx_word' id='word_1_250' title='bbox 964 3332 1041 3418; x_wconf 90' lang='lat' dir='ltr'>ipsa</span> <span class='ocrx_word' id='word_1_251' title='bbox 1063 3348 1175 3399; x_wconf 88' lang='lat' dir='ltr'>uxore</span> <span class='ocrx_word' id='word_1_252' title='bbox 1198 3349 1278 3400; x_wconf 87' lang='lat' dir='ltr'>mea</span> <span class='ocrx_word' id='word_1_253' title='bbox 1301 3338 1337 3399; x_wconf 89' lang='lat' dir='ltr'>et</span> <span class='ocrx_word' id='word_1_254' title='bbox 1360 3329 1441 3399; x_wconf 90' lang='lat' dir='ltr'>illut</span> <span class='ocrx_word' id='word_1_255' title='bbox 1464 3329 1623 3399; x_wconf 85' lang='lat' dir='ltr'>frudiare</span> <span class='ocrx_word' id='word_1_256' title='bbox 1645 3348 1719 3398; x_wconf 87' lang='lat' dir='ltr'>una</span> <span class='ocrx_word' id='word_1_257' title='bbox 1742 3347 1822 3396; x_wconf 91' lang='lat' dir='ltr'>cum</span> <span class='ocrx_word' id='word_1_258' title='bbox 1846 3327 1921 3405; x_wconf 88' lang='lat' dir='ltr'>ilia,</span> <span class='ocrx_word' id='word_1_259' title='bbox 1947 3332 1983 3395; x_wconf 92' lang='lat' dir='ltr'>et</span> <span class='ocrx_word' id='word_1_260' title='bbox 2001 3332 2039 3396; x_wconf 85' lang='lat' dir='ltr'>at</span> <span class='ocrx_word' id='word_1_261' title='bbox 2055 3329 2112 3397; x_wconf 93' lang='lat' dir='ltr'>die</span> <span class='ocrx_word' id='word_1_262' title='bbox 2129 3331 2266 3397; x_wconf 91' lang='lat' dir='ltr'>obitum</span> <span class='ocrx_word' id='word_1_263' title='bbox 2280 3334 2316 3398; x_wconf 88' lang='lat' dir='ltr'>et</span> <span class='ocrx_word' id='word_1_264' title='bbox 2332 3329 2411 3398; x_wconf 91' lang='lat' dir='ltr'>illos</span> 
     </span>
    </p>

    <p class='ocr_par' dir='ltr' id='par_1_6' title="bbox 555 3479 2415 4794">
     <span class='ocr_line' id='line_1_20' title="bbox 555 3479 2412 3572; baseline 0.004 -29"><span class='ocrx_word' id='word_1_265' title='bbox 555 3480 611 3547; x_wconf 90' lang='lat' dir='ltr'>vel</span> <span class='ocrx_word' id='word_1_266' title='bbox 636 3480 715 3547; x_wconf 92' lang='lat' dir='ltr'>eius</span> <span class='ocrx_word' id='word_1_267' title='bbox 738 3480 862 3547; x_wconf 91' lang='lat' dir='ltr'>eredes</span> <span class='ocrx_word' id='word_1_268' title='bbox 886 3479 973 3550; x_wconf 90' lang='lat' dir='ltr'>dare</span> <span class='ocrx_word' id='word_1_269' title='bbox 998 3499 1061 3566; x_wconf 92' lang='lat' dir='ltr'>pro</span> <span class='ocrx_word' id='word_1_270' title='bbox 1084 3500 1164 3551; x_wconf 89' lang='lat' dir='ltr'>mea</span> <span class='ocrx_word' id='word_1_271' title='bbox 1187 3480 1310 3551; x_wconf 86' lang='lat' dir='ltr'>anima</span> <span class='ocrx_word' id='word_1_272' title='bbox 1334 3481 1516 3550; x_wconf 89' lang='lat' dir='ltr'>duodecim</span> <span class='ocrx_word' id='word_1_273' title='bbox 1540 3479 1619 3550; x_wconf 85' lang='lat' dir='ltr'>auri</span> <span class='ocrx_word' id='word_1_274' title='bbox 1643 3480 1715 3550; x_wconf 83' lang='lat' dir='ltr'>tari</span> <span class='ocrx_word' id='word_1_275' title='bbox 1738 3480 1833 3569; x_wconf 85' lang='lat' dir='ltr'>voni,</span> <span class='ocrx_word' id='word_1_276' title='bbox 1856 3485 1995 3551; x_wconf 84' lang='lat' dir='ltr'>astante</span> <span class='ocrx_word' id='word_1_277' title='bbox 2020 3499 2101 3549; x_wconf 90' lang='lat' dir='ltr'>omo</span> <span class='ocrx_word' id='word_1_278' title='bbox 2126 3483 2185 3553; x_wconf 91' lang='lat' dir='ltr'>ille</span> <span class='ocrx_word' id='word_1_279' title='bbox 2200 3483 2256 3551; x_wconf 91' lang='lat' dir='ltr'>cui</span> <span class='ocrx_word' id='word_1_280' title='bbox 2281 3501 2348 3572; x_wconf 85' lang='lat' dir='ltr'>ego</span> <span class='ocrx_word' id='word_1_281' title='bbox 2370 3483 2412 3552; x_wconf 93' lang='lat' dir='ltr'>il·</span> 
     </span>
     <span class='ocr_line' id='line_1_21' title="bbox 556 3609 2411 3729; baseline 0.004 -33"><span class='ocrx_word' id='word_1_282' title='bbox 556 3630 628 3700; x_wconf 92' lang='lat' dir='ltr'>lum</span> <span class='ocrx_word' id='word_1_283' title='bbox 652 3632 689 3699; x_wconf 93' lang='lat' dir='ltr'>in</span> <span class='ocrx_word' id='word_1_284' title='bbox 716 3650 860 3700; x_wconf 90' lang='lat' dir='ltr'>manum</span> <span class='ocrx_word' id='word_1_285' title='bbox 885 3634 1116 3720; x_wconf 85' lang='lat' dir='ltr'>commiserit3</span> <span class='ocrx_word' id='word_1_286' title='bbox 1142 3636 1177 3700; x_wconf 87' lang='lat' dir='ltr'>et</span> <span class='ocrx_word' id='word_1_287' title='bbox 1200 3635 1228 3700; x_wconf 91' lang='lat' dir='ltr'>si</span> <span class='ocrx_word' id='word_1_288' title='bbox 1257 3634 1334 3719; x_wconf 88' lang='lat' dir='ltr'>ipsa</span> <span class='ocrx_word' id='word_1_289' title='bbox 1358 3649 1449 3700; x_wconf 86' lang='lat' dir='ltr'>uxor</span> <span class='ocrx_word' id='word_1_290' title='bbox 1473 3651 1552 3700; x_wconf 88' lang='lat' dir='ltr'>mea</span> <span class='ocrx_word' id='word_1_291' title='bbox 1576 3633 1630 3701; x_wconf 92' lang='lat' dir='ltr'>vel</span> <span class='ocrx_word' id='word_1_292' title='bbox 1648 3634 1860 3702; x_wconf 88' lang='lat' dir='ltr'>eiuseredes</span> <span class='ocrx_word' id='word_1_293' title='bbox 1883 3609 2004 3704; x_wconf 89' lang='lat' dir='ltr'>eadem</span> <span class='ocrx_word' id='word_1_294' title='bbox 2029 3653 2086 3703; x_wconf 88' lang='lat' dir='ltr'>res</span> <span class='ocrx_word' id='word_1_295' title='bbox 2110 3635 2302 3729; x_wconf 87' lang='lat' dir='ltr'>aliquando</span> <span class='ocrx_word' id='word_1_296' title='bbox 2327 3643 2411 3704; x_wconf 89' lang='lat' dir='ltr'>tem·</span> 
     </span>
     <span class='ocr_line' id='line_1_22' title="bbox 556 3781 2411 3878; baseline 0.006 -30"><span class='ocrx_word' id='word_1_297' title='bbox 556 3799 640 3868; x_wconf 91' lang='lat' dir='ltr'>pore</span> <span class='ocrx_word' id='word_1_298' title='bbox 663 3781 830 3849; x_wconf 86' lang='lat' dir='ltr'>daturam</span> <span class='ocrx_word' id='word_1_299' title='bbox 855 3786 920 3850; x_wconf 87' lang='lat' dir='ltr'>aut</span> <span class='ocrx_word' id='word_1_300' title='bbox 943 3783 1163 3852; x_wconf 89' lang='lat' dir='ltr'>vindituram</span> <span class='ocrx_word' id='word_1_301' title='bbox 1187 3784 1340 3870; x_wconf 88' lang='lat' dir='ltr'>abuerit,</span> <span class='ocrx_word' id='word_1_302' title='bbox 1367 3801 1437 3851; x_wconf 91' lang='lat' dir='ltr'>non</span> <span class='ocrx_word' id='word_1_303' title='bbox 1461 3785 1573 3854; x_wconf 86' lang='lat' dir='ltr'>abead</span> <span class='ocrx_word' id='word_1_304' title='bbox 1596 3789 1803 3870; x_wconf 87' lang='lat' dir='ltr'>potestatem</span> <span class='ocrx_word' id='word_1_305' title='bbox 1827 3789 2040 3874; x_wconf 87' lang='lat' dir='ltr'>cuicumque</span> <span class='ocrx_word' id='word_1_306' title='bbox 2064 3788 2142 3856; x_wconf 91' lang='lat' dir='ltr'>illos</span> <span class='ocrx_word' id='word_1_307' title='bbox 2164 3789 2262 3878; x_wconf 87' lang='lat' dir='ltr'>dare,</span> <span class='ocrx_word' id='word_1_308' title='bbox 2279 3789 2348 3858; x_wconf 91' lang='lat' dir='ltr'>nisi</span> <span class='ocrx_word' id='word_1_309' title='bbox 2366 3789 2411 3860; x_wconf 89' lang='lat' dir='ltr'>ad</span> 
     </span>
     <span class='ocr_line' id='line_1_23' title="bbox 555 3917 2412 4030; baseline 0.005 -29"><span class='ocrx_word' id='word_1_310' title='bbox 555 3934 677 4002; x_wconf 89' lang='lat' dir='ltr'>eredes</span> <span class='ocrx_word' id='word_1_311' title='bbox 702 3951 797 4000; x_wconf 91' lang='lat' dir='ltr'>meos</span> <span class='ocrx_word' id='word_1_312' title='bbox 821 3932 905 4002; x_wconf 92' lang='lat' dir='ltr'>illut</span> <span class='ocrx_word' id='word_1_313' title='bbox 928 3935 1037 4004; x_wconf 88' lang='lat' dir='ltr'>deant</span> <span class='ocrx_word' id='word_1_314' title='bbox 1062 3938 1107 4005; x_wconf 85' lang='lat' dir='ltr'>ad</span> <span class='ocrx_word' id='word_1_315' title='bbox 1132 3939 1226 4006; x_wconf 87' lang='lat' dir='ltr'>iusto</span> <span class='ocrx_word' id='word_1_316' title='bbox 1251 3937 1406 4007; x_wconf 86' lang='lat' dir='ltr'>veliente</span> <span class='ocrx_word' id='word_1_317' title='bbox 1430 3936 1597 4024; x_wconf 88' lang='lat' dir='ltr'>pretium,</span> <span class='ocrx_word' id='word_1_318' title='bbox 1622 3940 1684 4026; x_wconf 90' lang='lat' dir='ltr'>qui</span> <span class='ocrx_word' id='word_1_319' title='bbox 1709 3941 1799 4009; x_wconf 85' lang='lat' dir='ltr'>iuste</span> <span class='ocrx_word' id='word_1_320' title='bbox 1814 3941 1922 4009; x_wconf 86' lang='lat' dir='ltr'>suerit</span> <span class='ocrx_word' id='word_1_321' title='bbox 1939 3940 2194 4030; x_wconf 86' lang='lat' dir='ltr'>adpretiatum‚</span> <span class='ocrx_word' id='word_1_322' title='bbox 2212 3917 2412 4012; x_wconf 88' lang='lat' dir='ltr'>iaciendum</span> 
     </span>
     <span class='ocr_line' id='line_1_24' title="bbox 557 4083 2412 4181; baseline 0.008 -33"><span class='ocrx_word' id='word_1_323' title='bbox 557 4083 632 4152; x_wconf 92' lang='lat' dir='ltr'>illis</span> <span class='ocrx_word' id='word_1_324' title='bbox 656 4085 790 4154; x_wconf 81' lang='lat' dir='ltr'>exinde</span> <span class='ocrx_word' id='word_1_325' title='bbox 815 4090 917 4156; x_wconf 82' lang='lat' dir='ltr'>exire</span> <span class='ocrx_word' id='word_1_326' title='bbox 940 4105 1000 4155; x_wconf 91' lang='lat' dir='ltr'>eos</span> <span class='ocrx_word' id='word_1_327' title='bbox 1025 4108 1087 4175; x_wconf 90' lang='lat' dir='ltr'>per</span> <span class='ocrx_word' id='word_1_328' title='bbox 1111 4089 1216 4156; x_wconf 83' lang='lat' dir='ltr'>tertio</span> <span class='ocrx_word' id='word_1_329' title='bbox 1240 4089 1447 4168; x_wconf 78' lang='lat' dir='ltr'>costitutum</span> <span class='ocrx_word' id='word_1_330' title='bbox 1472 4109 1582 4178; x_wconf 87' lang='lat' dir='ltr'>usque</span> <span class='ocrx_word' id='word_1_331' title='bbox 1605 4092 1679 4160; x_wconf 86' lang='lat' dir='ltr'>dies</span> <span class='ocrx_word' id='word_1_332' title='bbox 1703 4093 1855 4180; x_wconf 87' lang='lat' dir='ltr'>triginta</span> <span class='ocrx_word' id='word_1_333' title='bbox 1878 4099 1964 4169; x_wconf 89' lang='lat' dir='ltr'>tres;</span> <span class='ocrx_word' id='word_1_334' title='bbox 1990 4110 2075 4161; x_wconf 89' lang='lat' dir='ltr'>nam</span> <span class='ocrx_word' id='word_1_335' title='bbox 2098 4094 2126 4162; x_wconf 90' lang='lat' dir='ltr'>si</span> <span class='ocrx_word' id='word_1_336' title='bbox 2145 4097 2230 4164; x_wconf 89' lang='lat' dir='ltr'>ante</span> <span class='ocrx_word' id='word_1_337' title='bbox 2254 4095 2333 4181; x_wconf 84' lang='lat' dir='ltr'>ipsa</span> <span class='ocrx_word' id='word_1_338' title='bbox 2356 4113 2412 4162; x_wconf 94' lang='lat' dir='ltr'>co·</span> 
     </span>
     <span class='ocr_line' id='line_1_25' title="bbox 561 4237 2407 4336; baseline 0.007 -30"><span class='ocrx_word' id='word_1_339' title='bbox 561 4238 693 4306; x_wconf 88' lang='lat' dir='ltr'>stituta</span> <span class='ocrx_word' id='word_1_340' title='bbox 717 4237 930 4324; x_wconf 88' lang='lat' dir='ltr'>cuicumque</span> <span class='ocrx_word' id='word_1_341' title='bbox 955 4237 1027 4306; x_wconf 90' lang='lat' dir='ltr'>illis</span> <span class='ocrx_word' id='word_1_342' title='bbox 1052 4239 1174 4308; x_wconf 90' lang='lat' dir='ltr'>eadem</span> <span class='ocrx_word' id='word_1_343' title='bbox 1200 4258 1256 4307; x_wconf 88' lang='lat' dir='ltr'>res</span> <span class='ocrx_word' id='word_1_344' title='bbox 1279 4240 1415 4309; x_wconf 88' lang='lat' dir='ltr'>dederit</span> <span class='ocrx_word' id='word_1_345' title='bbox 1438 4243 1515 4311; x_wconf 90' lang='lat' dir='ltr'>sine</span> <span class='ocrx_word' id='word_1_346' title='bbox 1538 4244 1710 4322; x_wconf 82' lang='lat' dir='ltr'>solutione</span> <span class='ocrx_word' id='word_1_347' title='bbox 1732 4246 1775 4313; x_wconf 91' lang='lat' dir='ltr'>de</span> <span class='ocrx_word' id='word_1_348' title='bbox 1799 4263 1892 4314; x_wconf 91' lang='lat' dir='ltr'>meos</span> <span class='ocrx_word' id='word_1_349' title='bbox 1916 4248 2062 4332; x_wconf 89' lang='lat' dir='ltr'>eredes,</span> <span class='ocrx_word' id='word_1_350' title='bbox 2098 4249 2232 4336; x_wconf 88' lang='lat' dir='ltr'>absque</span> <span class='ocrx_word' id='word_1_351' title='bbox 2254 4251 2407 4336; x_wconf 91' lang='lat' dir='ltr'>pretium</span> 
     </span>
     <span class='ocr_line' id='line_1_26' title="bbox 559 4389 2413 4486; baseline 0.008 -30"><span class='ocrx_word' id='word_1_352' title='bbox 559 4392 721 4462; x_wconf 89' lang='lat' dir='ltr'>revertar</span> <span class='ocrx_word' id='word_1_353' title='bbox 745 4389 790 4458; x_wconf 86' lang='lat' dir='ltr'>ad</span> <span class='ocrx_word' id='word_1_354' title='bbox 815 4407 936 4458; x_wconf 92' lang='lat' dir='ltr'>eorum</span> <span class='ocrx_word' id='word_1_355' title='bbox 960 4393 1150 4479; x_wconf 87' lang='lat' dir='ltr'>potestate,</span> <span class='ocrx_word' id='word_1_356' title='bbox 1176 4391 1375 4470; x_wconf 86' lang='lat' dir='ltr'>faciendum</span> <span class='ocrx_word' id='word_1_357' title='bbox 1394 4413 1462 4480; x_wconf 90' lang='lat' dir='ltr'>que</span> <span class='ocrx_word' id='word_1_358' title='bbox 1479 4395 1641 4483; x_wconf 89' lang='lat' dir='ltr'>voluerit,</span> <span class='ocrx_word' id='word_1_359' title='bbox 1665 4403 1743 4484; x_wconf 91' lang='lat' dir='ltr'>post</span> <span class='ocrx_word' id='word_1_360' title='bbox 1768 4399 1846 4486; x_wconf 85' lang='lat' dir='ltr'>ipsa</span> <span class='ocrx_word' id='word_1_361' title='bbox 1869 4403 2037 4470; x_wconf 86' lang='lat' dir='ltr'>costituta</span> <span class='ocrx_word' id='word_1_362' title='bbox 2060 4401 2174 4470; x_wconf 88' lang='lat' dir='ltr'>licead</span> <span class='ocrx_word' id='word_1_363' title='bbox 2197 4400 2271 4469; x_wconf 94' lang='lat' dir='ltr'>illis</span> <span class='ocrx_word' id='word_1_364' title='bbox 2288 4403 2413 4473; x_wconf 84' lang='lat' dir='ltr'>eadem</span> 
     </span>
     <span class='ocr_line' id='line_1_27' title="bbox 561 4537 2415 4642; baseline 0.008 -34"><span class='ocrx_word' id='word_1_365' title='bbox 561 4561 618 4610; x_wconf 89' lang='lat' dir='ltr'>res</span> <span class='ocrx_word' id='word_1_366' title='bbox 641 4543 726 4612; x_wconf 90' lang='lat' dir='ltr'>dare</span> <span class='ocrx_word' id='word_1_367' title='bbox 750 4541 807 4608; x_wconf 90' lang='lat' dir='ltr'>cui</span> <span class='ocrx_word' id='word_1_368' title='bbox 833 4537 998 4611; x_wconf 86' lang='lat' dir='ltr'>boluerit.</span> <span class='ocrx_word' id='word_1_369' title='bbox 1022 4543 1280 4612; x_wconf 88' lang='lat' dir='ltr'>Verumtamen</span> <span class='ocrx_word' id='word_1_370' title='bbox 1304 4545 1463 4632; x_wconf 87' lang='lat' dir='ltr'>predicta</span> <span class='ocrx_word' id='word_1_371' title='bbox 1487 4549 1592 4614; x_wconf 91' lang='lat' dir='ltr'>rebus</span> <span class='ocrx_word' id='word_1_372' title='bbox 1606 4552 1660 4616; x_wconf 90' lang='lat' dir='ltr'>est</span> <span class='ocrx_word' id='word_1_373' title='bbox 1677 4553 1775 4620; x_wconf 87' lang='lat' dir='ltr'>terra</span> <span class='ocrx_word' id='word_1_374' title='bbox 1791 4569 1870 4618; x_wconf 90' lang='lat' dir='ltr'>oum</span> <span class='ocrx_word' id='word_1_375' title='bbox 1888 4551 2007 4639; x_wconf 88' lang='lat' dir='ltr'>vinea,</span> <span class='ocrx_word' id='word_1_376' title='bbox 2026 4557 2061 4621; x_wconf 92' lang='lat' dir='ltr'>et</span> <span class='ocrx_word' id='word_1_377' title='bbox 2077 4571 2273 4642; x_wconf 86' lang='lat' dir='ltr'>cammara,</span> <span class='ocrx_word' id='word_1_378' title='bbox 2288 4557 2325 4623; x_wconf 92' lang='lat' dir='ltr'>et</span> <span class='ocrx_word' id='word_1_379' title='bbox 2340 4554 2415 4625; x_wconf 91' lang='lat' dir='ltr'>val·</span> 
     </span>
     <span class='ocr_line' id='line_1_28' title="bbox 561 4689 2414 4794; baseline 0.009 -34"><span class='ocrx_word' id='word_1_380' title='bbox 561 4695 694 4784; x_wconf 86' lang='lat' dir='ltr'>lenum,</span> <span class='ocrx_word' id='word_1_381' title='bbox 720 4701 756 4766; x_wconf 89' lang='lat' dir='ltr'>et</span> <span class='ocrx_word' id='word_1_382' title='bbox 780 4697 1000 4784; x_wconf 88' lang='lat' dir='ltr'>palmentum</span> <span class='ocrx_word' id='word_1_383' title='bbox 1024 4696 1162 4783; x_wconf 80' lang='lat' dir='ltr'>fraviti,</span> <span class='ocrx_word' id='word_1_384' title='bbox 1186 4702 1222 4766; x_wconf 88' lang='lat' dir='ltr'>et</span> <span class='ocrx_word' id='word_1_385' title='bbox 1245 4701 1341 4768; x_wconf 89' lang='lat' dir='ltr'>intus</span> <span class='ocrx_word' id='word_1_386' title='bbox 1358 4700 1434 4787; x_wconf 89' lang='lat' dir='ltr'>ipsa</span> <span class='ocrx_word' id='word_1_387' title='bbox 1450 4705 1554 4770; x_wconf 89' lang='lat' dir='ltr'>rebus</span> <span class='ocrx_word' id='word_1_388' title='bbox 1572 4705 1800 4792; x_wconf 69' lang='lat' dir='ltr'>salientem,</span> <span class='ocrx_word' id='word_1_389' title='bbox 1817 4689 1853 4774; x_wconf 70' lang='lat' dir='ltr'>e&#39;t</span> <span class='ocrx_word' id='word_1_390' title='bbox 1872 4705 1937 4792; x_wconf 88' lang='lat' dir='ltr'>ipsi</span> <span class='ocrx_word' id='word_1_391' title='bbox 1952 4708 2016 4775; x_wconf 87' lang='lat' dir='ltr'>toti</span> <span class='ocrx_word' id='word_1_392' title='bbox 2034 4707 2270 4794; x_wconf 86' lang='lat' dir='ltr'>suprascripti</span> <span class='ocrx_word' id='word_1_393' title='bbox 2286 4707 2414 4777; x_wconf 92' lang='lat' dir='ltr'>vibunt</span> 
     </span>
    </p>
   </div>
   <div class='ocr_carea' id='block_1_3' title="bbox 562 4847 2409 4945">
    <p class='ocr_par' dir='ltr' id='par_1_7' title="bbox 562 4847 2409 4945">
     <span class='ocr_line' id='line_1_29' title="bbox 562 4847 2409 4945; baseline 0.008 -30"><span class='ocrx_word' id='word_1_394' title='bbox 562 4847 608 4915; x_wconf 86' lang='lat' dir='ltr'>ad</span> <span class='ocrx_word' id='word_1_395' title='bbox 624 4849 747 4936; x_wconf 84' lang='lat' dir='ltr'>legem</span> <span class='ocrx_word' id='word_1_396' title='bbox 771 4867 1012 4937; x_wconf 87' lang='lat' dir='ltr'>romanorum,</span> <span class='ocrx_word' id='word_1_397' title='bbox 1037 4856 1073 4919; x_wconf 87' lang='lat' dir='ltr'>et</span> <span class='ocrx_word' id='word_1_398' title='bbox 1095 4849 1217 4920; x_wconf 84' lang='lat' dir='ltr'>taliter</span> <span class='ocrx_word' id='word_1_399' title='bbox 1240 4855 1395 4922; x_wconf 89' lang='lat' dir='ltr'>scrivere</span> <span class='ocrx_word' id='word_1_400' title='bbox 1418 4854 1622 4941; x_wconf 85' lang='lat' dir='ltr'>rogabimus</span> <span class='ocrx_word' id='word_1_401' title='bbox 1645 4858 1679 4923; x_wconf 85' lang='lat' dir='ltr'>te</span> <span class='ocrx_word' id='word_1_402' title='bbox 1703 4854 1902 4926; x_wconf 85' lang='lat' dir='ltr'>romoaldus</span> <span class='ocrx_word' id='word_1_403' title='bbox 1925 4858 2099 4945; x_wconf 85' lang='lat' dir='ltr'>notarius,</span> <span class='ocrx_word' id='word_1_404' title='bbox 2117 4863 2238 4930; x_wconf 87' lang='lat' dir='ltr'>aetum</span> <span class='ocrx_word' id='word_1_405' title='bbox 2255 4862 2409 4933; x_wconf 85' lang='lat' dir='ltr'>salerno.</span> 
     </span>
    </p>
   </div>
   <div class='ocr_carea' id='block_1_4' title="bbox 525 4969 1258 5094">
    <p class='ocr_par' dir='ltr' id='par_1_8' title="bbox 525 4969 1258 5094">
     <span class='ocr_line' id='line_1_30' title="bbox 525 4969 1258 5094; baseline 0.007 -29"><span class='ocrx_word' id='word_1_406' title='bbox 525 5089 528 5094; x_wconf 16' lang='grc' dir='ltr'><strong>μ</strong></span> <span class='ocrx_word' id='word_1_407' title='bbox 606 4969 637 5086; x_wconf 90' lang='lat'>†</span> <span class='ocrx_word' id='word_1_408' title='bbox 662 5001 737 5086; x_wconf 84' lang='lat' dir='ltr'>Ego</span> <span class='ocrx_word' id='word_1_409' title='bbox 760 4999 962 5070; x_wconf 87' lang='lat' dir='ltr'>romoaldus</span> <span class='ocrx_word' id='word_1_410' title='bbox 986 5021 1041 5071; x_wconf 92' lang='lat' dir='ltr'>me</span> <span class='ocrx_word' id='word_1_411' title='bbox 1065 5005 1258 5091; x_wconf 89' lang='lat' dir='ltr'>subscripsi</span> 
     </span>
    </p>
   </div>
   <div class='ocr_carea' id='block_1_5' title="bbox 608 5121 1418 5244">
    <p class='ocr_par' dir='ltr' id='par_1_9' title="bbox 608 5121 1418 5244">
     <span class='ocr_line' id='line_1_31' title="bbox 608 5121 1418 5244; baseline 0.007 -27"><span class='ocrx_word' id='word_1_412' title='bbox 608 5121 639 5238; x_wconf 90' lang='lat'>†</span> <span class='ocrx_word' id='word_1_413' title='bbox 662 5151 737 5238; x_wconf 84' lang='lat' dir='ltr'>Ego</span> <span class='ocrx_word' id='word_1_414' title='bbox 759 5153 921 5222; x_wconf 90' lang='lat' dir='ltr'>alderissi</span> <span class='ocrx_word' id='word_1_415' title='bbox 947 5158 1110 5224; x_wconf 84' lang='lat' dir='ltr'>notarius</span> <span class='ocrx_word' id='word_1_416' title='bbox 1133 5173 1189 5223; x_wconf 90' lang='lat' dir='ltr'>me</span> <span class='ocrx_word' id='word_1_417' title='bbox 1213 5157 1418 5244; x_wconf 86' lang='lat' dir='ltr'>subscripsi.</span> 
     </span>
    </p>
   </div>
   <div class='ocr_carea' id='block_1_6' title="bbox 1238 5473 1660 5492">
    <p class='ocr_par' dir='ltr' id='par_1_10' title="bbox 1238 5473 1660 5492">
     <span class='ocr_line' id='line_1_32' title="bbox 1238 5473 1660 5492; baseline 0.007 -4"><span class='ocrx_word' id='word_1_418' title='bbox 1238 5473 1660 5492; x_wconf 58' lang='grc' dir='ltr'><em>Ἣ</em></span> 
     </span>
    </p>
   </div>
   <div class='ocr_carea' id='block_1_7' title="bbox 0 0 2753 7092">
    <p class='ocr_par' dir='ltr' id='par_1_11' title="bbox 0 0 2753 7092">
     <span class='ocr_line' id='line_1_33' title="bbox 0 0 2753 7092; baseline 0 0"><span class='ocrx_word' id='word_1_419' title='bbox 0 0 2753 7092; x_wconf 95' lang='lat' dir='ltr'> </span> 
     </span>
    </p>
   </div>
  </div>
 </body>
</html>
