5402 7088
947 471 1446 586 ¹orruourrreus

1028 846 1425 934 noonxcvn.
1449 811 1452 818 ’

1065 1212 1124 1287 A.
1152 1206 1207 1286 D.
1236 1209 1362 1288 1035.

336 1442 764 1586 †1nnominedomini
788 1501 1070 1572 octabodecimo
1102 1521 1197 1570 anno
1227 1503 1450 1591 principatus
1483 1503 1601 1572 domni
1633 1504 1746 1571 nostri
1778 1503 1961 1591 guaimari
1992 1501 2148 1592 glorioso
2203 1539 2210 1552 ι

294 1649 471 1760 principe,
494 1651 568 1720 filio
592 1653 768 1740 quondam
792 1654 912 1722 domni
933 1657 1128 1744 guaimari,
1153 1673 1273 1722 mense
1294 1657 1451 1740 octuber,
1477 1656 1607 1741 quarta
1630 1653 1836 1723 indictione.
1857 1622 2148 1726 Memoratorium

292 1804 392 1875 iactu
416 1823 518 1874 a-me
542 1806 736 1875 musandus
760 1806 930 1876 diaconus
952 1807 1047 1876 filius
1071 1782 1163 1876 idem
1187 1808 1366 1907 musandi,
1390 1827 1430 1878 eo
1446 1810 1539 1896 quod
1561 1812 1647 1878 ante
1662 1761 1845 1897 presentia
1860 1809 1981 1878 domni
1998 1810 2147 1882 adelferi

295 1957 450 2036 abbatie,
477 1963 539 2046 qui
562 1963 617 2028 est
639 1976 749 2028 unum
773 1959 816 2029 de
840 1961 991 2031 dominii
1015 1961 1126 2048 ipsius
1149 1963 1309 2052 ecclesie,
1333 1969 1370 2032 et
1393 1963 1629 2060 ibiqueesset
1652 1963 1843 2050 subscripti
1859 1967 1978 2051 testes,
1995 1981 2058 2050 per
2075 1964 2146 2033 ius·

292 2109 427 2179 sionem
451 2110 566 2198 ipsius
589 2111 709 2180 domni
734 2115 874 2184 abbatis
904 2115 950 2186 ad
985 2115 1178 2184 tenendum
1203 2063 1248 2183 ¹'et
1277 2115 1512 2184 laborandum
1534 2112 1683 2184 tradidit
1713 2114 1862 2182 iohanni
1888 2119 1924 2182 et
1946 2114 2040 2200 petri
2062 2134 2144 2204 ger·

220 2313 225 2322 .
293 2263 393 2330 mani
418 2261 485 2330 filli
510 2263 689 2351 quondam
712 2266 863 2335 iohanni
887 2267 1070 2335 laurelaui
1094 2266 1212 2336 media
1236 2281 1309 2336 una
1332 2266 1434 2354 pecia
1455 2266 1498 2334 de
1521 2269 1620 2334 terra
1642 2283 1723 2332 cum
1746 2265 1925 2352 arbustis,
1949 2263 2044 2354 quod
2065 2283 2151 2354 pars

291 2414 407 2504 ipsius
422 2419 568 2488 ecclesie
592 2422 675 2489 abet
699 2421 737 2488 iu
753 2420 866 2489 locum
890 2423 1038 2492 nuceria
1062 2422 1108 2491 ad
1123 2423 1359 2509 barbacianu,
1378 2423 1576 2508 propinquo
1600 2421 1750 2489 ecclesia
1766 2419 1881 2488 sancti
1901 2421 2036 2508 polisti,
2055 2421 2150 2507 quod

293 2589 360 2660 ego
384 2573 446 2660 qui
471 2591 580 2660 supra
604 2572 797 2644 musandus
820 2573 991 2644 diaconus
1013 2574 1095 2642 illut
1119 2575 1157 2642 in
1193 2573 1406 2642 beneficium
1442 2573 1578 2642 retineo
1611 2593 1633 2642 a
1660 2591 1744 2660 pars
1779 2573 1888 2658 ipsius
1914 2573 2061 2641 ecclesie
2090 2573 2152 2659 qui

300 2727 354 2794 est
375 2743 439 2812 per
462 2743 502 2794 ec
526 2725 610 2794 finis
632 2729 669 2794 et
691 2728 892 2796 mensurio:
919 2747 941 2796 a
964 2727 1114 2796 meridie
1138 2728 1209 2795 flue
1231 2729 1292 2797 bia
1315 2729 1481 2816 publica,
1506 2728 1589 2796 inde
1618 2728 1714 2815 passi
1749 2727 1992 2815 quadraginta
2014 2725 2104 2794 dui:
2129 2747 2152 2798 a

299 2895 385 2964 pars
408 2878 602 2948 occidentis
626 2880 698 2950 dne
720 2881 889 2951 similiter
913 2881 984 2968 via,
1001 2881 1083 2949 inde
1106 2880 1200 2968 passi
1225 2881 1486 2970 quadraginta:
1512 2902 1535 2952 a
1557 2883 1807 2951 sebtemtrione
1823 2881 1915 2949 sicut
1937 2865 2054 2949 media
2070 2899 2152 2968 sepe
2288 2933 2291 2946 .

292 3036 329 3102 et
358 3033 480 3102 sabuci
506 3033 692 3120 discernit,
717 3034 800 3102 inde
822 3004 916 3120 passi
941 3034 1072 3122 biginti
1097 3033 1273 3119 quadtuor
1296 3039 1332 3102 et
1354 3034 1509 3102 medium
1532 3036 1569 3101 et
1592 3033 1711 3102 cubito
1736 3050 1860 3120 unum;
1885 3031 2016 3100 abinde
2040 3031 2152 3100 rebel·

299 3188 408 3254 bento
424 3188 471 3252 ‘in
495 3205 579 3274 pars
612 3187 994 3290 sebtemtrionis.sicut
1017 3187 1099 3255 inde
1128 3181 1250 3255 sabuci
1281 3189 1317 3254 et
1343 3185 1461 3255 media
1490 3203 1572 3271 sepe
1595 3185 1792 3271 discernit,
1818 3182 1900 3252 inde
1924 3185 2018 3271 passi
2042 3183 2151 3270 quad·
2178 3247 2190 3266 ,

296 3344 380 3438 tuor
408 3344 444 3408 et
466 3339 622 3407 medium
647 3342 683 3406 et
707 3341 828 3408 cubito
851 3355 982 3426 unum;
1007 3339 1136 3408 abinde
1160 3339 1361 3408 rebolbente
1378 3339 1416 3407 in
1432 3358 1516 3425 pars
1538 3337 1732 3407 occidentis
1754 3337 1852 3423 passi
1875 3341 1953 3405 octo
1975 3341 2013 3406 et
2036 3339 2155 3406 cubito

299 3511 427 3580 unum3
452 3494 586 3564 abinde
608 3475 812 3562 rebolbe'nte
835 3493 873 3560 in
889 3510 973 3596 pars
995 3492 1271 3580 sebtemtrienis,
1295 3491 1388 3561 sicut
1403 3490 1526 3562 sabuci
1542 3489 1728 3577 discernit,
1745 3488 1829 3557 inde
1843 3489 1939 3576 passi
1955 3488 2154 3578 duodecim;

299 3645 429 3715 abinde
454 3644 658 3752 rebolbente
681 3645 719 3713 in
743 3664 828 3732 pars
849 3643 1000 3714 orientis
1023 3661 1086 3732 per
1109 3643 1225 3713 media
1247 3661 1330 3731 sepe
1345 3645 1442 3730 passi
1464 3641 1768 3729 quadtuordecim3
1794 3642 1923 3713 abinde
1946 3634 2152 3716 rebolbeute

294 3799 336 3867 in
361 3815 450 3886 pars
473 3797 743 3866 sebtemtrionis
765 3816 828 3885 per
852 3795 969 3865 media
993 3814 1075 3883 sepe
1099 3795 1181 3865 inde
1203 3794 1301 3882 passi
1327 3796 1594 3885 quinquaginta
1617 3813 1703 3866 sex:
1727 3798 1859 3866 ilerum
1874 3801 1910 3866 et
1933 3817 1956 3868 a
1977 3815 2062 3885 pars
2077 3801 2155 3866 seb·

253 3968 256 3974 ·
305 3949 511 4020 temtrionis
534 3951 605 4018 line
629 3949 857 4038 biapublica
891 3949 974 4017 inde
999 3949 1095 4036 passi
1118 3949 1262 4037 decem,
1286 3952 1322 4018 et
1344 3970 1367 4020 a
1389 3967 1474 4036 pars
1497 3949 1645 4020 orientis
1666 3950 1758 4020 sicut
1780 3950 1899 4020 media
1920 3968 2002 4038 sepe
2024 3952 2156 4023 discer-

292 4108 377 4196 nit,
403 4111 440 4175 et
464 4107 557 4175 sicut
580 4107 733 4175 rebolbit
755 4108 833 4194 ipsa
856 4105 950 4192 sepe,
977 4052 1060 4173 inde
1082 4105 1179 4192 passi
1201 4109 1346 4173 centum
1369 4105 1490 4173 decem
1506 4109 1543 4175 et
1566 4111 1642 4176 octo
1664 4109 1700 4174 et
1722 4107 1841 4176 cubito
1864 4125 2002 4194 unum;
2026 4108 2156 4180 abinde

297 4263 511 4354 rebolbente
536 4262 573 4364 in
597 4278 681 4347 pars
704 4257 908 4346 occidentis,
932 4259 1025 4326 sicut
1047 4258 1174 4366 sabuci
1192 4259 1378 4346 discernit,
1404 4258 1485 4326 inde
1507 4259 1602 4347 passi
1627 4258 1801 4346 sidecim3
1826 4264 1863 4329 et
1886 4260 2017 4333 abinde
2039 4264 2157 4331 rebel-

306 4418 410 4485 bente
435 4418 473 4482 in
499 4385 583 4504 pars
606 4415 767 4503 meridie,
792 4415 885 4484 sicut
909 4412 992 4482 inde
1014 4413 1132 4480 media
1155 4428 1236 4497 sepe
1258 4415 1295 4479 et
1312 4412 1434 4482 sabuci
1459 4412 1645 4500 discernit,
1662 4413 2008 4502 etconiungentese
2024 4415 2157 4502 inipso

299 4570 361 4639 ria
386 4570 506 4658 priore
530 4570 620 4636 fines
645 4569 728 4636 inde
751 4567 847 4655 passi
871 4566 1003 4656 biginti
1027 4572 1117 4654 octo,
1141 4571 1255 4635 toturn
1279 4567 1324 4635 ad
1348 4569 1441 4636 iusto
1463 4586 1607 4655 passum
1631 4569 1744 4636 omini
1767 4573 2026 4655 mensuratum
2049 4569 2093 4638 de
2115 4589 2155 4638 ec

287 4740 385 4804 ‚vero
408 4721 569 4809 predicta
592 4721 695 4809 pecia
717 4721 761 4790 de
784 4724 883 4792 terra
905 4740 983 4789 cum
1009 4721 1166 4790 arbustis
1189 4737 1252 4807 per
1283 4719 1453 4790 iamdicta
1482 4721 1597 4788 omnis
1627 4722 1812 4790 mensuria
1836 4723 1961 4791 inclita
1984 4721 2155 4793 medieta-

300 4881 372 4946 tem
397 4879 435 4944 in
462 4894 548 4962 pars
571 4875 723 4944 orientis
745 4877 905 4963 ipsorum
933 4872 1108 4943 nominati
1137 4875 1302 4961 germani
1330 4873 1375 4943 ad
1398 4854 1590 4942 tenendum
1619 4875 1655 4940 et
1685 4872 1917 4942 lavorandum
1939 4875 2157 4945 tradidimus

298 5029 366 5100 tali
392 5028 533 5117 ordine,
559 5033 599 5099 ut
622 5029 747 5099 amodo
770 5033 807 5097 et
830 5045 982 5115 semper,
1006 5031 1109 5096 natos
1133 5031 1315 5113 nascente,
1332 5025 1378 5094 ad
1401 5044 1467 5094 sua
1491 5025 1584 5094 etde
1608 5026 1682 5092 suis
1703 5026 1868 5094 eredibus
1891 5027 1964 5094 siut
1980 5032 2155 5114 potestate

292 5131 355 5256 eos
379 5183 573 5256 tenendum
596 5190 634 5252 et
659 5181 928 5268 dominandum,
945 5185 980 5286 et
1004 5181 1101 5250 lobee
1124 5184 1160 5249 et
1182 5181 1297 5248 omnis
1314 5197 1377 5249 sue
1395 5161 1568 5249 utilitatis
1585 5179 1682 5248 iusta
1703 5179 1843 5248 ratione
1866 5180 1997 5248 ibidem
2013 5179 2151 5251 iaciant
2229 5147 2235 5158 ⁶

302 5341 354 5426 et,
379 5341 440 5410 ubi
464 5338 649 5426 meruerit,
675 5354 737 5424 per
761 5333 948 5404 circuitum
974 5335 1095 5434 ipsum
1115 5319 1302 5402 arbustum
1325 5332 1540 5442 cludant‚et
1555 5351 1693 5420 semper
1717 5332 1853 5401 clusum
1869 5335 2012 5420 abeant,
2030 5335 2154 5422 etipse

300 5497 491 5566 arbustum
514 5477 731 5582 temporibus
753 5492 828 5560 suis
851 5494 1026 5578 potarent,
1054 5487 1348 5578 propaginarent,
1364 5493 1415 5578 et,
1442 5490 1503 5559 ubi
1526 5455 1709 5576 meruerit,
1726 5487 2036 5584 arboresletvites
2056 5490 2153 5560 infra

302 5653 379 5740 ipso
405 5652 592 5722 arbustum
617 5645 668 5714 ibi
692 5647 924 5734 pastenarent
947 5649 982 5712 et
1004 5641 1196 5730 cultarent,
1220 5648 1256 5712 et
1272 5644 1324 5712 sic
1347 5649 1458 5713 totum
1483 5646 1559 5732 ipso
1575 5645 1760 5746 arbustum
1785 5645 1990 5713 laborarent
2013 5645 2049 5712 et
2073 5641 2148 5710 cul·

296 5807 419 5875 tarent
441 5802 484 5872 de
507 5819 615 5888 super
638 5799 739 5867 etde
763 5781 898 5885 subter,
920 5797 1014 5866 sicut
1038 5797 1134 5864 locus
1157 5795 1232 5880 ipse
1255 5796 1438 5883 meruerit,
1463 5801 1640 5882 quatenus
1662 5795 1852 5882 proficiant
1875 5761 1911 5866 et
1934 5813 2006 5863 non
2029 5796 2148 5883 dispe-
