5408 7108
645 541 714 616 192
1281 547 1456 620 conix
1491 545 1760 624 CAVENSIS

593 773 671 838 stro
696 773 917 840 monasterio
941 771 1229 841 commutationis
1253 771 1403 840 hordine
1428 771 1515 840 dare
1538 771 1674 856 bolunt,
1698 791 1805 859 quam
1830 770 1908 860 ipsa
1932 770 2094 858 predicta
2115 775 2215 842 terra
2237 791 2306 859 que
2329 793 2351 842 a
2374 790 2438 842 nos

594 940 761 1010 recepere
786 929 953 1010 querunt;
978 927 1014 992 et
1036 943 1102 1012 ego
1125 924 1304 1012 predictus
1327 925 1501 994 iohannes
1524 926 1635 993 abbas
1657 944 1721 1012 per
1744 926 1919 1010 meipsum
1946 921 2026 993 illut
2049 942 2112 1012 per
2135 924 2321 993 hordinem
2345 942 2437 994 nun·

594 1075 686 1144 tiavi
711 1073 916 1162 supradicte
940 1078 1091 1164 gloriose
1114 1079 1312 1164 potestatis,
1340 1083 1378 1146 ut
1402 1097 1464 1164 per
1488 1079 1572 1147 eius
1591 1077 1773 1148 licentiam
1809 1083 1903 1148 hanc
1926 1079 2202 1148 commutatione
2226 1079 2436 1166 faceremus

594 1226 656 1293 ille
679 1245 763 1294 vero
786 1226 866 1314 pius
888 1228 1055 1315 princeps
1077 1229 1288 1298 solutionem
1312 1232 1414 1298 nobis
1438 1229 1534 1298 dedit
1557 1231 1647 1298 talia
1670 1229 1895 1316 laciendum,
1923 1229 2031 1298 etiam
2054 1230 2097 1297 de
2120 1226 2196 1296 suis
2219 1231 2439 1315 presentiam

592 1382 687 1450 inter
710 1385 813 1450 nobis
836 1382 1022 1451 essendum
1045 1383 1189 1452 diressit
1212 1389 1352 1454 amatus
1376 1385 1530 1454 iudicem
1552 1404 1727 1472 suumque
1750 1385 1889 1454 fidelem
1912 1389 1947 1453 et
1971 1387 2137 1471 missum,
2165 1387 2202 1452 et
2225 1401 2289 1450 nos
2312 1401 2437 1450 secun·

593 1533 678 1600 dum
697 1533 810 1620 legem
827 1531 1123 1620 longobardorum
1140 1535 1236 1602 inter
1251 1552 1316 1602 nos
1328 1534 1511 1603 essendum
1525 1537 1801 1605 combocavimus
1820 1537 1961 1604 idoneos
1976 1538 2151 1622 homines,
2171 1539 2210 1604 ut
2221 1553 2291 1623 quo
2305 1539 2427 1603 utrum

593 1703 661 1772 que
684 1687 885 1774 fecerimus,
909 1686 1051 1754 firmum
1075 1691 1111 1755 et
1133 1685 1297 1754 stavilem
1320 1688 1549 1772 permanead.
1576 1689 1649 1764 Quo
1674 1691 1725 1758 ita
1749 1690 1896 1778 iactum,
1920 1707 1987 1776 ego
2010 1689 2233 1775 supradictus
2258 1687 2431 1757 iohannes

593 1837 730 1906 domini
755 1839 876 1925 gratia
900 1838 1009 1906 abbas
1033 1843 1117 1907 ante
1141 1839 1257 1926 ipsum
1293 1839 1445 1906 iudicem
1469 1845 1504 1908 et
1535 1839 1751 1928 subscriptos
1780 1841 1921 1910 idoneos
1954 1842 2115 1909 homines
2145 1839 2436 1908 commutationis

595 1993 746 2064 hordine
767 1995 981 2063 tradidimus
1004 1996 1103 2062 vobis
1127 1995 1306 2063 iamdictis
1331 1996 1495 2064 mansoni
1520 1999 1556 2064 et
1572 1997 1665 2064 leoni
1689 1998 1875 2065 comitibus
1900 2017 1972 2066 una
1994 2015 2076 2064 cum
2094 1995 2262 2064 iamdicto
2285 1995 2431 2064 advoca-

593 2145 672 2213 tore
696 2149 854 2213 nostrum
880 2147 1041 2214 inclitam
1067 2145 1177 2232 ipsam
1204 2147 1410 2215 iamdictam
1426 2153 1560 2216 terram
1578 2149 1691 2216 nostri
1715 2149 1925 2218 monasterii
1950 2149 1994 2216 de
2011 2147 2209 2235 predictum
2235 2149 2350 2216 locum
2374 2167 2438 2218 an·

590 2297 702 2366 drelle
726 2317 789 2384 per
812 2299 1037 2384 supradictas
1061 2299 1150 2367 fines
1173 2305 1209 2368 et
1243 2317 1428 2368 mensuras
1452 2319 1533 2367 cum
1567 2299 1648 2368 vice
1680 2300 1723 2368 de
1747 2302 1824 2386 ipsa
1848 2301 1908 2370 via
1942 2303 1978 2368 et
2002 2319 2083 2368 cum
2118 2301 2241 2370 omnia
2275 2300 2375 2370 intra
2396 2316 2436 2369 so

594 2447 785 2518 abentibus
808 2451 1043 2536 omnibusque
1059 2453 1133 2518 suis
1150 2451 1393 2539 pertinentiiS,
1420 2453 1464 2520 ad
1480 2455 1653 2521 securiter
1677 2459 1713 2522 et
1728 2455 1880 2523 firmiter
1903 2455 2026 2524 amodo
2056 2458 2092 2522 et
2115 2473 2253 2540 semper
2277 2471 2339 2520 vos
2362 2471 2441 2542 pre·

572 2602 772 2706 nominati
797 2605 960 2691 germani
977 2608 1013 2673 et
1030 2607 1157 2672 vestris
1180 2606 1346 2673 eredibus
1372 2606 1455 2673 illut
1480 2606 1657 2674 abendum
1680 2611 1716 2674 et
1733 2609 1853 2675 omnia
1879 2607 1961 2674 inde
1977 2607 2178 2674 faciendum
2203 2607 2296 2692 quod
2319 2605 2443 2678 volue-

599 2757 700 2843 ritis,
725 2758 860 2842 absque
884 2757 977 2823 omni
1005 2758 1259 2825 contrarietate
1275 2777 1354 2825 mea
1371 2763 1407 2824 et
1430 2759 1472 2826 de
1496 2776 1591 2825 meos
1614 2739 1830 2828 successores
1855 2760 1966 2828 uelde
1989 2780 2074 2848 pars
2099 2761 2210 2829 nostri
2227 2761 2437 2830 monasteri.

596 2905 693 2974 Unde
717 2925 780 2992 pro
802 2905 1083 2974 confirmandam
1107 2910 1201 2974 hanc
1225 2912 1347 2975 nostra
1371 2909 1655 2996 commutatione,
1680 2913 1817 2997 suscepi
1842 2931 1865 2980 a
1889 2930 1949 2978 vos
1972 2912 2233 2998 prenominatis
2255 2915 2437 3000 germanis

596 3076 662 3144 per
687 3060 797 3127 aliam
821 3059 1010 3146 cartulam,
1028 3079 1135 3146 quam
1152 3067 1240 3146 aput
1255 3080 1318 3128 nos
1334 3062 1503 3147 scriptam
1521 3062 1731 3148 retinemus,
1750 3061 1876 3130 inclita
1892 3063 1970 3148 ipsa
1994 3063 2238 3130 rebusvestra
2260 3061 2304 3129 de
2320 3063 2438 3149 ipsum

597 3210 713 3279 locum
738 3213 904 3300 pandola,
927 3232 1032 3300 quern
1048 3231 1109 3280 vos
1123 3218 1275 3299 emptam
1301 3215 1416 3281 abetis
1440 3215 1486 3281 da
1511 3214 1626 3300 ipsum
1652 3214 1759 3299 citru,
1784 3232 1855 3301 quo
1878 3217 1933 3281 est
1969 3217 2068 3282 terra
2093 3233 2173 3281 cum
2197 3216 2355 3298 arbusto,
2380 3214 2441 3282 ubi

597 3367 743 3454 proprio
768 3366 813 3434 ad
837 3366 1034 3435 castanieta
1056 3367 1201 3452 dicitur3
1226 3371 1261 3434 et
1284 3373 1337 3434 est
1360 3386 1423 3453 per
1446 3386 1486 3435 as
1511 3367 1599 3434 fines
1629 3373 1664 3436 et
1687 3387 1883 3435 mensuras.
1909 3369 1963 3435 Ab
1988 3369 2125 3436 oriente
2149 3369 2220 3435 tine
2244 3370 2330 3454 ria,
2354 3373 2438 3437 sunt

595 3520 680 3589 inde
705 3519 801 3604 passi
824 3519 1089 3605 quinquaginta
1113 3519 1284 3605 quinque.
1310 3521 1340 3586 Α
1364 3519 1614 3605 septemtrione
1639 3519 1723 3586 abet
1747 3538 1864 3606 passos
1888 3519 2130 3606 quadraginta
2154 3523 2240 3588 tres.
2266 3522 2321 3587 Ab
2344 3519 2433 3588 occi·

595 3673 702 3741 dente
727 3674 797 3740 fine
821 3673 926 3740 rebus
949 3671 1185 3758 suprascripti
1209 3673 1322 3739 nostri
1346 3671 1566 3757 monasterii,
1592 3676 1675 3740 sunt
1698 3671 1781 3740 inde
1806 3673 1899 3757 passi
1917 3671 2165 3758 quadraginta
2188 3678 2224 3741 et
2248 3674 2435 3742 nobemil

600 3825 751 3894 meridie
773 3829 854 3895 abet
877 3843 996 3910 passos
1018 3825 1283 3911 quinquaginta
1306 3830 1438 3910 septem
1462 3829 1684 3893 mensuratos
1718 3825 1762 3894 ad
1787 3825 1878 3892 iusto
1902 3842 2005 3911 passo
2040 3825 2191 3893 homini.
2216 3827 2289 3894 Hec
2311 3844 2437 3912 supra·

597 3978 694 4048 dicia
719 3981 823 4046 rebus
846 3998 908 4064 per
932 3981 1018 4046 istas
1042 3980 1130 4047 fines
1154 3983 1190 4046 et
1214 3996 1400 4046 mensuras
1424 3997 1447 4046 a
1470 3996 1530 4044 vos
1553 3975 1731 4044 iamdictis
1754 3981 1935 4062 germanis
1958 3977 2112 4064 suscepi,
2137 3979 2231 4045 sicut
2255 3979 2335 4064 ipsa
2355 3996 2434 4048 car·

598 4131 677 4199 tula
701 4129 873 4218 continet,
898 4150 1005 4218 quam
1029 4152 1051 4200 a
1074 4136 1194 4199 vestra
1219 4135 1319 4217 parte
1338 4130 1481 4199 firmata
1498 4131 1707 4214 retinemuS,
1724 4133 1759 4197 et
1783 4147 1846 4213 pro
1870 4148 1978 4200 causa
1996 4131 2292 4201 remeliorationis
2308 4132 2440 4202 adiun-

599 4281 697 4351 sistis
719 4283 821 4350 nobis
845 4284 911 4370 ipsi
937 4283 1054 4350 decem
1079 4281 1180 4349 solidi
1205 4283 1291 4368 tari,
1317 4299 1388 4352 ana
1421 4283 1597 4368 quadtuor
1621 4282 1701 4350 auri
1727 4283 1797 4350 tari
1836 4301 1898 4368 per
1922 4283 2086 4352 solidum.
2111 4287 2160 4352 De
2182 4304 2254 4370 qua
2275 4249 2341 4374 ego
2365 4305 2440 4372 pre-

612 4436 728 4504 dictus
744 4437 915 4503 iohannes
931 4435 1063 4502 domini
1081 4432 1203 4520 gratia
1215 4435 1326 4504 abbas
1347 4433 1464 4518 obligo
1477 4453 1532 4502 me
1549 4441 1585 4502 et
1608 4453 1702 4503 meos
1716 4453 1935 4505 successores
1951 4439 1987 4504 et
2018 4455 2102 4523 pars
2120 4440 2355 4524 suprascripti
2379 4455 2441 4506 no·

594 4593 659 4659 stri
677 4589 882 4658 monasterii
907 4589 1030 4656 amodo
1054 4593 1090 4656 et
1112 4607 1250 4676 semper
1273 4589 1525 4657 defensandum
1542 4590 1638 4657 vobis
1654 4589 1821 4674 predictis
1846 4589 2008 4658 mansoni
2024 4595 2059 4656 et
2076 4588 2167 4656 leoni
2187 4590 2286 4659 etad
2309 4592 2435 4659 vestris

593 4743 757 4811 eredibus
782 4742 926 4829 integra
950 4743 1195 4827 suprascripta
1218 4742 1315 4828 petia
1330 4743 1373 4810 de
1389 4745 1486 4810 terra
1504 4760 1566 4826 per
1582 4741 1808 4827 supradictas
1825 4742 1913 4808 lines
1937 4746 1973 4809 et
1989 4759 2188 4828 mensuras
2214 4743 2309 4829 quod
2334 4741 2433 4810 vobis

594 4894 759 4980 superius
783 4893 1009 4982 tradidimus,
1025 4912 1107 4961 cum
1124 4896 1199 4962 vice
1216 4895 1258 4962 de
1275 4875 1332 4964 via
1349 4915 1414 4964 sua
1429 4895 1476 4964 da
1490 4893 1655 4963 omnibus
1672 4894 1875 4961 hominibus
1890 4895 2054 4979 omnique
2072 4897 2245 4980 partibus.
2265 4897 2309 4965 Et
2325 4914 2438 4982 quan·

594 5049 637 5116 do
662 5066 719 5116 vos
744 5047 903 5116 iamdicti
926 5047 1088 5136 germani
1115 5051 1149 5114 et
1174 5047 1299 5114 vestris
1316 5047 1480 5114 eredibus
1496 5047 1538 5114 de
1555 5046 1761 5134 supradicta
1778 5053 1899 5114 nostra
1926 5046 2117 5114 traditione
2134 5049 2299 5112 auctores
2317 5053 2352 5113 et
2367 5046 2425 5115 de-

601 5202 760 5269 fensores
784 5218 899 5266 essere
922 5198 1119 5284 uolueritis,
1151 5196 1330 5267 licentiam
1361 5202 1400 5275 et
1420 5204 1628 5284 potestatem
1663 5199 1800 5266 abeatis
1825 5201 1906 5266 inde
1940 5218 2089 5268 causare
2112 5205 2147 5268 et
2172 5201 2277 5266 finem
2303 5201 2434 5285 facere,

598 5351 756 5440 qualiter
781 5349 980 5438 bolueritis,
1006 5371 1086 5418 cum
1110 5369 1230 5418 omnes
1254 5352 1455 5417 munimina
1478 5355 1514 5416 et
1538 5347 1694 5417 rationes
1717 5369 1806 5435 quas
1831 5351 1911 5417 inde
1935 5349 2146 5418 ostederitis.
2173 5352 2218 5417 Et
2242 5353 2271 5417 si
2297 5349 2433 5436 taliter,

592 5507 688 5573 sicut
711 5505 876 5588 superius
900 5502 1045 5589 legitur,
1069 5522 1135 5588 ego
1159 5509 1194 5571 et
1209 5521 1304 5570 meos
1328 5520 1543 5569 successores
1567 5507 1602 5568 et
1617 5519 1699 5587 pars
1717 5500 1866 5586 predicti
1885 5499 1997 5566 nostri
2023 5501 2215 5568 monasteri
2235 5500 2334 5566 vobis
2358 5517 2433 5586 pre·

594 5654 698 5722 dictis
721 5655 904 5741 germanis
928 5659 962 5721 et
986 5653 1031 5722 ad
1055 5656 1184 5721 vestris
1208 5655 1372 5721 eredibus
1396 5669 1466 5716 non
1492 5649 1817 5738 adimpleberimus,
1840 5661 1876 5720 et
1912 5653 1992 5719 illut
2016 5652 2069 5720 vel
2093 5653 2224 5720 exinde
2250 5653 2430 5720 remobere

600 5811 665 5874 aut
679 5811 845 5873 contrare
862 5805 1108 5891 quesierimus,
1133 5805 1186 5871 vel
1211 5807 1240 5871 si
1265 5802 1532 5890 qualiscumque
1556 5803 1778 5871 causationes
1796 5805 1891 5870 vobis
1914 5809 1950 5871 et
1967 5804 2011 5873 ad
2036 5805 2166 5873 vestris
2179 5805 2344 5872 eredibus
2367 5823 2428 5873 ex-
