5406 7090
585 457 607 528 6
1230 453 1697 529 uuorluunffluu

532 683 724 777 aonidum
754 684 841 778 ipnis
864 691 1026 754 uenturus
1059 706 1122 778 per
1146 705 1259 778 quem,
1275 683 1358 754 deus
1396 693 1444 753 cst
1476 705 1658 778 perquem
1683 683 2387 757 Deusestiudicaturusorbem....siii

535 834 647 908 orbem
672 835 899 906 iudicaturus.
923 889 930 906 .
956 891 962 905 .
985 833 1057 907 ‚sibi
1077 843 1190 904 aretem
1214 835 1353 906 tnoicem
1378 856 1442 903 mo·
1479 841 1591 904 tamen
1615 836 1754 906 inuicem
1780 837 1884 906 uariis
1899 834 2005 906 modis
2022 833 2304 908 indubitatissime
2320 833 2386 906 dis·

538 985 589 1059 dis
617 987 852 1058 diuersissimis
871 985 1051 1076 dissident,
1078 1009 1146 1058 reon
1172 995 1220 1057 est
1234 1008 1309 1080 porc
1333 989 1443 1080 impiis
1480 983 1603 1070 sidunt,
1629 1009 1698 1056 non
1723 989 1876 1058 ostentm
1899 989 2010 1081 impiis
2025 1010 2100 1081 pau
2125 986 2205 1059 dicit
2229 987 2386 1060 dominus

536 1139 615 1213 dicit
639 1140 740 1214 dnus.
765 1195 771 1210 .
798 1163 959 1210 ..eausa
984 1161 1127 1234 maneque
1154 1147 1202 1210 est
1218 1138 1278 1209 itio
1303 1160 1364 1208 cur
1389 1139 1443 1208 tro·
1485 1191 1491 1204 .
1517 1186 1521 1195 -
1546 1193 1555 1209 .
1578 1137 1643 1208 .In
1667 1161 1772 1210 causa
1796 1163 1940 1236 nomque
1963 1150 2013 1212 est
2034 1164 2097 1212 cur
2125 1143 2274 1214 bomines
2297 1145 2390 1238 sesti-

537 1296 643 1364 mincs
663 1291 825 1384 festinent
846 1290 1000 1384 perdere,
1020 1294 1114 1376 etsie
1131 1291 1363 1385 soeiaspoenis
1388 1291 1444 1361 ba·
1480 1297 1568 1358 nant
1589 1289 1762 1384 perdere,
1789 1301 1821 1362 et
1844 1291 1906 1362 sibi
1930 1293 2032 1364 socios
2057 1295 2093 1363 in
2116 1296 2233 1387 poenis
2251 1293 2387 1367 babere:

538 1446 626 1532 berc,
643 1444 722 1538 quia
749 1444 874 1518 sciunt.
898 1499 905 1513 .
930 1498 936 1513 .
962 1440 1211 1536 1131331333,
1235 1469 1370 1517 sensum
1395 1471 1444 1518 co·
1483 1439 1562 1534 quia
1581 1441 1726 1542 sciunt..
1749 1498 1755 1512 .
1781 1499 1787 1513 .
1809 1442 2004 1538 superbiam
2021 1469 2120 1517 suam
2142 1501 2148 1515 .
2169 1501 2177 1518 .
2201 1503 2208 1516 .
2235 1446 2308 1518 Viri
2332 1470 2389 1518 ur·

534 1597 693 1688 pnoscite,
720 1599 797 1691 puio
815 1595 1002 1666 diuinitatis
1019 1617 1165 1667 nomen.
1193 1653 1199 1667 .
1224 1651 1232 1668 .
1257 1652 1264 1666 .
1287 1606 1348 1668 aut
1372 1621 1445 1670 mu·
1482 1590 1562 1662 bani
1586 1615 1701 1681 sensu,
1728 1600 1922 1692 cognoscite,
1951 1601 2030 1692 quia
2056 1598 2243 1671 diuinitatis
2267 1622 2388 1672 nomen

538 1747 646 1816 tuacit
671 1755 732 1816 out
755 1749 885 1817 statuit.
917 1743 1011 1818 Unde
1036 1743 1190 1830 dieitur,
1218 1751 1297 1843 qaia
1317 1751 1444 1842 primos
1486 1753 1655 1815 ...aaa
1678 1750 1844 1818 mutnooit
1881 1759 1942 1820 out
1966 1753 2110 1835 statuit,
2138 1773 2220 1824 nam
2245 1755 2291 1826 ad
2313 1763 2388 1826 tan

537 1901 573 1967 in
598 1896 675 1968 orbe
702 1901 801 1968 timor
818 1903 943 1970 creauit
968 1899 1056 1970 deos.
1079 1897 1135 1971 Ad
1152 1910 1282 1972 tantam
1301 1923 1444 1996 namque
1482 1908 1551 1970 tom
1568 1901 1682 1970 miseri
1697 1899 1845 1973 bominis
1860 1913 2097 1996 peruenerunt.
2122 1958 2157 1975 ..
2181 1959 2188 1974 .
2208 1907 2389 2003 participes

538 2055 652 2124 miseri
668 2055 816 2124 bomines
829 2065 1071 2149 peruenerunt.
1097 2111 1103 2124 .
1128 2114 1133 2127 .
1153 2059 1334 2150 participes
1350 2055 1441 2147 fieri,
1481 2055 1559 2146 fieri
1581 2065 1612 2127 et
1636 2056 1840 2127 dimittemus
1858 2065 1903 2127 te:
1930 2067 1968 2127 ut
1980 2061 2089 2151 possis
2105 2081 2307 2156 quocumque
2333 2060 2388 2132 de·

538 2213 570 2278 et
595 2203 792 2275 dimittimus
818 2215 863 2295 te;
881 2207 930 2276 uei
947 2229 1151 2302 quocumque
1165 2211 1278 2301 potius
1296 2206 1444 2277 decreoe·
1481 2208 1622 2276 creveris
1652 2229 1817 2300 perpere,
1845 2217 1876 2278 et
1900 2210 2025 2280 erimus
2051 2214 2102 2281 tui
2133 2213 2264 2282 itineris
2289 2214 2389 2284 comi·

537 2361 586 2438 uis
606 2377 744 2451 perpere
770 2358 895 2426 erimus
920 2355 979 2426 tibi
1003 2359 1134 2428 itineris
1160 2361 1304 2442 comites,
1335 2367 1366 2428 et
1390 2383 1443 2432 us·
1481 2367 1529 2428 tes
1555 2367 1701 2453 eiusque
1719 2358 1915 2430 admortem
1930 2357 1989 2428 tibi
2002 2369 2174 2452 parentes.
2198 2414 2205 2427 .
2229 2413 2236 2426 .
2260 2414 2269 2430 .
2299 2364 2389 2432 .mi-

538 2537 599 2608 pue
616 2511 661 2582 ad
677 2519 816 2580 mortem
830 2520 1007 2602 parentes.
1032 2566 1038 2579 .
1062 2565 1068 2580 .
1093 2511 1194 2581 misit
1210 2533 1286 2582 uero
1300 2512 1443 2604 portite-
1482 2510 1525 2577 sit
1543 2530 1619 2579 uero
1640 2509 1858 2602 parthenium
1882 2511 2050 2604 quondam
2074 2519 2106 2580 et
2131 2512 2304 2606 pheretam
2328 2512 2391 2580 mi-

537 2666 632 2734 nium
657 2659 832 2756 quemdam
857 2669 889 2730 ct
912 2661 1051 2752 feritam
1070 2659 1145 2754 (sio)
1164 2661 1298 2732 milites.
1324 2717 1330 2732 .
1355 2717 1362 2732 .
1390 2675 1444 2733 .et
1483 2665 1556 2735 titos
1577 2719 1584 2736 .
1609 2720 1615 2735 .
1641 2720 1648 2734 .
1673 2719 1679 2735 .
1701 2663 1858 2757 ctiipans
1882 2663 1944 2736 sibi
1962 2661 2002 2734 de
2018 2662 2198 2758 plautillae
2215 2663 2386 2758 mopborte

539 2815 648 2907 tipans
673 2811 735 2884 sibi
759 2812 799 2882 de
813 2813 992 2906 pinatiitae
1009 2811 1172 2906 maphora
1190 2813 1300 2885 oculos
1319 2813 1361 2910 (3)
1400 2871 1407 2884 .
1433 2869 1439 2883 .
1483 2821 1606 2894 ocutos.
1627 2871 1634 2884 .
1654 2871 1662 2886 .
1683 2875 1691 2888 .

588 3088 614 3156 Α
641 3095 760 3180 questa
787 3088 891 3182 lunga
919 3087 1118 3161 narracione
1144 3087 1198 3158 del
1227 3091 1381 3162 martirio
1409 3090 1442 3161 di
1470 3093 1506 3165 S·
1535 3089 1640 3163 Paolo
1660 3089 1835 3186 Apostoio,
1865 3087 2043 3160 attribuito
2071 3087 2142 3159 aS.
2174 3085 2262 3159 Lino
2281 3084 2386 3181 Papo,

541 3245 688 3317 succede
715 3245 1030 3317 immediatamente
1050 3271 1095 3319 un
1123 3245 1242 3320 amilio
1269 3248 1325 3321 sul
1353 3248 1498 3342 vangelo
1524 3248 1558 3319 di
1585 3247 1622 3320 S.
1651 3247 1778 3321 Matteo
1796 3289 1848 3304 -
1864 3249 1966 3322 Diait
1991 3247 2104 3321 Simon
2127 3257 2245 3342 petrus
2263 3247 2308 3320 od
2326 3247 2388 3318 do·

538 3409 667 3479 minum
690 3404 822 3479 desum:
849 3429 920 3510 ecee
943 3432 1004 3479 uos
1031 3409 1227 3506 reliquimus
1257 3413 1429 3482 omnia...
1459 3419 1491 3479 et
1514 3409 1643 3503 3311333
1671 3449 1714 3461 -
1742 3407 1893 3495 Omilia,
1925 3409 2077 3480 secondo
2105 3406 2137 3478 la
2167 3405 2307 3479 rubrica
2331 3405 2388 3478 del

540 3576 658 3641 nostro
684 3566 825 3653 Codice,
855 3567 890 3639 di
919 3565 1130 3662 Origene-
1154 3567 1285 3640 Omitio¹
1301 3513 1446 3662 originis
1471 3567 1511 3640 de
1536 3567 1652 3639 eodem
1677 3567 1824 3639 lectione.
1843 3609 1889 3624 -
1906 3568 1991 3639 Essa
2017 3565 2190 3639 comincia
2216 3565 2247 3637 31
2270 3565 2389 3642 timo

541 3727 615 3824 rigo
642 3725 698 3799 del
724 3728 752 3799 1.
782 3725 828 3798 53
855 3751 883 3798 r.
913 3749 931 3797 e
958 3725 1077 3798 finisse
1103 3725 1133 3796 31
1163 3724 1280 3798 18333
1307 3725 1381 3821 rigo
1402 3725 1457 3797 del
1484 3727 1510 3798 1.
1538 3725 1585 3799 58
1611 3751 1644 3796 3.
1664 3767 1713 3781 -
1731 3726 1794 3799 Ν31
1821 3723 2388 3822 111Τ333331311333333311031-

540 3911 642 3984 gene,
671 3886 816 3961 Parisiis
835 3887 978 3961 Dnbure
994 3883 1096 3974 trra,
1126 3886 1155 3956 si
1183 3885 1328 3980 leggono
1355 3885 1458 3957 molte
1487 3885 1604 3958 amilio
1631 3910 1730 3982 sopra
1757 3885 1843 3962 varii
1870 3883 1990 3981 luoghi
2009 3883 2064 3972 dei
2082 3893 2135 3959 tre
2153 3883 2279 3980 proieti
2297 3884 2400 3994 Mag-¹

545 4048 632 4144 giori
661 4048 759 4136 isaia,
787 4046 958 4132 Ceramia,
986 4045 1194 4134 Ezechieie,
1223 4045 1289 4116 due
1316 4044 1370 4118 sul
1398 4045 1543 4120 Cantica
1569 4046 1624 4119 dei
1651 4045 1786 4119 Cantici
1814 4069 1832 4118 3
1860 4046 1965 4120 molto
1991 4045 2027 4117 13
2058 4045 2202 4134 Lucam,
2231 4069 2286 4118 ma
2312 4068 2389 4119 nes·

541 4233 627 4284 suna
657 4210 711 4280 snl
742 4209 895 4302 Vangelo
927 4207 961 4280 di
993 4208 1028 4281 S.
1061 4207 1217 4294 Matte03
1250 4213 1293 4280 ne
1328 4207 1451 4279 313333
1485 4206 1576 4278 delle
1609 4204 1734 4278 Omilie
1768 4215 1934 4301 stampais
1964 4205 2190 4302 corrispoude
2225 4230 2243 4278 3
2272 4205 2389 4302 quella

542 4373 661 4447 scritta
688 4369 743 4441 nel
771 4378 889 4442 nostro
916 4367 1059 4442 Godioe.
1087 4367 1380 4466 Grediamouperb
1407 4365 1551 4438 cb’essa
1577 4363 1628 4438 sia
1654 4366 1734 4438 d’un
1761 4363 1907 4460 qualche
1938 4365 2056 4460 ignoto
2074 4363 2245 4447 scrittore,
2269 4361 2332 4433 obe
2358 4364 2391 4435 13

543 4697 967 4714 *nn—affl

583 4915 628 4996 (3)
650 4937 665 4972 r
688 4914 823 4983 11131333,
849 4929 905 4992 pro
928 4911 1078 4982 Mavors,
1093 4909 1143 4970 331
1167 4909 1300 4980 Maiore,
1324 4906 1546 4979 (ordinarium
1571 4905 1754 4965 Lexoviens
1777 4901 1867 4967 MSS.
1893 4903 1933 4964 tn
1953 4905 2035 4984 festo
2058 4901 2231 4982 Purifieot·
2259 4901 2392 4985 Maiora

545 5082 557 5123 3
583 5063 622 5123 B.
646 5059 689 5120 M.
721 5059 858 5138 Virginis
881 5060 1028 5137 defertur
1047 5073 1113 5118 uno
1135 5055 1270 5135 speciali
1291 5071 1379 5114 cereo
1398 5051 1626 5131 praecedente.
1651 5049 1691 5108 Ia
1715 5049 1766 5110 die
1788 5049 1932 5110 danunt.
1968 5047 2013 5111 od
2042 5051 2288 5127 processionem
2320 5049 2390 5111 Ma·

545 5228 558 5270 3
582 5210 657 5288 foro
678 5225 751 5268 cnm
775 5222 874 5266 cereo.
903 5221 917 5265 33
940 5205 989 5265 Du
1015 5220 1118 5281 cange
1139 5200 1243 5272 filnes,
1268 5200 1301 5260 in
1324 5217 1354 5260 3.

584 5378 599 5412 a
622 5349 999 5416 Marone-Matronae
1024 5347 1293 5428 operimentum,
1316 5345 1402 5423 quod
1426 5350 1523 5423 caput
1546 5341 1674 5422 operit,
1699 5348 1849 5404 vocatum
1882 5345 1992 5402 autem
2017 5339 2066 5400 sic
2088 5340 2182 5418 quasi
2204 5340 2305 5402 Marte
2327 5339 2393 5402 Mu·

544 5522 558 5556 u
583 5453 673 5560 rorte
697 5501 828 5578 signum
853 5503 903 5555 est
926 5471 1086 5555 maritalis
1109 5489 1291 5569 dignitatis:
1315 5489 1400 5548 idem
1426 5493 1459 5548 31
1481 5485 1566 5548 stola
1589 5486 1722 5549 dieitur.
1748 5486 1879 5566 Papias.
1904 5507 1919 5544 3
1943 5483 1991 5546 Id.
2019 5484 2065 5546 ib.
2090 5485 2123 5544 in
2146 5503 2176 5546 r.

585 5668 599 5702 a
623 5643 756 5718 Mators,
780 5641 918 5712 szors,
944 5638 1185 5720 operimentum
1209 5635 1336 5716 cupitis.
1364 5633 1502 5696 maxime
1528 5633 1758 5702 foeminarum,
1777 5631 1862 5722 apud
1886 5629 2030 5711 Papium:
2048 5628 2213 5692 Isidorum
2238 5636 2271 5691 et
2292 5628 2391 5700 aiios,

547 5815 561 5849 o
586 5809 603 5852 a
627 5791 722 5852 nohis
746 5789 893 5850 laudatos
911 5793 975 5851 etc.
995 5829 1002 5841 .
1020 5817 1029 5838 ·
1044 5831 1076 5848 ..
1102 5805 1117 5843 3
1140 5783 1252 5866 13111).
1278 5783 1312 5844 in
1335 5801 1366 5842 v.
