5408 7108
635 533 705 604 alt
1007 531 1042 554 ''
1283 532 1457 605 touux
1492 533 1759 608 unvnNsls

597 763 709 827 tetum
734 758 772 826 in
798 739 874 844 ipso
897 707 1026 834 locum..
1053 761 1093 827 ut
1116 719 1244 828 bonum
1270 764 1395 848 pareat
1418 759 1617 830 laboratum
1641 764 1676 827 et
1699 757 1885 846 cultatum,
1903 763 2079 845 quatenns
2096 757 2283 843 proficiant
2305 759 2342 824 et
2372 773 2446 824 uon
2532 753 2543 776 ¹

596 909 810 1022 dispereant,
834 919 870 981 91
892 914 1030 982 salbum
1047 915 1166 1000 iaciat,
1192 905 1290 980 sicut
1308 914 1419 982 decet.
1437 916 1481 982 Et
1499 885 1569 1000 per*
1585 919 1737 1001 tempus,
1763 913 2107 1006 quandomeruerit,
2125 912 2200 998 ipse
2224 916 2391 980 castaneo
2414 914 2451 980 et

592 1067 719 1134 insites
742 1065 1005 1135 rationabiliter
1029 1065 1198 1152 colligere
1221 1031 1263 1133 et
1282 1084 1424 1136 seccare
1448 1070 1551 1153 bone,
1575 1071 1669 1137 sicut
1685 1069 1871 1155 meruerit,
1889 1068 1925 1135 et
1948 1067 2008 1136 ille
2027 1069 2063 1134 et
2079 1065 2158 1135 eius
2174 1063 2295 1134 eredes
2309 1063 2447 1134 faciant

590 1219 680 1286 scire
703 1236 787 1304 pars
813 1219 923 1305 ipsius
946 1221 1152 1288 monasterii
1176 1225 1211 1288 et
1236 1221 1392 1306 predicte
1416 1239 1573 1311 gemme,
1598 1227 1636 1323 ut
1660 1222 1790 1292 ibidem
1814 1225 1950 1310 dirigat
1979 1221 2127 1291 missum
2155 1238 2279 1307 suum,
2312 1225 2348 1286 et
2372 1223 2446 1287 tote

589 1373 663 1458 ipse
697 1375 864 1441 castanea
899 1377 935 1440 et
969 1373 1098 1443 insites
1132 1393 1196 1461 per
1221 1376 1448 1444 medietatem
1471 1374 1653 1461 dividant;
1679 1375 1807 1444 missus
1825 1377 1975 1462 predicti
2001 1371 2209 1444 monasterii
2226 1375 2262 1440 91
2282 1371 2444 1457 predicte

586 1543 725 1613 gemme
760 1523 863 1593 tollat
898 1543 957 1593 eos
991 1527 1229 1616 medietatem,
1269 1529 1390 1598 atille
1419 1532 1455 1595 91
1478 1544 1560 1594 suos
1583 1526 1705 1594 eredes
1729 1526 1968 1613 medietatem,
1992 1533 2029 1595 et
2056 1524 2350 1613 ipsummissum
2381 1540 2450 1589 nu·

588 1679 735 1764 tricare,
760 1679 854 1748 sicut
878 1680 1012 1756 iustum
1036 1680 1760 1766 199111111999919991991999991
1785 1681 1832 1747 ibi
1858 1679 2060 1764 seminant,
2099 1679 2208 1746 deant
2232 1675 2452 1744 1111919119-

588 1827 700 1896 ticum
725 1829 771 1898 ad
796 1831 912 1917 ipsum
936 1833 1080 1900 missum
1105 1834 1300 1902 secundum
1324 1778 1616 1901 consuetudinem
1641 1831 1684 1900 de
1709 1831 1783 1918 ipso
1805 1798 1932 1918 locum,
1948 1833 1993 1900 Et
2008 1831 2115 1918 quale
2139 1837 2297 1916 tempore
2325 1829 2386 1898 1119
2408 1836 2445 1899 91

587 1983 668 2052 eius
692 1983 814 2052 eredes
838 1983 914 2072 ipsa
938 1989 1182 2074 suprascripta
1207 1987 1353 2056 traditio
1376 1989 1499 2055 tenere
1523 1990 1559 2053 91
1582 1987 1748 2054 laborare
1772 2003 1844 2053 non
1867 1985 2062 2082 belnensi,
2087 1989 2150 2053 aut
2174 2002 2246 2052 non
2276 1987 2435 2071 potuerit

589 2137 753 2206 inolitum
776 2138 861 2205 illut
884 2136 1085 2207 laboratum
1108 2145 1144 2208 91
1167 2141 1354 2226 cultatum,
1379 2141 1536 2226 qualiter
1560 2140 1746 2226 meruerit,
1765 2138 1935 2210 remidtat
1950 2140 1994 2210 ad
2010 2157 2095 2226 pars
2110 2129 2307 2226 supradicti
2326 2085 2451 2208 mona-⁹

587 2293 691 2361 sterii
714 2297 751 2360 et
775 2293 933 2379 predicte
958 2313 1097 2381 gemme
1121 2297 1157 2363 91
1181 2294 1227 2363 ad
1251 2295 1327 2362 eius
1350 2293 1485 2381 eredes,
1510 2291 1714 2361 faciendum
1739 2293 1821 2362 inde
1847 2292 1967 2362 omnia
1982 2292 2075 2379 qnod
2092 2293 2286 2361 volueriut.
2312 2295 2360 2360 De
2378 2313 2452 2381 qua

589 2465 653 2532 per
677 2448 940 2517 combenientia
964 2447 1098 2534 guadia
1122 2449 1225 2514 nobis
1251 2448 1325 2534 ipse
1349 2451 1472 2534 petrus
1496 2446 1593 2515 dedit
1618 2447 1697 2514 vice
1725 2447 1836 2532 ipsius
1860 2447 2068 2516 monasterii
2093 2450 2129 2514 91
2146 2464 2208 2534 pro
2233 2447 2309 2514 vice
2339 2449 2453 2516 nomi·

587 2605 673 2670 nate
698 2619 850 2688 gemme,
875 2605 911 2670 91
927 2601 1158 2669 mediatorem
1175 2601 1277 2668 nobis
1294 2600 1412 2686 posuit
1427 2599 1537 2669 dissic
1550 2597 1723 2687 presbiter
1739 2599 1782 2667 de
1798 2603 2005 2686 aputmonte
2019 2599 2114 2667 lilius
2137 2599 2318 2686 quondam
2343 2605 2447 2687 ropfi3

589 2758 624 2822 et
649 2774 712 2841 per
737 2757 814 2840 ipsa
838 2755 971 2842 guadia
995 2760 1069 2823 etc:
1097 2755 1266 2840 Sequitur
1288 2757 1449 2838 formula
1472 2760 1607 2825 statuto
1636 2759 1751 2824 multo
1773 2757 1899 2842 uiginti
1922 2757 2008 2822 auri
2031 2756 2224 2823 solidorum
2253 2759 2449 2824 constanti·
2476 2803 2483 2814 ·

592 2909 803 2982 alanorum.
830 2909 927 2985 Quod
950 2908 1077 2995 scripsi
1102 2924 1168 2996 ego
1191 2914 1313 2996 petrus
1336 2911 1511 2995 presbiter
1535 2917 1570 2979 et
1594 2911 1768 2978 notarius.
1896 2969 1899 2974 .
2012 2863 2015 2872 .

633 3034 665 3150 †
691 3064 766 3149 Ego
789 3066 929 3130 amalus
952 3021 1125 3148 presbiter

637 3187 667 3303 †
693 3217 768 3302 Ego
793 3218 966 3284 iohannes
991 3218 1179 3304 presbiter.
1267 3177 1270 3183 Ι

1270 3817 1280 3836 ’
1387 3871 1674 3954 nrxxvn.

1376 4167 1433 4242 A.
1462 4167 1677 4244 D11043.

592 4485 596 4494 ⁴
646 4407 745 4544 †ln
771 4453 914 4524 nomine
938 4457 1072 4524 domini
1098 4458 1264 4525 vicesimo
1287 4463 1388 4528 sexto
1413 4477 1509 4528 anno
1531 4461 1756 4547 principatus
1788 4457 1920 4528 salerni
1956 4459 2076 4526 domni
2110 4459 2220 4524 nostri
2256 4456 2450 4543 guaimarii

598 4611 746 4698 gloriosi
771 4610 943 4714 principi?
967 4616 1003 4679 91
1024 4614 1126 4679 sexto
1150 4627 1246 4680 anno
1262 4611 1487 4698 principatus
1504 4612 1583 4680 eius
1600 4629 1728 4700 capue,
1752 4615 1788 4680 et
1802 4614 1927 4699 quinto
1942 4629 2037 4682 anno
2052 4610 2204 4679 ducatus
2219 4612 2297 4680 eius
2313 4609 2453 4680 amalfis

593 4771 629 4834 et
644 4764 807 4851 sirrenti,
824 4767 861 4832 91
876 4764 1028 4833 secundo
1044 4781 1138 4833 anno
1154 4765 1479 4852 suprascriptorum
1497 4737 1766 4852 principatuum
1782 4768 1818 4833 91
1834 4765 2028 4834 ducatuum
2046 4765 2164 4832 domni
2181 4764 2301 4852 gisulfi
2323 4765 2450 4834 eximii

547 4899 557 4922 ⁸
594 4921 749 5008 principi
775 4924 811 4987 et
833 4917 914 4986 duci
941 4916 1006 4985 filii
1030 4918 1121 5004 eius,
1138 4919 1183 5030 et
1198 4919 1313 5004 primo
1329 4899 1425 4986 anno
1442 4917 1594 4988 ducatus
1609 4916 1752 4985 illorum
1769 4916 1889 5005 apulie
1905 4921 1941 4986 91
1962 4915 2134 5004 calabrie,
2151 4933 2272 4984 meuse
2288 4889 2448 4998 octuber,

594 5071 806 5140 duodecima
829 5071 1036 5138 indictione.
1062 5071 1351 5138 Memoratorium
1375 5071 1507 5139 lactum
1532 5091 1555 5140 a
1578 5091 1633 5140 me
1657 5071 1786 5138 mulier
1809 5067 2093 5154 nomine,tanda
2118 5067 2246 5136 relicta
2270 5065 2449 5153 quondam

595 5222 689 5293 mari
714 5223 931 5294 atrianensis
956 5221 1026 5288 filii·
1047 5224 1157 5308 gotti,
1181 5241 1222 5291 eo
1246 5223 1337 5308 quod
1361 5230 1444 5294 ante
1469 5223 1661 5324 subscripti
1692 5229 1799 5294 testes
1827 5241 1891 5310 per
1925 5221 2224 5322 combenientiam
2255 5221 2449 5290 secundum
2515 5197 2521 5207 ⁸

521 5359 526 5369 ’
597 5375 715 5466 legem
739 5381 776 5445 et
799 5375 1055 5445 consuetudine
1078 5377 1197 5462 gentis
1221 5383 1341 5446 nostre
1359 5395 1600 5457 romanorum,
1618 5381 1655 5448 91
1671 5395 1744 5449 una
1759 5395 1897 5448 mecum
1913 5381 2005 5446 esset
2027 5381 2293 5464 procuratorem
2318 5393 2451 5460 meum,

596 5528 642 5597 ad
667 5528 861 5598 tenendum
886 5531 921 5595 91
946 5525 1176 5595 lavorandum
1200 5527 1332 5598 tradidi
1356 5532 1477 5615 petrus
1500 5530 1595 5622 illius
1618 5529 1795 5617 quondam
1819 5533 1969 5600 iohanni
1995 5529 2176 5616 punzo·de
2212 5529 2330 5596 locum
2358 5525 2456 5596 miti-

597 5682 694 5752 liano
720 5701 794 5750 una
818 5679 918 5768 pecia'
933 5679 976 5749 de
992 5684 1091 5749 terra
1107 5699 1186 5748 cum
1204 5682 1441 5752 castanietum
1457 5687 1491 5752 91
1508 5683 1705 5772 insitorum,
1722 5688 1758 5754 91
1775 5683 2002 5771 robolietum‚
2018 5689 2054 5752 et
2070 5683 2224 5768 zemate,
2240 5688 2277 5752 et
2294 5684 2450 5751 baouum

600 5856 669 5906 uno
697 5838 858 5907 teniente
884 5839 922 5906 in
946 5834 1068 5905 eodem
1092 5829 1166 5904 loco
1190 5837 1382 5927 mitiliano‚
1405 5857 1474 5925 que
1496 5840 1551 5907 est
1574 5841 1652 5926 ipsa
1667 5840 1769 5927 pecia
1785 5857 1848 5930 per
1864 5857 1904 5910 as
1919 5839 2008 5908 fines
2024 5845 2059 5908 91
2076 5857 2279 5908 mensuras.
2302 5839 2332 5906 A
2351 5839 2450 5925 parto
