5456 7096
1032 519 1448 594 DIPLOMATlGUS
2046 519 2114 592 117

306 748 361 814 ter
385 742 566 814 internos
593 747 783 815 habemus.
808 749 848 816 ln
872 767 914 817 ea
941 747 1105 816 videlicet
1128 749 1266 816 ratione
1302 749 1453 817 concedo
1477 750 1553 844 ipse
1576 745 1643 816 duo
1679 746 1804 816 vineae
1840 745 1879 814 in
1904 745 1982 831 ipsa
2006 745 2157 816 ecclesia

307 900 422 967 sancti
448 898 611 986 nikolay,
639 904 680 969 ut
702 901 751 970 ab
773 899 946 970 hodierno
969 901 1027 969 die
1051 904 1086 968 et
1110 897 1159 966 im
1183 905 1393 987 perpetuum
1417 901 1507 970 flant
1522 898 1595 986 ipse
1612 869 1769 985 predicte
1792 895 1919 968 vineae
1942 891 1980 966 in
2005 897 2083 985 ipsa
2106 917 2163 968 ec·

309 1027 433 1118 clesia.
460 1051 506 1117 Et
529 1049 736 1120 annualiter
760 1055 795 1120 et
819 1071 931 1139 usqne
955 1052 991 1119 in
1017 1051 1279 1138 sempiternum
1304 1059 1344 1120 tu
1367 1051 1524 1138 predicto
1547 1025 1647 1139 petro
1671 1052 1814 1135 abbate,
1838 1051 1883 1122 Et
1902 1049 1973 1118 tuis
1990 1051 2161 1138 posterio-

314 1198 417 1268 ribus
440 1199 484 1269 de
506 1198 658 1270 ccclesia
675 1202 752 1289 ipsa
775 1208 982 1290 potestatem
1007 1205 1170 1272 habeatis
1194 1201 1417 1270 vindemiare
1440 1203 1478 1269 in
1502 1201 1576 1288 ipso
1599 1207 1720 1270 nostro
1752 1201 1930 1288 palmento
1956 1201 2018 1288 qui
2045 1206 2100 1272 est
2123 1203 2164 1269 in

311 1352 430 1438 capite
454 1351 496 1420 de
521 1354 689 1423 iamdicto
713 1355 815 1424 vinee
839 1359 939 1442 ipse,
964 1372 1068 1441 quem
1094 1353 1194 1421 modo
1220 1355 1259 1420 in
1281 1372 1325 1421 ca
1348 1353 1453 1440 dedi,
1478 1357 1514 1422 et
1546 1355 1681 1422 habeas
1711 1357 1751 1422 tu
1786 1353 2032 1439 prenominato
2067 1357 2166 1440 petro

314 1507 488 1573 monacho
511 1509 618 1592 atque
642 1507 765 1575 abbati
791 1505 850 1573 ille
873 1510 998 1574 tenere
1022 1509 1058 1572 et
1082 1506 1265 1575 dominare
1289 1526 1369 1575 cum
1394 1507 1463 1577 alie
1487 1513 1607 1576 terrac
1629 1507 1672 1575 de
1696 1507 1773 1592 ipsa
1795 1505 1962 1594 ecclesia,
1985 1506 2064 1574 sine
2080 1523 2161 1574 con·

317 1660 505 1728 trarietate
528 1677 609 1772 mea
631 1663 667 1727 et
691 1659 733 1726 de
754 1663 823 1728 mei
847 1660 995 1729 herodes
1018 1662 1068 1732 tn,
1082 1663 1118 1726 et
1141 1659 1292 1746 posteris
1318 1660 1370 1726 tui
1397 1678 1508 1746 usque
1532 1659 1569 1727 in
1594 1661 1701 1728 linem
1716 1659 1852 1726 mundi.
1878 1661 1969 1727 Nam
1992 1663 2029 1727 et
2055 1659 2164 1726 talem

313 1761 570 1898 obligationem
595 1811 661 1879 tibi
686 1813 881 1898 praephato
905 1816 1005 1898 petro
1028 1815 1202 1882 monacho
1226 1817 1261 1880 et
1284 1813 1405 1896 abbati
1429 1817 1466 1880 et
1489 1812 1534 1881 ad
1558 1815 1715 1898 posteros
1738 1815 1817 1879 tuos
1842 1812 1945 1899 facio,
1976 1815 2016 1879 ut
2041 1812 2072 1879 si
2097 1831 2162 1899 ego

315 1967 385 2033 aut
411 1983 643 2052 successores,
668 1965 724 2032 vel
747 1967 957 2052 parentibus
984 1969 1084 2054 meis,
1110 1967 1165 2034 vel
1190 1967 1459 2053 qualiscumque
1481 1967 1640 2034 humana
1663 1983 1828 2052 persona,
1853 1970 1893 2034 ut
1917 1965 1956 2034 in
1979 1967 2162 2052 sempiter-

312 2133 402 2200 num
432 2118 628 2204 predictam
651 2117 839 2188 ecclesiam
864 2137 943 2186 cum
970 2123 1046 2186 suis
1070 2121 1241 2187 omnibus
1264 2139 1356 2205 quae
1379 2120 1518 2187 videtur
1542 2117 1580 2184 in
1603 2137 1646 2188 ea
1669 2136 1757 2202 asse,
1782 2118 1907 2187 tollere
1942 2124 2049 2206 atque
2084 2137 2166 2186 con-

315 2271 413 2339 trare
438 2269 574 2357 aliquid
598 2269 641 2340 de
665 2273 741 2356 ipsa
768 2319 924 2340 .....
952 2276 1016 2340 sub
1041 2277 1214 2359 potestate
1240 2276 1359 2339 vestra
1381 2271 1593 2340 subtrahere
1617 2271 1835 2339 voluerimus
1853 2275 1966 2358 ipsam
1991 2271 2171 2358 prenomi-

318 2425 441 2498 natam
465 2423 667 2512 ecclesiam,
692 2423 809 2513 obligo
833 2444 900 2513 me,
925 2431 961 2495 et
984 2444 1079 2494 meos
1103 2427 1328 2512 posteriores,
1352 2431 1388 2492 et
1402 2442 1523 2493 omnes
1539 2423 1600 2510 qni
1618 2441 1767 2510 querere
1785 2422 1918 2491 debunt
1935 2423 1978 2492 de
1996 2423 2166 2510 iamdicta

318 2572 469 2641 ecclesia
491 2576 626 2663 aliquid
650 2577 740 2663 quod
764 2596 969 2646 concessum
987 2587 1023 2646 et
1038 2577 1242 2646 ordinatum
1268 2622 1424 2645 .....
1451 2594 1561 2662 supra
1586 2575 1731 2661 legitur,
1756 2575 1972 2661 Gomponere
1997 2577 2063 2644 tibi
2080 2577 2172 2646 tuis-

322 2745 392 2812 que
422 2727 610 2796 abbatibus
632 2745 702 2814 que
727 2733 862 2815 postte
886 2727 1146 2806 ordinaverint,
1172 2733 1314 2797 centum
1337 2729 1465 2798 solidos
1497 2727 1713 2816 michalati,
1749 2735 1785 2796 et
1820 2730 1923 2797 taciti
1958 2747 2169 2798 maneamus
2285 2801 2297 2818 ,

318 2900 429 2968 usque
452 2882 491 2950 in
515 2887 724 2971 perpetuum
747 2888 813 2953 hoc
836 2885 929 2972 quod
951 2880 1211 2952 constituimus.
1236 2887 1339 2951 Hunc
1362 2889 1482 2953 autem
1507 2883 1742 2950 concessionis
1757 2901 1819 2950 seu
1838 2883 2044 2951 traditionis
2067 2884 2167 2952 libel·

316 3033 391 3103 lum
412 3035 557 3103 firmum
580 3035 812 3123 stavilemqne
837 3055 1047 3123 permanere
1070 3037 1238 3124 valentes,
1263 3037 1371 3103 scribi
1403 3037 1574 3104 iussimus
1596 3053 1660 3122 per
1693 3053 1842 3103 manum
1866 3033 2063 3105 landemari
2089 3037 2170 3104 sub·

316 3186 457 3259 diaconi
481 3187 664 3274 nostrique
687 3189 1013 3276 archiepiscopatus
1035 3188 1220 3257 scriniarii
1244 3194 1387 3257 nostrae
1423 3193 1570 3260 sanctae
1601 3189 1753 3257 barinae
1788 3189 1983 3274 ecclcsiae,
2020 3189 2169 3276 Signum

314 3339 473 3426 plumbei
497 3341 609 3408 nostri
632 3339 744 3428 sigilli
761 3341 1075 3428 conscriptionem,
1101 3361 1208 3429 quam
1232 3347 1268 3410 et
1290 3341 1443 3428 propriis
1469 3341 1559 3409 meis
1583 3340 1750 3409 manibus
1774 3305 1833 3408 hie
1865 3359 1921 3408 me
1955 3342 2163 3411 subscribsi.

323 3493 444 3562 Mense
467 3497 503 3562 et
527 3494 721 3562 indictione
738 3495 1044 3583 supranominata.

371 3616 402 3734 †
426 3647 611 3733 Nykolaus
634 3649 697 3734 qui
722 3665 830 3736 supra
852 3650 973 3736 gratia
996 3647 1129 3717 domini
1154 3645 1441 3733 archiepiscopus
1465 3651 1587 3715 sancte
1610 3647 1704 3715 sedis
1727 3647 1898 3715 canusino
1922 3647 2081 3717 ecclesie.
2113 3619 2143 3735 †

1151 4195 1344 4277 CMLI.

1108 4456 1165 4532 A.
1190 4456 1244 4531 D.
1275 4457 1401 4534 1039.

370 4693 407 4833 †
432 4745 472 4812 ln
495 4741 639 4812 nomine
663 4742 797 4812 domini
819 4745 1001 4813 Vicesimo
1023 4746 1173 4813 secundo
1196 4763 1291 4818 anno
1315 4748 1539 4835 principatus
1563 4747 1702 4817 Salerni
1726 4749 1847 4817 domni
1876 4753 1991 4820 nostri
2014 4751 2180 4821 Guaima·

323 4893 388 4983 rii,
411 4896 457 4964 Et
480 4894 634 4966 seeundo
658 4913 753 4964 anno
777 4897 1002 4985 principatus
1025 4899 1103 4966 eius
1125 4899 1253 4987 Gapue,
1277 4901 1323 4968 Et
1338 4899 1451 4986 primo
1467 4901 1728 5000 annoducatus
1745 4903 1823 4971 eins
1840 4902 2021 4973 Amalfiet
2042 4904 2178 4973 sirento

317 5047 484 5134 glorioso
507 5049 688 5135 princeps,
712 5065 832 5118 mense
854 5045 1052 5138 december,
1076 5053 1202 5120 octaba
1225 5052 1431 5121 indictione.
1457 5058 1526 5122 Nos
1549 5060 1670 5143 petrus
1692 5055 1859 5143 clericus,
1884 5056 1982 5124 fliius
2000 5059 2176 5144 quondam

327 5201 420 5287 petri
443 5201 570 5269 clerici
593 5205 630 5270 et
653 5202 789 5288 abbati,
814 5206 850 5269 et
872 5203 968 5289 grisa
990 5202 1066 5273 fllia
1089 5205 1266 5290 quondam
1290 5206 1459 5293 guaiferi,
1483 5209 1545 5294 qui
1571 5226 1693 5276 sumus
1716 5209 1772 5274 vir
1795 5212 1832 5276 et
1849 5227 1941 5277 uxor
1963 5215 2000 5280 et
2022 5212 2176 5279 vibimus

327 5352 373 5422 ad
390 5351 506 5442 legem
524 5370 722 5439 romanam,
736 5351 978 5423 Glarificamns
990 5355 1084 5423 Ante
1096 5355 1276 5441 presentia
1288 5359 1438 5426 Iohanni
1450 5359 1574 5445 iudici,
1588 5361 1759 5447 quoniam
1772 5361 1872 5428 nobis
1886 5365 1939 5430 est
1956 5365 2176 5449 pertinentes

327 5505 408 5575 Una
430 5506 531 5594 pecia
555 5505 598 5610 de
622 5509 720 5575 terra
743 5525 825 5574 cum
849 5508 1105 5577 abellanietum
1129 5509 1169 5576 in
1193 5507 1309 5578 locum
1331 5510 1494 5598 nuceria,
1519 5512 1581 5580 ubi
1603 5513 1649 5582 ad
1665 5512 1876 5584 monticello
1892 5515 2037 5602 dicitur,
2055 5534 2078 5584 a
2095 5535 2176 5603 sup-

325 5665 384 5730 tus
408 5659 559 5731 ecclcsia
582 5664 698 5730 sancti
721 5661 871 5750 quirici,
888 5681 957 5749 que
979 5669 1034 5732 est
1056 5682 1118 5750 per
1142 5665 1209 5732 hec
1232 5664 1321 5732 flnes
1344 5668 1381 5732 et
1403 5664 1595 5732 mensuriis
1611 5686 1633 5758 εν
1657 5667 1688 5732 Α
1719 5670 1821 5752 parte
1853 5666 2002 5735 meridie
2025 5669 2097 5735 fine
2119 5668 2180 5736 via

328 5814 486 5902 publica,
510 5814 594 5883 inde
617 5817 713 5903 passi
736 5817 980 5904 quadraginta
1005 5820 1149 5904 septem:
1176 5817 1207 5883 A
1232 5820 1333 5903 parte
1356 5813 1547 5884 occidentis
1570 5819 1655 5884 sunt
1679 5819 1774 5903 passi
1803 5822 1948 5886 centum
1970 5819 2173 5906 sexaginta:
