5408 7108
605 493 676 568 200
1224 493 1412 572 CODEX
1449 494 1747 571 cuvullsls

565 719 725 790 clusuria
748 721 791 790 de
814 723 914 792 terra
937 740 1017 790 cum
1041 723 1226 792 arbustum
1243 721 1482 810 pertinentem
1506 724 1655 793 ecclesie
1676 723 1791 794 saumi
1816 723 1982 810 maximi,
2004 741 2074 810 que
2096 739 2173 792 esse
2195 721 2337 792 bidetur
2368 723 2408 795 iu

473 903 478 918 ·
570 874 684 944 locum
710 879 789 945 rota
814 876 874 944 ubi
899 869 1105 963 pulbic'iauo
1128 875 1272 964 dicitur,
1297 897 1403 965 quam
1427 897 1493 966 ego
1511 881 1548 946 in
1571 879 1903 954 beneficiumteueo
1926 896 2046 964 apars
2063 878 2220 967 predicte
2244 877 2410 966 ecclesie,

567 1048 637 1116 que
660 1034 715 1098 est
737 1048 799 1116 per
823 1031 906 1098 finis
927 1035 964 1098 et
987 1029 1178 1100 mensuris:
1203 1031 1247 1097 de
1270 1034 1421 1130 suptane
1445 1031 1568 1119 latere,
1592 1031 1684 1118 quod
1707 1034 1799 1100 esta
1822 1049 1908 1116 pars
1932 1030 2035 1116 quasi
2060 1028 2223 1115 orientis,
2248 1028 2318 1095 due
2343 1027 2409 1098 bia

566 1181 763 1269 incipiente
787 1201 810 1250 a
835 1183 976 1250 termite
998 1183 1059 1268 qui
1083 1181 1203 1250 fictum
1232 1188 1286 1251 est
1309 1182 1403 1252 inter
1428 1201 1468 1252 eo
1491 1186 1597 1252 rebus
1620 1189 1657 1252 et
1677 1187 1776 1252 terra
1801 1201 1883 1250 eum
1908 1183 2150 1254 castanietum
2174 1180 2409 1268 pertinentem

561 1335 606 1405 de
633 1334 785 1403 ecclesia
809 1340 932 1403 sancte
955 1335 1069 1404 marie
1092 1337 1206 1422 plebis
1228 1340 1395 1423 rotense,
1418 1340 1455 1404 et
1476 1337 1620 1405 abiente
1642 1355 1705 1424 per
1729 1338 1808 1424 ipsa
1826 1337 1891 1406 bia
1914 1341 1997 1406 sunt
2023 1336 2107 1405 inde
2138 1354 2201 1424 per
2225 1337 2409 1408 mensuris

568 1485 664 1574 passi
688 1488 896 1574 octuaginta
919 1488 1078 1575 quinque
1100 1493 1137 1557 et
1159 1489 1322 1576 gubitum
1339 1507 1462 1577 uuum,
1479 1491 1524 1557 Et
1546 1488 1648 1577 quasi
1665 1509 1688 1559 a
1704 1509 1789 1578 pars
1806 1489 2003 1558 occidentis
2018 1490 2089 1559 fine
2108 1490 2222 1577 ipsius
2245 1489 2408 1576 ecclesie,

559 1641 657 1710 sicut
682 1641 818 1710 termiti
842 1645 879 1709 et
901 1641 1020 1710 media
1043 1659 1125 1729 sepe
1147 1642 1330 1730 discernit,
1355 1648 1391 1712 et
1414 1642 1509 1712 siout
1530 1641 1721 1730 coniungit
1747 1641 1786 1708 in
1808 1641 1883 1711 alia
1905 1641 1966 1710 bia
1988 1659 2145 1728 suprena
2168 1659 2238 1728 que
2261 1639 2408 1710 deducit

566 1790 665 1860 inter
691 1791 778 1859 istut
801 1797 836 1862 et
858 1793 930 1862 alia
954 1796 1060 1862 rebus
1082 1793 1194 1880 ipsius
1216 1793 1376 1872 ecclesie,
1401 1797 1486 1862 suut
1516 1795 1598 1863 iudo
1620 1797 1716 1881 passi
1740 1797 1974 1883 septuaginta
1999 1796 2178 1882 quadtuor
2203 1795 2301 1865 iusta
2325 1793 2404 1882 ipsa

478 2045 482 2052 Ι
562 1963 648 2033 sepe
671 1955 936 2032 mensuratum,
961 1953 997 2018 et
1019 1965 1083 2035 per
1106 1949 1184 2035 ipsa
1207 1949 1268 2017 bia
1290 1967 1449 2035 supraua
1464 1948 1660 2019 mensurati
1677 1950 1771 2037 passi
1794 1949 1949 2036 triginta
1969 1953 2063 2037 octo,
2079 1950 2236 2038 qualiter
2260 1949 2407 2018 deducit

481 2183 492 2196 ι
571 2097 651 2187 ipsa
674 2101 735 2168 bia
759 2101 797 2169 in
821 2106 923 2186 parte
946 2101 1106 2190 orientis,
1130 2108 1165 2170 et
1188 2104 1234 2171 ab
1258 2101 1325 2188 ipsi
1349 2101 1503 2191 triginta
1525 2109 1602 2170 octo
1626 2105 1720 2190 passi
1739 2103 1894 2174 lassante
1911 2107 1990 2190 ipsa
2006 2104 2068 2173 bia
2091 2108 2127 2172 et
2149 2107 2321 2192 pergente
2345 2119 2412 2189 per

567 2255 659 2323 flues
685 2253 797 2340 ipsius
820 2253 982 2341 ecclesie,
1005 2255 1097 2322 sicut
1120 2253 1239 2323 media
1260 2273 1342 2342 sepe
1365 2258 1402 2324 et
1424 2254 1559 2322 termiti
1584 2255 1778 2335 discernit,
1809 2260 1893 2324 sunt
1916 2255 1999 2324 iude
2022 2253 2117 2342 passi
2142 2253 2411 2342 quinquaginta

561 2429 674 2514 unum
699 2415 736 2479 et
758 2411 917 2497 palmum
940 2428 1065 2498 unum,
1089 2411 1183 2478 sicut
1206 2411 1394 2497 coniungit
1416 2410 1462 2478 ad
1486 2413 1563 2497 ipsa
1579 2411 1652 2479 bia:
1677 2410 1723 2478 da
1745 2413 1848 2497 parte
1873 2409 2022 2479 orientis
2045 2409 2164 2497 priore
2187 2408 2271 2492 due,
2295 2407 2409 2476 totum

561 2567 809 2631 mensuratum
833 2562 879 2630 ad
904 2563 998 2630 iusto
1020 2563 1166 2648 passum
1188 2561 1312 2629 omini.
1337 2580 1401 2649 per
1425 2560 1514 2631 istas
1536 2565 1626 2631 dues
1644 2567 1680 2632 et
1695 2557 1887 2632 mensuras
1913 2561 2076 2630 inclitum
2098 2561 2179 2628 illut
2192 2577 2256 2648 per
2278 2557 2412 2648 largie-

563 2719 640 2784 tate
666 2713 777 2801 ipsius
799 2713 920 2780 domni
943 2715 1065 2783 abbati
1091 2713 1247 2800 ipsorum
1274 2715 1425 2782 iohanni
1451 2720 1487 2783 et
1510 2715 1663 2784 maraldi
1687 2713 1901 2784 tradidimus
1918 2714 1984 2785 tali
2008 2715 2146 2800 ordine,
2164 2718 2203 2782 ut
2226 2715 2350 2782 amodo
2372 2717 2411 2783 et

561 2886 713 2955 semper,
737 2873 840 2938 natos
863 2870 1052 2956 nascende,
1077 2869 1122 2937 ad
1145 2887 1211 2939 sua
1234 2872 1269 2936 et
1287 2868 1329 2936 de
1347 2872 1421 2938 suis
1444 2869 1609 2937 eredibus
1632 2889 1707 2939 esse
1725 2873 1910 2958 potestatis
1927 2871 2009 2940 illut
2032 2874 2153 2938 tenere
2171 2874 2206 2937 et
2223 2870 2402 2954 laborare,

560 3023 660 3092 sebee
683 3029 719 3090 et
741 3025 857 3089 omnis
879 3023 1021 3090 illorum
1046 3021 1217 3092 utilitatis
1241 3025 1334 3091 iusta
1371 3025 1509 3094 ratione
1544 3025 1593 3093 ibi
1630 3025 1759 3093 iacere.
1793 3025 1837 3091 Et
1870 3023 1994 3092 amodo
2027 3026 2063 3089 et
2094 3037 2232 3106 semper
2264 3017 2336 3084 illis
2370 3022 2407 3086 et

559 3178 635 3246 suis
658 3177 827 3266 eredibus⁸
843 3179 1029 3247 arbustum
1054 3179 1169 3264 ipsum
1199 3196 1262 3246 suo
1295 3182 1452 3266 tempore
1475 3178 1519 3244 de
1549 3195 1656 3264 super
1680 3179 1782 3245 etde
1813 3181 1936 3263 supter
1959 3176 2136 3260 laborare,
2160 3177 2297 3261 potare,
2323 3187 2406 3258 pro·

561 3331 750 3419 paginare,
774 3336 823 3420 et,
851 3332 909 3400 ubi
934 3333 1119 3420 meruerit,
1143 3335 1264 3403 arbori
1288 3338 1325 3402 et
1347 3331 1411 3400 biti
1436 3331 1479 3400 de
1514 3334 1603 3398 bono
1627 3331 1762 3398 bitiueo
1785 3328 1918 3396 ibidem
1942 3328 2105 3414 plantare
2134 3332 2170 3394 ot
2184 3341 2346 3412 surgere,
2370 3325 2406 3392 et

562 3489 615 3556 sio
640 3507 703 3576 per
728 3504 862 3557 annum
887 3504 951 3554 suo
975 3491 1131 3575 tempore
1155 3486 1236 3556 illut
1261 3486 1423 3557 laborare
1447 3490 1484 3554 et
1507 3502 1665 3571 operare,
1689 3487 1729 3549 ut
1743 3499 1807 3570 per
1824 3499 1963 3547 omnem
1979 3497 2116 3547 annum
2133 3479 2327 3565 perfectum
2343 3494 2403 3561 pa·

562 3643 647 3712 read
671 3643 867 3715 laboratum
891 3646 928 3712 et
951 3647 1149 3730 operatum,
1174 3646 1348 3728 quatenus
1372 3640 1410 3705 iu
1440 3638 1566 3705 melius
1589 3635 1778 3722 proficiant
1802 3637 1838 3702 et
1862 3650 1933 3698 uon
1957 3632 2175 3718 dispereant.
2210 3630 2257 3696 Et
2280 3626 2406 3697 amodo

561 3801 598 3866 et
620 3820 757 3890 semper
780 3821 841 3889 per
873 3799 1062 3867 circuitum
1085 3799 1191 3865 rebus
1216 3797 1293 3883 ipsa
1317 3795 1473 3880 cludere,
1498 3797 1534 3861 et
1556 3791 1692 3860 clusum
1709 3795 1745 3859 et
1769 3789 1908 3858 salbum
1933 3787 2013 3856 illut
2035 3789 2167 3857 abeant
2190 3789 2227 3852 et
2251 3785 2403 3894 saciant,

565 3958 676 4030 donec
701 3957 781 4028 illut
803 3974 866 4044 per
889 3971 1026 4021 annum
1050 3950 1095 4020 ad
1118 3947 1410 4018 bindemiaudum
1434 3947 1586 4015 benerit.
1612 3947 1657 4012 Et
1680 3963 1742 4032 per
1766 3961 1906 4012 omnem
1930 3959 2065 4011 aunum
2089 3959 2151 4026 per
2174 3943 2329 4026 tempore
2352 3937 2396 4006 de

564 4114 743 4184 bindemie
767 4113 833 4200 ipsi
859 4111 1030 4178 iohannes
1051 4111 1086 4175 et
1109 4105 1290 4173 maraldus
1313 4107 1350 4171 et
1371 4104 1446 4170 suis
1478 4102 1642 4170 eredibus
1665 4100 1801 4168 faciant
1825 4098 1917 4166 scire
1953 4113 2010 4162 me
2041 4095 2095 4162 rel
2133 4112 2216 4180 pars
2247 4088 2406 4180 predicte

563 4269 740 4357 ecclesie,
765 4273 805 4336 ut
828 4267 877 4335 ibi
904 4283 1092 4353 pergamus
1125 4262 1179 4331 rel
1202 4261 1402 4346 dirigamus
1427 4257 1572 4325 missum
1596 4261 1783 4341 nostrum,
1808 4257 1844 4321 et
1870 4251 1941 4320 illis
1973 4255 2010 4319 et
2044 4253 2120 4320 suis
2150 4247 2314 4320 eredibus
2348 4269 2410 4319 ar·

567 4428 710 4494 bustum
737 4425 851 4509 ipsum
876 4439 939 4489 suo
973 4423 1128 4504 tempore
1162 4411 1443 4481 bindemiareet
1465 4427 1581 4498 poma,
1611 4407 1754 4494 quaudo
1776 4405 1974 4490 meruerit,
2007 4401 2200 4488 colligere,
2224 4403 2260 4468 et
2292 4402 2411 4504 omnis

564 4580 692 4648 binum
716 4576 848 4646 exinde
869 4578 905 4643 et
928 4576 1004 4661 ipse
1027 4589 1131 4659 poma
1153 4568 1296 4657 quaudo
1319 4565 1503 4652 meruerit,
1528 4563 1574 4630 ad
1596 4561 1719 4628 domus
1743 4559 1855 4645 ipsius
1873 4556 2024 4627 maraldi
2049 4560 2123 4624 tota
2145 4553 2261 4622 omnis
2285 4553 2409 4622 binde·

569 4736 642 4802 mia
667 4732 716 4800 ibi
739 4735 883 4818 portare
906 4733 942 4796 et
964 4728 1008 4799 ad
1032 4725 1252 4813 palmeutum
1276 4739 1378 4788 suum
1396 4721 1508 4796 totum
1532 4717 1607 4802 ipso
1624 4714 1745 4781 binum
1762 4729 1911 4781 mecum
1929 4715 2062 4780 etcum
2085 4710 2232 4777 missum
2247 4711 2410 4777 nostrum

570 4885 674 4955 etde
698 4883 862 4972 partibus
885 4881 999 4969 ipsius
1022 4876 1170 4946 ecclesie
1193 4873 1359 4973 dibidere¹
1375 4891 1437 4960 per
1462 4869 1686 4938 medietatem
1708 4888 1717 4953 ;
1742 4883 1807 4932 uos
1833 4865 1887 4933 vel
1902 4882 1985 4951 pars
1998 4860 2155 4950 predicte
2177 4859 2324 4929 ecclesie
2346 4858 2414 4928 tol-

566 5035 683 5105 lamus
706 5036 788 5104 illut
810 5035 1050 5119 medietatem,
1074 5036 1110 5099 et
1132 5030 1201 5115 ipsi
1227 5029 1399 5096 iohannes
1422 5029 1458 5093 et
1474 5020 1654 5092 maraldus
1677 5025 1713 5088 et
1731 5020 1807 5086 suis
1830 5017 1997 5085 eredibus
2014 5015 2242 5083 medietatem
2266 5013 2338 5082 alio
2354 5013 2407 5103 sic

472 5163 483 5188 ³
566 5191 645 5281 ipsa
670 5207 773 5280 poma
797 5188 1035 5264 medietatem,
1061 5187 1105 5254 Et
1138 5182 1260 5250 demus
1294 5179 1325 5247 ei
1351 5197 1547 5267 organeum
1581 5177 1626 5245 da
1651 5175 1803 5261 binum,
1828 5177 1863 5242 et
1888 5171 1960 5239 illis
1991 5175 2027 5239 et
2060 5169 2134 5238 suis
2157 5169 2321 5237 eredibus
2344 5185 2408 5254 per

564 5364 705 5414 omnem
730 5361 866 5414 aunum
891 5358 1089 5429 organeum
1114 5338 1231 5426 ipsum
1255 5335 1421 5403 conciare
1445 5340 1480 5402 et
1503 5332 1660 5400 studiare
1685 5333 1828 5416 bonum,
1853 5328 1946 5396 sicut
1970 5324 2157 5412 meruerit,
2175 5329 2210 5392 et
2234 5329 2411 5410 reponant

564 5502 642 5587 ipso
664 5517 860 5585 organeum
886 5497 984 5565 intus
1007 5511 1093 5562 casa
1117 5509 1251 5577 suaque
1276 5487 1441 5574 maraldi,
1467 5489 1503 5554 et
1518 5486 1594 5573 ipso
1618 5486 1741 5553 binum
1766 5483 1814 5550 ibi
1844 5483 1992 5550 miotcre
2018 5485 2054 5548 et
2080 5479 2218 5548 salbum
2243 5476 2325 5546 illut
2348 5494 2410 5544 uo·

562 5655 619 5722 bis
643 5651 789 5739 saciant,
814 5651 898 5719 dum
923 5649 1004 5718 illut
1027 5645 1110 5715 iude
1134 5643 1257 5713 tollere
1280 5644 1482 5728 fecerimus,
1507 5659 1640 5729 apsque
1663 5638 1940 5727 degeneratione
1959 5640 1995 5704 et
2019 5635 2143 5722 iugue.
2170 5634 2215 5700 Et
2241 5633 2302 5700 ubi
2326 5631 2403 5717 ipso

563 5805 689 5874 binum
714 5805 796 5872 iude
819 5801 943 5872 tollere
965 5801 1165 5888 fecerimus,
1190 5819 1253 5887 per
1277 5817 1398 5868 omues
1422 5797 1518 5864 bicos
1542 5797 1616 5882 ipso
1641 5803 1837 5880 organeum
1862 5791 1985 5860 labare
2008 5791 2146 5861 faciant
2173 5781 2211 5859 et
2231 5787 2407 5872 studiare,
