5408 7108
989 476 1449 586 orpuo'ulrrous
2027 503 2101 578 eoo

302 741 370 810 tali
397 740 537 828 ordine,
562 743 604 809 ut
620 739 744 810 amodo
760 745 796 808 et
812 757 951 825 semper
967 737 1013 808 ad
1030 741 1153 806 nostra
1175 741 1212 806 et
1234 737 1279 805 de
1301 737 1433 805 nostris
1456 736 1620 806 eredibus
1634 737 1709 804 sint
1732 738 1905 822 potestate
1929 733 2010 802 illut
2034 739 2155 802 tenen·

302 893 389 962 dum
413 897 450 962 ot
472 893 742 982 dominandum,
766 894 864 962 lobea
887 895 924 960 et
946 909 1068 959 omnes
1090 866 1211 960 nostre
1235 891 1406 960 utilitatis
1432 892 1525 960 iusta
1548 889 1689 959 ratione
1713 888 1842 956 ibidem
1866 887 2094 974 faciendum,
2117 889 2155 955 ot

298 1049 387 1118 totis
412 1046 571 1117 arbustis
596 1047 640 1114 de
663 1047 742 1132 ipsa
764 1046 960 1115 traditione
988 1043 1193 1115 annualiter
1220 1063 1283 1132 per
1309 1045 1390 1114 abto
1405 1047 1563 1130 tempore
1590 1041 1803 1126 laboremus,
1827 1047 1864 1110 et
1879 1039 2092 1126 studiemus,
2116 1043 2152 1108 et

300 1202 491 1285 cultemus,
509 1203 556 1286 et,
577 1199 638 1266 ubi
662 1199 849 1285 meruerit,
873 1199 1020 1267 arbores
1043 1201 1080 1266 et
1104 1197 1196 1279 bites
1221 1197 1351 1264 ibidem
1375 1197 1664 1285 propaginemus,
1682 1198 1719 1265 et
1741 1197 1793 1263 sir
1815 1199 1926 1264 totum
1951 1197 2026 1280 ipso
2048 1194 2156 1262 arbu-

308 1356 404 1417 stum
429 1351 638 1418 annualiter
661 1349 862 1419 lavoremus
886 1352 923 1418 et
945 1350 1143 1417 studiemus
1166 1350 1209 1418 de
1233 1299 1341 1438 super
1364 1355 1400 1419 et
1422 1351 1465 1418 de
1487 1353 1620 1436 subter,
1638 1355 1678 1418 ut
1700 1369 1838 1437 semper
1863 1351 1901 1418 in
1925 1349 2052 1418 melius
2076 1365 2157 1434 pro-

307 1503 437 1575 ficiant
459 1510 495 1572 et
517 1521 588 1572 non
613 1505 832 1592 dispereant,
856 1507 892 1573 et
914 1506 1044 1572 bonum
1068 1503 1201 1592 paread
1224 1483 1426 1575 laboratum
1450 1509 1486 1573 et
1509 1505 1707 1590 cultatem,
1731 1508 1767 1570 et
1790 1507 1901 1572 totum
1925 1503 2003 1590 ipso
2024 1493 2157 1578 'abellae

310 1658 449 1725 nietum
473 1657 534 1744 qui
559 1663 613 1726 est
637 1657 676 1724 in
700 1659 778 1742 ipsa
800 1655 1028 1744 tradiotione,
1052 1656 1220 1726 similiter
1243 1657 1447 1728 annualiter
1470 1657 1665 1728 studiemus
1689 1661 1725 1726 et
1748 1657 1935 1742 saltemus,
1954 1660 1992 1724 nt
2015 1673 2153 1742 semper

307 1807 348 1876 in
374 1810 504 1878 melius
527 1813 717 1898 proficiant
739 1814 777 1879 et
800 1827 871 1877 non
894 1809 1093 1897 disperead,
1110 1815 1146 1880 et
1169 1813 1298 1878 bonum
1323 1811 1457 1896 paread
1480 1811 1676 1880 studiatum
1700 1815 1737 1878 et
1760 1809 1949 1896 cultatum,
1970 1814 2006 1877 et
2027 1789 2165 1878 oirooi-.

313 1965 391 2031 tum
416 1965 495 2050 ipsa
517 1963 711 2034 traditione
735 1983 874 2052 semper
898 1965 998 2034 elusa
1021 1966 1204 2050 abeamus,
1228 1982 1353 2031 euram
1371 1969 1408 2030 et
1424 1963 1673 2048 bigilatiooem
1698 1962 1781 2030 inde
1804 1964 1984 2064 abeamus,
2002 1967 2038 2028 et
2062 1961 2159 2030 iusta

308 2120 449 2188 ratione
474 2117 555 2187 illut
577 2119 716 2188 salbum
741 2121 923 2204 abeamus,
947 2123 983 2186 et
999 2136 1062 2204 per
1085 2121 1242 2202 tempore
1259 2116 1299 2184 de
1325 2117 1501 2185 vindemie
1519 2121 1554 2185 et
1569 2095 1793 2185 de'abellane
1808 2115 2048 2204 colligendum
2064 2116 2157 2186 seire

312 2271 488 2341 faciamus
512 2273 627 2358 ipsum
652 2272 815 2342 abbatem
840 2277 875 2340 et
899 2289 1118 2339 successores
1141 2289 1233 2358 suos,
1254 2272 1308 2339 vel
1325 2289 1408 2358 pars
1436 2273 1549 2358 ipsius
1573 2273 1745 2349 ecclesie,
1771 2276 1812 2339 ut
1835 2271 1884 2338 ibi
1909 2271 2065 2358 beniad,
2091 2275 2157 2341 aut

304 2422 438 2492 ibidem
463 2425 605 2512 dirigad
629 2425 777 2493 missum
800 2443 930 2510 suum,
953 2429 990 2492 et
1011 2387 1183 2491 nostotis
1207 2425 1293 2509 ipsis
1316 2425 1473 2492 arbustis
1496 2424 1539 2491 de
1565 2425 1642 2511 ipsa
1668 2425 1863 2492 traditione
1887 2424 1963 2491 suis
1985 2426 2154 2522 tempori·

308 2579 374 2646 bus
397 2577 655 2647 bindemiemus
678 2584 714 2647 et
737 2565 862 2647 binum
887 2577 1002 2665 ipsum
1020 2577 1065 2646 ad
1083 2577 1302 2663 palmentum
1327 2597 1567 2666 procuremus,
1590 2583 1625 2646 et
1641 2596 1762 2646 omnes
1786 2598 1889 2665 poma
1912 2579 2043 2648 exinde
2066 2579 2155 2648 allo-

308 2749 459 2819 rumque
483 2733 651 2800 arborum
676 2731 797 2818 fruges
821 2730 974 2818 indeque
997 2736 1033 2798 et
1057 2732 1220 2800 abelleno
1243 2731 1373 2799 exinde
1397 2750 1460 2800 suo
1483 2744 1639 2819 tempore
1663 2731 1885 2820 colligamus,
1903 2737 1939 2801 et
1962 2734 2037 2820 ipse
2060 2732 2158 2802 abel-

308 2882 390 2954 lane
415 2885 619 2971 riokemus,
646 2883 698 2953 vel
723 2885 754 2951 si
779 2889 946 2953 castaneo
974 2885 1105 2952 ibidem
1131 2882 1289 2970 suerint,
1313 2888 1349 2952 et
1375 2884 1417 2951 de
1445 2902 1567 2952 omnes
1594 2901 1716 2954 vrnum
1747 2891 1783 2954 et
1809 2904 1915 2974 poma
1938 2893 1974 2956 et
1996 2885 2160 2956 abellane

173 3084 181 3101 .
305 3029 530 3118 aliorumque
553 3034 720 3102 arborum
744 3034 864 3121 fruges
888 3035 1054 3122 indeque,
1079 3054 1169 3121 quas
1195 3036 1277 3102 inde
1300 3037 1459 3122 exierit,
1484 3037 1609 3105 inolita
1632 3037 1821 3107 medietate
1847 3039 1968 3126 ibique
1992 3039 2077 3108 inde
2100 3041 2160 3108 do·

301 3201 380 3252 mus
408 3185 446 3251 in
470 3203 554 3272 pars
579 3185 693 3272 ipsius
716 3185 876 3274 ecclesie,
900 3195 938 3255 et
961 3186 1103 3273 reliqua
1126 3187 1314 3257 medietate
1338 3207 1403 3257 nos
1417 3191 1587 3258 abeamus
1611 3209 1674 3276 per
1698 3195 1831 3278 partes,
1849 3192 2052 3261 faciendum
2069 3197 2160 3282 quod

306 3327 548 3398 boluerimus:
573 3333 714 3397 tentum
738 3328 782 3397 de
806 3330 881 3417 ipso
904 3331 1026 3397 vinum
1043 3331 1156 3414 ipsius
1180 3329 1342 3418 ecclesie,
1366 3349 1407 3400 oc
1431 3334 1526 3401 inter
1550 3350 1614 3398 nos
1638 3333 1747 3408 stetit,
1775 3351 1883 3421 usque
1908 3353 1977 3422 quo
2002 3354 2100 3405 nos..
2122 3386 2157 3406 ..

302 3483 429 3558 tanoni
451 3465 658 3550 comitatum
682 3483 843 3568 nucerio,
868 3480 962 3550 sicut
986 3479 1089 3548 modo
1112 3482 1287 3569 retinunt,
1311 3483 1421 3552 deant
1444 3485 1546 3552 nobis
1570 3502 1654 3571 pars
1678 3485 1791 3570 ipsius
1822 3485 1971 3553 ecclesio
1997 3504 2157 3573 organea

304 3630 349 3744 da
373 3634 497 3703 vinum
521 3634 566 3702 ad
590 3652 677 3705 oasa
699 3640 822 3704 nostra
846 3636 889 3704 de
914 3637 989 3721 ipso
1013 3635 1128 3705 locum
1152 3638 1300 3705 nucerio
1323 3637 1361 3704 in
1387 3639 1466 3722 ipsa
1490 3642 1609 3726 rebus,
1626 3637 1688 3708 ubi
1715 3641 1815 3707 modo
1838 3642 2108 3732 abitaberlmus,
2126 3648 2162 3712 et

306 3787 380 3857 illis
405 3792 483 3878 ipsa
506 3811 664 3880 organea
690 3793 784 3860 bona
811 3791 1037 3876 condamus,
1062 3795 1098 3858 et
1120 3792 1325 3870 audiemus,
1349 3797 1385 3860 et
1408 3810 1619 3878 reponamus
1646 3793 1683 3860 in
1714 3792 1791 3881 ipsa
1822 3813 1914 3896 oasa
1930 3801 2055 3864 nostra
2078 3796 2158 3884 ipsa
2179 3763 2199 3769 γ’

304 3963 464 4032 organea
488 3965 569 4013 oum
595 3945 670 4031 ipso
694 3945 819 4013 vinum
844 3943 956 4030 ipsius
978 3945 1139 4032 ecclesie,
1163 3949 1198 4014 et
1221 3945 1395 4014 iaciamus
1419 3947 1627 4016 annualiter
1652 3947 1732 4050 illut
1756 3946 1916 4034 salbum,
1941 3949 2052 4017 donee
2077 3969 2164 4036 pars

305 4098 419 4185 ipsius
445 4055 700 4168 eeclesiaillut
723 4099 806 4167 inde
829 4098 938 4168 tollad
962 4100 1095 4186 absque
1118 4099 1396 4186 degeneratione
1419 4105 1455 4168 et
1480 4097 1616 4190 ingne;
1641 4105 1676 4169 et
1700 4099 1730 4166 si
1753 4100 1813 4168 dei
1838 4100 1948 4169 fuerit
1971 4102 2162 4191 uoluntas,

309 4257 350 4322 ut
373 4254 565 4323 normanni
590 4271 661 4324 non
687 4300 995 4321 .........
1031 4252 1068 4320 in
1093 4257 1299 4324 comitatum
1324 4253 1403 4341 ipsa
1430 4258 1528 4324 terra
1555 4255 1729 4335 nuceria,
1755 4255 1974 4323 sicutmodo
2006 4257 2162 4344 retinet,

307 4408 430 4476 statim
455 4407 629 4478 faciamus
652 4407 693 4474 in
718 4407 796 4495 ipsa
818 4406 981 4492 predicta
1004 4407 1110 4474 rebus
1137 4407 1248 4493 ipsius
1270 4407 1498 4474 ecclesianos
1515 4405 1674 4476 iamdicti
1700 4412 1816 4476 mater
1830 4412 1867 4477 et
1882 4409 1978 4477 filius
2001 4429 2078 4477 oum
2094 4412 2164 4498 ipsi

306 4560 371 4628 alii
393 4561 594 4637 ominibus,
619 4563 682 4647 qui
706 4561 749 4628 de
772 4563 851 4646 ipsa
875 4561 980 4627 rebus
1009 4561 1191 4639 tenuerit,
1217 4580 1302 4631 oasa
1330 4564 1424 4632 bona
1452 4562 1552 4632 clusa
1584 4581 1665 4631 oum
1694 4563 1829 4632 tabulis
1854 4569 1891 4633 et
1914 4570 2057 4652 roperta
2081 4584 2165 4634 cunr

308 4711 476 4783 scandole
498 4716 601 4800 bone,
627 4716 721 4783 siout
744 4715 940 4800 meruerit,
969 4717 1006 4779 et
1028 4729 1165 4799 semper
1190 4713 1291 4784 elusa
1314 4720 1350 4785 et
1374 4721 1519 4802 roperta
1542 4719 1636 4786 bona
1660 4717 1759 4787 illam
1783 4718 1975 4805 abeamus,
2003 4721 2039 4786 et
2062 4721 2166 4806 orga-

197 4969 202 4978 .
307 4884 380 4936 nea
404 4867 517 4956 ipsius
540 4865 686 4936 ecclesie
711 4885 791 4935 rum
809 4869 885 4954 ipso
902 4865 1039 4952 vinum,
1065 4867 1160 4953 quod
1184 4868 1316 4938 exierit
1339 4869 1382 4938 de
1406 4871 1485 4958 ipsa
1509 4871 1736 4958 mediatione,
1755 4891 1895 4959 semper
1919 4873 1967 4940 ibi
1992 4889 2166 4960 ponamus

309 5026 347 5091 et
369 5023 540 5092 abeamus
563 5021 714 5110 salbum,
738 5023 831 5092 sicut
854 5019 1092 5108 prediximus,
1117 5020 1335 5110 annualiter,
1356 5023 1572 5096 doneoillut
1588 5027 1671 5096 inde
1688 5027 1818 5097 tollant
1839 5031 1876 5096 et
1892 5025 1975 5095 talis
1991 5025 2040 5094 sit
2056 5043 2165 5112 gran·
2222 5021 2223 5024 ’

310 5175 354 5244 de
378 5175 459 5264 ipsa
483 5194 568 5245 oasa
590 5195 653 5263 per
677 5193 742 5243 nos
766 5175 816 5244 ibi
840 5175 957 5260 facta,
985 5179 1027 5243 ut
1049 5173 1234 5242 cellarium
1263 5175 1307 5244 de
1331 5176 1408 5264 ipso
1434 5176 1554 5244 binum
1582 5195 1754 5265 reponere
1779 5196 1961 5265 possamus
1985 5179 2035 5248 ibi
2060 5181 2167 5250 abore

309 5349 381 5420 que
403 5331 447 5400 de
472 5329 681 5418 supradicta
707 5328 902 5399 traditione
925 5329 1071 5417 exierit,
1095 5330 1204 5399 etiam
1228 5335 1269 5398 ut
1291 5335 1436 5417 pussant
1459 5331 1509 5398 ibi
1539 5331 1744 5420 alipergare
1770 5329 1797 5418 ¹)
1820 5333 1896 5419 ipse
1919 5333 2031 5403 abbas
2053 5351 2169 5424 quan·

351 5833 375 5914 ¹)
397 5833 606 5914 alipergar03
629 5830 763 5894 morari.

465 6016 536 6074 τοι.
557 6027 598 6072 rr.
682 6039 684 6042 ·
