5402 7088
584 496 633 580 40
1225 497 1408 571 CODEX
1440 494 1704 572 CAVENSIS

532 733 651 818 reant;
676 733 712 800 et
734 748 813 798 cum
838 729 1015 800 vindemie
1037 733 1174 817 tempus
1196 728 1320 816 fuerit,
1344 727 1480 798 iaciant
1503 725 1575 798 illis
1599 725 1654 794 vel
1677 724 1754 793 suis
1770 723 1934 794 eredibus
1950 741 2005 792 me
2027 721 2083 792 vel
2098 739 2184 810 pars
2201 721 2314 812 ipsius
2329 741 2395 795 ee·

530 884 639 955 clesie
663 883 770 973 scire,
794 887 834 952 ut
858 883 1057 972 dirigamus
1079 883 1210 953 ibidem
1233 881 1379 951 missum
1403 883 1537 967 noster,
1561 881 1598 948 et
1621 876 1693 946 illis
1715 875 1771 945 vel
1794 877 1870 945 suis
1891 873 2056 945 eredibus
2085 877 2201 978 totum
2225 874 2302 962 ipso
2325 894 2393 946 ar-

509 1038 673 1128 bustum
697 1035 957 1106 vindemiarent
989 1040 1026 1106 et
1055 1039 1168 1105 totum
1203 1036 1278 1122 ipso
1309 1033 1433 1102 vinum
1467 1029 1588 1118 ibique
1622 1028 1667 1098 ad
1702 1028 1922 1116 palmentum
1943 1025 2041 1108 ¹inter
2064 1043 2128 1094 nos
2151 1026 2380 1097 dividamus:

531 1193 607 1280 ipso
630 1191 775 1260 missum
798 1194 960 1258 nostrum
982 1191 1085 1259 tollat
1108 1189 1183 1275 ipso
1206 1189 1330 1256 vinum
1353 1186 1592 1271 medietatem,
1608 1188 1644 1252 et
1666 1181 1738 1251 illis
1764 1141 1818 1252 vel
1843 1182 1918 1250 suis
1933 1181 2099 1251 eredibus
2115 1180 2221 1250 tollat
2236 1181 2389 1270 reliqua

530 1341 735 1428 medietate,
758 1343 795 1408 et
818 1343 897 1427 ipsa
918 1342 1041 1409 nostra
1065 1337 1267 1438 medietate,
1293 1337 1336 1406 de
1360 1338 1436 1425 ipso
1459 1336 1583 1403 vinum
1606 1333 1693 1420 illis,
1710 1335 1767 1402 vel
1789 1335 1866 1403 suis
1881 1333 2061 1422 eredibus,
2078 1333 2253 1403 adducere
2277 1351 2394 1420 usque

530 1490 577 1560 ad
598 1490 757 1578 cellario,
781 1491 874 1578 quod
898 1491 976 1578 ipsa
998 1489 1150 1560 ecclesia
1175 1493 1257 1560 abet
1280 1491 1320 1557 in
1343 1490 1465 1558 eodem
1488 1486 1562 1556 loco
1585 1487 1731 1555 nucerie
1748 1506 1770 1555 a
1786 1484 1813 1552 li
1829 1486 1953 1574 parili,
1977 1489 2014 1554 et
2037 1489 2216 1572 reponant
2239 1483 2321 1556 illut
2345 1487 2386 1555 in

529 1661 725 1730 organeum
748 1643 840 1730 quod
863 1661 986 1712 eorum
1009 1642 1354 1731 adsingnaberimus,
1372 1647 1407 1710 et
1425 1641 1503 1728 ipsu
1529 1660 1724 1729 organeum
1749 1659 1812 1728 per
1829 1639 1902 1708 illis
1924 1641 1997 1708 siat
2020 1641 2153 1708 bonum
2177 1639 2386 1708 conciatum

531 1797 570 1862 et
593 1794 804 1883 studiatum3
831 1799 868 1864 et
892 1794 976 1863 dum
1000 1793 1130 1862 ibidem
1154 1792 1292 1862 steterit
1309 1793 1385 1880 ipso
1408 1793 1571 1878 missum,
1590 1792 1662 1860 illis
1686 1811 1765 1861 eum
1782 1795 1919 1862 notrire
1941 1792 2136 1862 secundum
2152 1792 2295 1859 illorum
2311 1809 2389 1879 pos·

529 1946 763 2027 sivilitatem‚
795 1954 831 2018 et
857 1949 890 2016 si
915 1948 1046 2017 ibidem
1075 1965 1177 2016 ccum
1208 1947 1434 2034 abuerimus,
1467 1945 1540 2014 illis
1570 1947 1624 2015 vel
1648 1948 1726 2014 suis
1755 1946 1922 2016 eredibus
1947 1947 2075 2016 darent
2103 1947 2136 2014 ei
2167 1945 2394 2016 manducare

529 2102 617 2171 erbe
640 2106 678 2170 et
704 2101 806 2188 palea
829 2105 865 2170 et
880 2101 1037 2188 ordeum,
1061 2101 1145 2169 dum
1169 2100 1218 2168 ibi
1235 2101 1386 2187 steterit,
1410 2105 1450 2168 ut
1472 2047 1666 2186 sufficiant,
1682 2103 1718 2168 et
1732 2099 1862 2169 darent
1886 2101 1988 2167 nobis
2004 2099 2271 2187 palmentatico,
2290 2099 2383 2169 sicut

529 2250 719 2336 meruerit,
744 2255 780 2319 et
802 2269 871 2337 que
888 2251 1014 2320 amodo
1040 2257 1077 2320 et
1091 2271 1228 2339 semper
1252 2252 1382 2320 ibidem
1407 2253 1683 2338 seminaberint,
1709 2252 1818 2321 deant
1833 2253 1936 2321 nobis
1951 2249 2006 2321 vel
2029 2253 2075 2323 ad
2092 2272 2175 2340 pars
2199 2253 2312 2342 ipsius
2328 2272 2386 2324 ec·

531 2402 643 2480 clesie
666 2403 877 2472 terraticum
900 2404 1409 2472 secundumconsuetudinem
1433 2403 1475 2472 de
1500 2407 1574 2490 ipso
1596 2404 1736 2492 locum3
1761 2409 1798 2476 et
1821 2408 1928 2493 quale
1952 2411 2109 2494 tempore
2133 2407 2205 2475 illis
2229 2408 2282 2476 vel
2305 2408 2384 2476 suis

530 2553 699 2622 eredibus
724 2554 803 2640 ipsa
825 2552 1183 2623 tradictionetenere
1205 2559 1241 2624 et
1266 2556 1430 2625 laborare
1455 2575 1527 2624 non
1550 2555 1757 2646 doluerint,
1788 2559 1862 2628 illis
1885 2561 1943 2629 vel
1965 2562 2040 2652 suis
2063 2561 2229 2630 eredibus
2254 2559 2383 2630 inclita

531 2707 615 2795 ipsa
639 2707 856 2776 tradictione
882 2707 1043 2778 lavorata
1066 2709 1103 2774 et
1129 2707 1278 2795 cultata,
1301 2715 1352 2794 et,
1377 2711 1439 2776 ubi
1463 2713 1652 2797 meruerit,
1676 2709 1776 2781 clusa
1798 2713 1985 2782 remittant
2007 2712 2052 2782 ad
2075 2716 2248 2799 potestate
2272 2711 2385 2800 ipsius

531 2863 696 2933 ecclesie.
724 2859 817 2931 unde
840 2883 904 2951 pro
928 2863 1054 2932 taliter
1078 2863 1145 2952 ipsi
1169 2865 1332 2951 germani
1357 2883 1420 2950 per
1443 2864 1693 2933 convenientia
1717 2866 1988 2951 periussionem
2012 2865 2125 2952 ipsius
2148 2863 2269 2934 abbati
2294 2885 2385 2954 gua·

535 3017 600 3088 dia
623 3018 712 3085 mihi
737 3019 801 3104 qui
830 3035 939 3103 supra
961 3017 1125 3086 musandi
1155 3015 1302 3086 diacono
1332 3017 1528 3106 dederunt,
1552 3023 1588 3088 et
1611 3011 1841 3088 mediatorem
1865 3019 1954 3086 mihi
1978 3019 2096 3104 posuit
2118 3017 2171 3086 leo
2194 3019 2287 3087 filius
2311 3017 2390 3086 ursi

506 3171 720 3264 ‚gaudiosi3
746 3177 781 3240 et
805 3190 868 3257 per
891 3171 969 3260 ipsa
993 3171 1129 3258 guadia
1153 3172 1407 3258 obligaberunt
1431 3191 1469 3240 se
1492 3176 1528 3240 et
1552 3173 1626 3240 suis
1659 3171 1838 3240 eredibus
1864 3171 1961 3247 Quod
1985 3173 2015 3240 si
2039 3171 2163 3241 taliter
2186 3171 2306 3243 omnia
2322 3137 2392 3241 'su-

533 3325 738 3411 prascripta
761 3323 862 3412 mihi,
892 3325 946 3392 vel
970 3325 1016 3393 ad
1040 3342 1123 3412 pars
1146 3319 1258 3412 ipsius
1281 3324 1450 3412 ecclesie,
1475 3343 1546 3392 non
1570 3323 1820 3412 adimpleverit
1842 3327 1879 3393 et
1900 3322 2030 3411 aliquit
2054 3325 2135 3394 inde
2159 3325 2394 3395 contradixe-

403 3543 405 3548 .
532 3478 609 3564 rit,
638 3483 726 3546 tunc
748 3496 810 3564 per
833 3470 1093 3546 comvenientia
1115 3495 1177 3564 per
1201 3476 1279 3564 ipsa
1306 3478 1442 3564 guadia
1471 3497 1681 3576 componere
1714 3455 1964 3566 obligaverunt
1994 3497 2032 3549 se
2056 3483 2093 3550 et
2116 3481 2191 3550 suis
2214 3479 2383 3549 eredibus

533 3631 636 3710 mihi,
655 3631 709 3698 vel
735 3631 780 3701 ad
803 3650 887 3719 pars
910 3632 1022 3720 ipsius
1045 3630 1204 3718 ecclesie,
1221 3630 1355 3719 biginti
1372 3633 1454 3700 auri
1477 3630 1579 3700 solidi
1602 3630 1835 3720 constantini,
1851 3632 1944 3720 quod
1959 3632 2087 3720 scripsi
2102 3651 2168 3722 ego
2192 3631 2386 3704 radoaldus

534 3787 710 3856 notarius.

579 3910 611 4028 †
636 3941 707 4021 Ego
730 3937 914 4026 iaquintus

579 4064 611 4180 †
634 4093 709 4180 Ego
732 4093 917 4179 iaquintus
939 4093 1100 4162 notarius
1123 4112 1179 4162 me
1200 4090 1411 4178 subscripsi.

1251 4550 1673 4633 DGGCXCVIII.

1268 4901 1271 4907 ¹
1308 4814 1366 4902 A·
1394 4813 1449 4887 D.
1476 4811 1603 4888 1035.

581 5049 617 5188 †
642 5103 681 5166 ln
706 5099 849 5169 nomine
870 5100 1005 5168 domini
1029 5099 1312 5186 septimodecimo
1334 5099 1361 5186 Ι)
1384 5117 1480 5168 anno
1502 5098 1724 5185 principatus
1746 5097 1866 5167 domni
1890 5095 2002 5166 nostri
2026 5095 2208 5184 guaimari
2232 5094 2384 5183 gloriosi

533 5253 719 5342 principis,
744 5272 864 5323 mense
887 5257 1089 5342 nobember,
1113 5257 1240 5340 quarta
1264 5252 1470 5320 indictione.
1489 5249 1636 5319 Declaro
1652 5267 1717 5338 ego
1731 5248 1952 5336 grimoaldus
1968 5247 2103 5317 domini
2120 5247 2244 5335 gratia
2260 5248 2380 5317 archi·

534 5409 718 5495 episcopus
735 5411 858 5476 sancte
874 5407 968 5475 sedis
983 5402 1310 5490 archiepiscopatus
1325 5401 1556 5489 salernitano,
1581 5402 1752 5489 quoniam
1770 5401 1915 5471 iannaci
1930 5399 2138 5471 atrianense
2154 5399 2250 5469 lilius
2266 5416 2387 5487 quon*

535 5634 960 5652 Ἠ

579 5785 601 5866 ¹)
623 5787 736 5864 Lege:
758 5785 882 5848 decimo
903 5793 1025 5848 octavo.
