5408 7108
1253 479 1429 560 donax
1464 479 1732 558 cavensis

1417 917 1547 1000 MV.

1727 1039 1739 1088 r

1339 1214 1397 1288 A.
1424 1215 1479 1290 D.
1508 1213 1640 1290 1042·
1678 1289 1683 1298 .

608 1472 639 1588 †
664 1501 704 1568 ln
726 1497 871 1571 nonline
894 1501 1028 1570 domini
1053 1502 1221 1571 vicesimo
1243 1509 1371 1590 quarto
1392 1520 1487 1573 anno
1502 1503 1725 1592 principatus
1740 1502 1873 1574 salerni
1888 1489 2007 1572 domni
2024 1502 2138 1572 nostri
2155 1499 2350 1590 guaimari,
2374 1505 2414 1571 ct

563 1654 693 1738 quarto
717 1670 812 1720 anno
830 1652 1061 1764 principatus
1085 1655 1162 1725 eius
1185 1673 1297 1742 capue
1319 1659 1355 1723 et
1377 1655 1528 1724 ducatus
1551 1653 1649 1722 illius
1667 1655 1802 1741 amalfi,
1818 1658 1855 1723 et
1870 1653 1976 1724 tertio
1988 1643 2015 1739 ¹)
2030 1671 2126 1724 anno
2141 1654 2293 1723 ducatus
2310 1652 2408 1722 illius

564 1804 772 1892 sirrentum,
789 1808 825 1873 et
841 1804 957 1892 primo
972 1822 1067 1874 anno
1083 1777 1307 1893 principatus
1320 1806 1440 1874 domni
1457 1807 1569 1873 nostri
1586 1804 1703 1893 gisolfi
1719 1807 1796 1874 eius
1814 1804 1880 1874 filii
1898 1804 2134 1894 gloriosorum
2152 1779 2356 1893 principum
2372 1809 2409 1876 et
2479 1843 2490 1872 ·

562 1958 887 2044 suprascriptorum
903 1959 1047 2026 eximiis
1063 1958 1177 2046 ducis,
1193 1975 1313 2027 mense
1336 1963 1525 2045 augustus,
1543 1956 1681 2027 decima
1699 1959 1905 2052 indictione.
1925 1957 2215 2032 Memoratcrium
2231 1955 2366 2026 lactum
2389 1977 2413 2028 a

562 2127 619 2176 me
643 2108 817 2179 iohannes
841 2112 885 2180 de
903 2111 1017 2180 locum
1032 2111 1181 2181 nuceria
1206 2112 1279 2180 filio
1302 2111 1480 2198 quondam
1503 2111 1616 2180 alfani
1643 2111 1704 2197 qui
1730 2111 1797 2179 fuit
1819 2128 1951 2198 genero
1968 2113 2005 2180 et
2020 2109 2172 2179 filiastro
2191 2109 2355 2197 faroaldi,
2371 2127 2413 2179 eo

566 2262 663 2349 quod
686 2268 770 2332 ante
793 2264 984 2352 subscripti
1011 2265 1147 2334 idoneis
1170 2265 1306 2332 omines
1323 2283 1385 2352 per
1402 2264 1665 2333 combenienlia
1682 2265 1727 2333 ad
1745 2264 1938 2334 tenendum
1955 2268 1992 2333 et
2008 2263 2243 2333 lavorandum
2259 2263 2413 2335 tradide-

560 2423 649 2487 runt
666 2418 777 2488 michi
795 2420 899 2487 lando
915 2425 951 2488 et
967 2420 1140 2490 iohannes
1152 2421 1353 2507 comitibus,
1371 2420 1534 2508 germani
1551 2419 1619 2488 filii
1636 2420 1813 2508 quondam
1826 2421 1917 2516 petri
1935 2417 2071 2507 comiti,
2087 2419 2130 2488 de
2147 2422 2253 2490 rebus
2267 2419 2412 2488 illorum
2439 2491 2447 2506 ⁸

562 2590 636 2642 una
653 2573 754 2658 pecia
771 2575 813 2642 de
828 2578 925 2642 terra
938 2591 1016 2648 cum
1041 2575 1228 2641 arbustum
1252 2574 1401 2642 vitatum
1418 2570 1512 2658 quod
1529 2576 1638 2644 habet
1656 2574 1694 2642 in
1714 2575 1911 2662 predictum
1929 2575 2043 2642 locum
2059 2575 2221 2662 nucerio,
2244 2573 2306 2642 ubi
2322 2574 2413 2645 mal·

561 2725 641 2794 luni
658 2726 794 2794 dicitur
811 2745 834 2795 a
850 2727 974 2795 subtus
997 2731 1032 2794 et
1055 2717 1262 2794 coniuntum
1287 2727 1326 2794 in
1351 2726 1426 2812 ipso
1450 2731 1566 2796 monte
1585 2729 1700 2796 sancti
1720 2728 1836 2814 cirici,
1854 2730 1915 2794 ubi
1933 2727 2034 2795 modo
2052 2744 2154 2795 rocoa
2171 2731 2225 2795 est
2240 2725 2341 2794 modo
2356 2725 2413 2795 in·

561 2881 658 2946 cella
673 2879 712 2964 ²),
726 2897 806 2964 ,que
823 2881 878 2946 est
901 2878 978 2964 ipsa
1001 2879 1105 2946 rebus
1121 2897 1184 2964 per
1207 2895 1247 2947 as
1263 2879 1363 2946 fines:
1382 2899 1404 2948 a
1421 2885 1523 2965 parte
1540 2841 1689 2949 meridie
1706 2880 1776 2950 fine
1793 2881 1851 2949 via
1868 2881 2036 2969 puplica:
2053 2901 2075 2952 a
2092 2885 2193 2969 parte
2216 2880 2411 2950 occidentis

560 3031 632 3099 fine
656 3005 779 3100 nostra
801 3036 837 3100 et
859 3031 902 3099 de
926 3035 1103 3100 consortes
1126 3037 1279 3100 nostros:
1306 3032 1476 3118 desuper
1501 3053 1522 3101 a
1547 3039 1648 3120 parte
1670 3035 1935 3106 sebtembrionis
1959 3035 2030 3104 tine
2060 3033 2218 3122 ipsorum
2244 3032 2407 3103 iamdicti

560 3181 724 3270 germani
748 3185 785 3250 et
807 3181 1017 3250 comitibus:
1043 3200 1065 3250 a
1089 3181 1362 3270 parte·orientis
1384 3183 1455 3252 fine
1479 3184 1571 3271 petri
1595 3185 1717 3254 clerici
1740 3189 1776 3255 et
1799 3187 1935 3272 abbati,
1960 3185 2053 3254 sicut
2076 3184 2160 3253 inde
2183 3185 2302 3253 media
2325 3202 2410 3272 sepe

525 3349 528 3354 ’
560 3335 733 3405 discernit
749 3353 860 3429 usque
877 3341 915 3408 in
940 3337 1016 3430 ipsa
1034 3329 1201 3406 iamdicta
1216 3337 1275 3406 via
1291 3339 1456 3425 pubplica
1472 3341 1593 3426 priora
1610 3339 1692 3406 flue.
1713 3339 1755 3406 de
1768 3356 1808 3406 ec
1822 3355 1905 3407 vero
1918 3340 2023 3406 rebus
2038 3357 2120 3406 cum
2135 3337 2291 3408 arbustis
2314 3337 2407 3426 qnod

560 3489 732 3578 diximus,
749 3513 812 3580 per
835 3495 1020 3564 iamdictas
1043 3493 1127 3561 finis
1149 3511 1228 3560 cum
1252 3493 1372 3560 omnia
1397 3493 1491 3562 inira
1508 3511 1544 3560 se
1562 3494 1751 3562 ababtibus
1771 3497 1807 3562 et
1822 3495 1897 3561 suis
1916 3491 2146 3580 pertinentiis
2162 3512 2243 3561 cum
2268 3492 2347 3562 vice
2366 3493 2410 3563 de

560 3647 621 3715 via
636 3665 702 3717 sua
718 3648 843 3717 inolita
867 3648 1036 3716 medietas
1061 3667 1083 3716 a
1108 3666 1198 3734 pars
1220 3647 1372 3715 orientis
1395 3666 1495 3715 secus
1521 3647 1592 3714 tine
1622 3604 1772 3734 predicti
1803 3648 1896 3733 petri
1920 3647 2042 3715 clerici
2066 3651 2102 3715 et
2125 3649 2247 3716 abbati
2273 3649 2404 3718 exinde

559 3799 669 3868 michi
694 3798 761 3886 ipsi
785 3800 931 3886 predicti
950 3799 1054 3868 lando
1079 3804 1114 3867 et
1138 3795 1315 3867 ioba'nnes
1339 3800 1502 3884 germani
1527 3798 1572 3868 ad
1591 3799 1782 3866 tenendum
1804 3802 1841 3867 et
1866 3797 2099 3868 lacerandum
2118 3799 2344 3906 tradiderunt
2367 3801 2407 3870 in

462 3927 466 3934 ¹
560 3967 601 4018 oc
618 3952 763 4038 ordine,
787 3919 827 4019 ut
848 3951 971 4020 amodo
995 3953 1035 4042 et
1054 3968 1191 4036 semper
1215 3954 1290 4024 tota
1320 3959 1357 4018 et
1380 3950 1505 4018 inclita
1530 3951 1602 4036 ipsa
1627 3950 1841 4036 supradicta
1865 3954 1918 4018 est
1941 3947 2109 4018 tradictio
2133 3949 2178 4018 ad
2205 3967 2282 4020 mea
2305 3954 2342 4019 et
2366 3949 2411 4020 dc

465 4155 470 4170 .
561 4106 650 4174 meis
672 4054 835 4173 eredibus
857 4105 904 4172 sit
927 4108 1098 4190 potestate
1122 4109 1244 4172 tenere
1267 4108 1303 4172 et
1324 4095 1540 4190 dominare,
1565 4107 1601 4171 et
1625 4102 1722 4171 iobee
1754 4106 1790 4170 et
1820 4103 1934 4170 omnis
1965 4105 2085 4172 nostre
2109 4101 2282 4172 utilitatis
2310 4102 2407 4173 iusta

560 4258 701 4326 ratione
720 4259 769 4326 ibi
787 4259 914 4344 lacere,
939 4231 974 4329 et
997 4280 1020 4329 a
1043 4257 1416 4366 presentistaciamus
1438 4257 1570 4328 ibidem
1596 4273 1706 4324 unum
1729 4255 1920 4340 aeplictum
1944 4253 1986 4324 dc
2003 4275 2087 4324 casa
2103 4256 2249 4343 lignilia
2278 4275 2408 4326 vonum

559 4409 696 4520 clusum
719 4415 754 4479 et
777 4381 1110 4499 coopertum,·sicut
1137 4408 1337 4497 meruerit,
1362 4414 1397 4478 ct
1419 4415 1493 4478 tota
1516 4411 1594 4497 ipsa
1616 4411 1864 4496 suprascripta
1888 4387 2057 4478 tiadictic
2080 4413 2159 4478 acto
2183 4413 2340 4497 tempore
2363 4409 2411 4480 de

558 4585 664 4655 super
687 4571 722 4658 et
746 4567 788 4635 de
812 4570 937 4636 subtus
959 4567 1042 4637 illut
1066 4568 1272 4636 lavoremus
1295 4569 1332 4634 et
1354 4563 1528 4632 cultemus
1551 4568 1587 4631 et
1610 4562 1808 4630 studiemus
1832 4577 1962 4630 vonum
1984 4565 2032 4650 et,
2050 4562 2111 4630 nbi
2136 4561 2324 4650 meruerit,
2349 4583 2406 4634 ar·

559 4723 661 4790 bores
692 4725 729 4790 et
753 4723 844 4789 vites
867 4720 999 4787 ibidem
1022 4719 1225 4807 plantemus
1248 4722 1285 4786 et
1313 4717 1590 4806 propaginemus
1619 4719 1655 4786 et
1685 4733 1875 4804 surgamus
1907 4715 2011 4803 illut,
2046 4717 2140 4784 sicut
2175 4696 2346 4786 meruerit
2370 4717 2409 4786 in

559 4833 635 4960 ipso
658 4876 784 4961 locum,
810 4879 849 4943 ut
871 4891 998 4941 vonum
1022 4875 1149 4960 pareat
1172 4869 1379 4942 annualiter
1403 4869 1602 4939 lavoratum
1626 4875 1661 4938 et
1685 4859 1859 4938 cultatum
1883 4869 2048 4958 desuper
2071 4873 2109 4939 et
2124 4869 2167 4938 de
2190 4872 2314 4939 subtus
2330 4875 2407 4941 tota

558 5027 636 5113 ipsa
658 5027 901 5112 suprascripta
923 5023 1103 5110 tradictio,
1130 5028 1170 5092 ut
1194 5023 1233 5090 in
1257 5021 1384 5092 melius
1407 5021 1598 5108 proficiant
1620 5025 1655 5090 et
1678 5038 1750 5088 non
1774 5021 2000 5107 dispereant,
2024 5025 2058 5088 et
2087 5021 2223 5091 salbum
2248 5021 2330 5090 illut
2355 5022 2410 5092 la·

562 5333 985 5357 *ιώ-

600 5624 622 5702 ¹)
643 5567 753 5700 Lege:
778 5625 906 5702 quarto.

599 5769 622 5850 ²)
645 5767 773 5831 lucello
786 5802 826 5814 -
843 5767 989 5848 incepta.
