5456 7096
1026 509 1428 585 DlPLOMATICUS
2039 511 2106 584 tte

300 735 368 804 rie:
394 753 417 804 a
440 753 523 822 pars
547 733 741 804 occidentis
763 735 834 803 fine
856 738 978 803 nostra
1000 737 1036 803 et
1059 734 1131 803 fine
1152 736 1265 821 ipsius
1289 733 1434 804 landoni
1458 737 1532 803 thio
1556 739 1687 823 nostro,
1703 738 1785 806 abet
1803 736 1886 804 inde
1901 736 1995 824 pessi
2013 736 2152 824 biginti

302 889 382 957 duo:
408 908 431 958 a
454 908 538 976 pars
564 888 713 958 meridie
735 889 808 959 fine
830 895 965 976 nostra,
989 889 1070 958 abet
1093 888 1175 956 inde
1198 891 1292 974 passi
1318 887 1482 956 undecim
1506 887 1625 956 minus
1647 890 1823 977 gubitum,
1841 891 1878 958 et
1895 888 2097 957 rebolbente
2116 889 2154 957 in

303 1061 387 1128 pers
411 1041 675 1128 septemtrionis
697 1043 792 1127 pessi
818 1041 1009 1128 quadtuor‚
1032 1042 1069 1108 et
1093 1038 1293 1108 rebolbente
1316 1040 1411 1106 iuste
1433 1039 1503 1106 fine
1527 1039 1639 1125 ipsius
1669 1039 1816 1107 landoni
1851 1039 1927 1108 thio
1961 1043 2082 1110 nostro
2117 1043 2157 1110 in

304 1212 390 1280 pars
412 1195 561 1263 orientis
582 1193 677 1281 passi
703 1193 861 1282 triginta
884 1212 951 1262 sex
973 1197 1009 1261 et
1031 1192 1196 1262 medium:
1221 1213 1244 1261 a
1267 1209 1349 1278 pars
1372 1189 1522 1258 orientis
1544 1191 1614 1260 fine
1646 1191 1859 1261 carbonario
1881 1193 1942 1278 qui
1967 1195 2081 1261 totum
2104 1195 2175 1262 est

305 1345 348 1414 de
372 1347 442 1416 ista
465 1351 570 1415 sorte:
596 1365 618 1414 a
642 1365 726 1432 pars
750 1345 1013 1433 septemtrionis
1037 1344 1108 1411 fine
1134 1348 1211 1431 ipsa
1234 1343 1295 1411 bia
1318 1359 1479 1429 comune3
1503 1341 1577 1410 alie
1599 1345 1700 1428 pecie
1722 1343 1765 1412 de
1788 1345 1889 1412 terra
1911 1362 1980 1430 que
2008 1347 2061 1412 est
2083 1361 2160 1413 sor-

305 1497 402 1566 tione
426 1496 537 1584 ipsius
561 1497 705 1566 landoni
730 1499 869 1585 comiti,
887 1475 940 1565 est
957 1515 1020 1586 per
1042 1500 1125 1566 finis
1150 1507 1185 1565 et
1208 1495 1399 1563 mensurie:
1428 1514 1451 1564 a
1475 1511 1559 1581 pars
1583 1493 1846 1579 septemtrionis
1870 1495 1941 1562 fine
1963 1493 2076 1563 limite
2095 1493 2158 1580 qui

307 1657 363 1720 est
386 1651 481 1720 iusto
505 1650 614 1737 pullo,
639 1651 722 1718 inde
746 1655 830 1718 sunt
854 1651 949 1737 passi
974 1655 1116 1720 centurn
1141 1651 1398 1738 quadraginta,
1422 1648 1551 1719 abinde
1574 1653 1710 1717 rectum
1739 1649 1971 1718 descendente
2003 1649 2042 1716 in
2075 1666 2159 1735 pars

306 1803 469 1890 meridie,
494 1805 585 1871 sicut
608 1803 847 1871 terminatum
871 1806 926 1870 est
949 1806 985 1870 et
1008 1803 1248 1889 coniungente
1272 1803 1310 1870 in
1334 1808 1490 1890 pantano
1514 1803 1557 1871 de
1579 1803 1785 1872 tammarioi
1810 1809 1845 1871 et
1869 1803 1999 1872 abinde
2023 1807 2161 1870 rectum

309 1961 481 2042 pergente
504 1958 543 2022 in
567 1973 651 2042 pars
675 1955 873 2024 occidentis
898 1953 993 2023 iusta
1016 1953 1197 2022 comunali
1222 1959 1257 2022 et
1280 1955 1407 2023 limite:
1433 1974 1456 2024 a
1479 1974 1562 2041 pars
1584 1955 1776 2023 occidentis
1798 1955 1868 2024 fine
1901 1956 1978 2042 ipsa
2005 1953 2162 2021 sortione
2231 2058 2233 2062 Ι

308 2106 459 2193 predicti
485 2107 631 2174 landoni
655 2108 731 2174 thio
755 2111 887 2202 nostro,
910 2106 1003 2174 sicut
1026 2108 1257 2176 terminatum
1281 2114 1345 2176 est.
1371 2107 1453 2176 Alia
1477 2109 1578 2194 pecie
1600 2107 1643 2176 de
1668 2111 1767 2175 terra
1780 2156 1790 2194 ,
1829 2107 1921 2192 quod
1958 2107 2033 2192 ipse
2056 2103 2163 2173 lando

311 2277 426 2327 comes
449 2261 582 2328 retinet
606 2279 669 2346 pro
692 2278 759 2328 sua
781 2261 951 2347 sortione,
976 2265 1010 2327 et
1029 2266 1082 2330 est
1105 2259 1159 2328 ibi·
1179 2261 1351 2330 coniunta
1376 2265 1413 2327 in
1428 2279 1511 2348 pars
1526 2218 1788 2348 septemtrionis
1801 2260 1923 2347 quode
1939 2278 2044 2348 super
2061 2263 2164 2346 parte

315 2411 526 2478 coniuntum
549 2416 602 2478 est
626 2410 671 2477 nd
697 2411 774 2497 ipsa
797 2410 857 2478 bia
881 2428 1029 2480 comune
1052 2429 1121 2498 que
1145 2413 1245 2480 badit
1266 2413 1311 2480 ad
1337 2413 1411 2498 ipso
1433 2413 1533 2500 lagu:
1559 2433 1581 2480 a
1605 2431 1687 2498 pars
1702 2411 1894 2480 occidentis
1909 2414 1980 2480 fine
1997 2412 2075 2500 ipse
2091 2431 2165 2479 sor·

311 2563 407 2629 tione
435 2561 549 2646 ipsius
573 2561 716 2630 landoni
741 2563 816 2631 thio
841 2569 974 2651 nostr0,
1000 2565 1092 2631 sicut
1116 2565 1347 2631 terminatum
1372 2571 1437 2632 est.
1462 2564 1545 2632 Alia
1569 2567 1670 2650 pecie
1693 2563 1736 2630 de
1759 2569 1860 2632 terra
1893 2566 2048 2633 sortione
2085 2585 2164 2652 pre-

312 2710 398 2779 dicti
424 2711 567 2780 landoni
591 2713 709 2780 comiti
735 2665 861 2801 ibique
886 2734 908 2783 a
932 2732 1038 2801 snper
1062 2720 1098 2782 et
1120 2716 1329 2784 contentum
1353 2717 1399 2786 ad
1423 2719 1501 2804 ipse
1524 2717 1584 2785 bia
1607 2735 1754 2787 comune
1778 2737 1846 2804 que
1869 2717 1969 2785 badit
2006 2717 2052 2785 ad
2088 2718 2166 2803 ipso

316 2865 413 2950 lagu:
440 2883 571 2952 upars
594 2865 790 2934 occidentis
813 2868 884 2936 fine
909 2869 983 2955 ipso
1006 2867 1111 2936 fiubio
1134 2869 1229 2936 siler:
1255 2869 1298 2938 de
1322 2870 1409 2957 pede
1431 2869 1597 2938 similiter
1620 2870 1691 2937 fine
1715 2871 1794 2956 ipsa
1817 2870 1887 2938 bia:
1907 2889 2027 2956 apers
2050 2872 2169 2939 orien-

313 3015 361 3082 tis
384 3016 455 3085 fine
479 3017 559 3104 ipsa
577 3023 699 3086 nostra
722 3017 891 3107 sortione,
920 3017 1001 3086 inde
1024 3021 1078 3086 est
1102 3037 1165 3104 per
1189 3016 1371 3108 longitudo
1394 3023 1487 3108 pessi
1512 3022 1676 3092 duocenti
1701 3026 1789 3110 octo,
1806 3027 1842 3090 et
1858 3021 1989 3090 abinde
2005 3022 2166 3108 qualiter

313 3168 476 3238 ascendit
499 3171 537 3238 in
562 3190 646 3257 pars
671 3173 940 3259 septemtrionis
963 3180 998 3241 et
1020 3176 1242 3242 trabersante
1267 3175 1341 3260 ipso
1364 3173 1458 3261 pullo
1481 3180 1518 3242 et
1541 3178 1710 3262 pergente
1734 3175 1773 3242 in
1798 3178 1876 3262 ipsa
1907 3195 1992 3264 pars
2016 3181 2166 3265 septem-

314 3322 443 3391 trionis
465 3329 501 3394 et
524 3327 765 3411 coniungente
788 3326 826 3392 in
851 3327 948 3414 pullo
970 3325 1032 3412 qui
1055 3331 1109 3394 est
1132 3325 1342 3393 coniuntum
1366 3326 1412 3394 ad
1436 3325 1577 3406 recolso,
1601 3331 1637 3394 et
1654 3327 1783 3396 abinde
1798 3328 2013 3396 ascendente
2029 3332 2065 3395 et
2083 3344 2171 3396 con-

316 3477 489 3562 iungente
513 3481 552 3547 in
574 3477 690 3548 medio
713 3477 854 3548 ballone
879 3479 1161 3548 menumsactum
1183 3483 1219 3548 et
1241 3496 1304 3566 per
1327 3476 1442 3546 medio
1465 3478 1540 3564 ipso
1564 3475 1703 3546 ballone
1738 3481 1909 3565 pergente
1944 3482 1981 3546 et
2016 3433 2171 3549 coniun-

319 3636 424 3719 gente
451 3632 489 3699 in
513 3633 588 3720 ipso
611 3631 717 3700 dubio
740 3631 838 3718 siler,
862 3636 976 3701 totum
1000 3633 1087 3701 istut
1112 3632 1205 3704 inire
1229 3633 1384 3720 predicte
1407 3631 1490 3700 finis
1513 3639 1550 3703 et
1574 3633 1752 3703 mensurio
1774 3638 1828 3703 est
1854 3635 2010 3702 sortione
2045 3633 2164 3718 predi·

318 3784 367 3852 cti
393 3785 550 3856 landoni.
577 3763 646 3854 S'eu
669 3790 706 3854 et
728 3787 1015 3854 mensurabimus
1038 3788 1117 3871 ipso
1140 3785 1293 3853 sortione
1317 3785 1428 3872 ipsius
1452 3785 1599 3855 landoni
1623 3786 1697 3854 thio
1722 3790 1861 3873 nostr03
1886 3787 2055 3874 primitus
2085 3789 2167 3874 qui·

319 3938 398 4006 dem
424 3939 712 4008 mensurabimus
736 3939 820 4008 inde
842 3941 922 4007 Una
947 3939 1047 4026 pecie
1069 3939 1112 4006 de
1134 3943 1232 4008 terra
1255 3959 1336 4007 cum
1359 3941 1465 4010 bioca
1486 3945 1524 4008 et
1546 3944 1598 4009 est
1621 3959 1683 4028 per
1712 3942 1796 4008 finis
1828 3945 1864 4009 et
1900 3941 2102 4010 mensurie:
2137 3961 2160 4011 a

321 4108 405 4178 pers
429 4092 697 4179 septemtrionis
720 4091 791 4159 fine
818 4093 896 4179 ipsa
921 4092 980 4160 bia
1003 4109 1164 4178 comune,
1188 4093 1271 4160 inde
1294 4095 1378 4160 sunt
1401 4092 1495 4180 passi
1520 4076 1672 4180 triginta
1695 4093 1873 4180 quadtuor
1896 4103 1932 4162 et
1956 4095 2120 4164 medium:
2149 4114 2172 4164 a

320 4261 402 4331 pars
427 4235 577 4312 orientis
600 4244 671 4313 fine
696 4245 774 4332 ipsa
797 4247 953 4313 sortione
978 4249 1100 4314 nostra
1116 4251 1151 4313 et
1168 4245 1239 4314 fine
1262 4245 1375 4332 ipsius
1392 4244 1537 4312 landoni
1555 4245 1690 4331 comiti,
1709 4243 1794 4314 inde
1810 4250 1894 4315 sunt
1910 4247 2005 4334 passi
2027 4253 2170 4336 septua-

320 4399 436 4488 ginta:
462 4419 486 4468 e
508 4416 594 4485 pars
617 4398 767 4468 meridie
789 4401 861 4467 fine
884 4397 1101 4485 semunciis,
1124 4398 1207 4465 inde
1229 4401 1314 4464 sunt
1336 4371 1608 4482 passi‘sidecim:
1635 4397 1666 4464 Α
1688 4414 1773 4483 pers
1795 4397 1992 4466 occidentis
2009 4399 2082 4466 fine
2095 4416 2170 4466 sor·

224 4587 233 4594 -
319 4553 419 4620 tione
444 4553 557 4639 ipsius
582 4552 740 4638 landoni,
766 4553 850 4621 inde
873 4556 959 4620 sunt
982 4551 1076 4640 passi
1100 4551 1344 4640 quadraginta
1366 4568 1430 4664 sex
1452 4555 1489 4618 et
1512 4550 1562 4617 ibi
1587 4551 1656 4618 duo
1679 4552 1826 4620 termini
1850 4553 1926 4620 ficti
1950 4556 2049 4640 sunt,
2069 4555 2174 4621 abin·

321 4706 365 4773 de
389 4703 597 4772 rebolbente
620 4705 660 4772 in
683 4707 786 4792 parte
809 4703 1002 4773 occidentis
1028 4706 1125 4773 iusta
1147 4704 1302 4772 sortione
1325 4704 1611 4791 ipsiustandoni
1646 4690 1785 4775 comitis
1820 4706 1915 4792 passi
1950 4705 2170 4810 quindecim.

323 4857 406 4928 Atia
431 4857 534 4946 pecie
557 4858 600 4926 de
624 4863 722 4928 terra
746 4860 861 4928 bacun
884 4863 920 4926 et
942 4858 1049 4926 binea
1074 4875 1145 4924 nno
1166 4859 1339 4944 tentente,
1363 4857 1455 4944 quod
1477 4863 1531 4926 est
1553 4856 1707 4925 sortione
1725 4857 1837 4943 ipsius
1853 4855 1999 4926 landoni
2014 4858 2091 4924 thio
2112 4874 2174 4924 no·

322 5013 412 5097 stro,
436 5011 518 5080 abet
542 5010 625 5077 finis
641 5013 677 5079 et
692 5008 881 5078 mensurie:
906 5030 929 5078 a
955 5028 1038 5096 pars
1060 5009 1252 5090 occidentis
1276 5011 1348 5079 fine
1373 5011 1448 5096 ipso
1473 5009 1614 5078 ballone
1638 5009 1682 5080 de
1705 5011 1781 5096 ipse
1806 5009 1912 5078 binee
1930 5008 2081 5097 predicti
2098 5009 2174 5080 lan·

325 5167 409 5236 doni
432 5167 553 5234 comiti
577 5171 613 5234 et
637 5165 768 5234 abinde
784 5163 990 5234 rebolbente
1014 5164 1052 5230 in
1075 5170 1178 5252 parte
1201 5164 1393 5234 occidentis
1420 5162 1515 5230 iusta
1538 5161 1615 5249 ipsa
1638 5160 1795 5230 sortione
1818 5161 1861 5230 de
1878 5161 1956 5250 ipse
1970 5163 2076 5232 binea
2096 5181 2175 5249 pre·
2295 5181 2298 5187 ¹

323 5319 410 5387 dicti
434 5316 580 5387 landoni
604 5317 740 5402 comiti,
764 5316 856 5385 sicut
879 5315 1030 5386 rebotbit
1053 5320 1089 5384 et
1110 5317 1350 5402 coniungente
1373 5316 1420 5384 ed
1444 5315 1520 5401 ipse
1543 5319 1666 5384 nostre
1701 5317 1856 5384 sortione
1884 5320 1919 5385 et
1954 5316 2085 5386 abinde
2108 5313 2172 5384 de·

323 5469 513 5541 scendente
537 5471 633 5539 iusta
657 5465 729 5537 fine
752 5473 875 5538 nostra
897 5472 935 5536 et
957 5470 1198 5555 coniungente
1222 5469 1368 5556 adipso
1391 5468 1606 5556 comunalia,
1631 5475 1668 5539 et
1690 5470 1820 5540 abinde
1844 5470 2049 5539 rebolbente
2072 5469 2171 5538 iuste

327 5625 405 5711 ipse
427 5624 630 5693 comunetia
654 5623 691 5690 in
717 5641 800 5710 pars
825 5621 973 5692 orientis
996 5641 1060 5710 per
1083 5619 1200 5690 limite
1222 5621 1279 5691 del
1313 5639 1464 5691 arenosa
1498 5625 1635 5691 rectum
1671 5626 1707 5690 et
1738 5623 1982 5710 coniungente
2018 5623 2062 5694 ad
2099 5624 2177 5711 ipse

325 5778 482 5847 sortione
506 5777 618 5865 ipsius
643 5777 786 5855 landoni
813 5775 948 5862 comiti,
971 5779 1008 5843 et
1031 5774 1163 5844 abinde
1188 5779 1323 5843 rectum
1347 5773 1558 5843 ascendente
1573 5774 1669 5842 inter
1686 5776 1789 5843 ambo
1805 5779 1879 5862 ipse
1895 5777 2001 5845 sortis
2019 5797 2081 5865 per
2099 5782 2170 5846 ter·
