5456 7096
996 495 1457 615 umummrmus
1809 579 1814 590 ·
2061 537 2107 613 m

289 755 348 836 ¹vit
372 787 409 836 se
433 769 469 836 et
493 785 575 835 suos
599 766 691 835 illios
713 767 755 836 ed
778 767 913 856 eredm,
937 767 1116 835 nobis-vel
1132 767 1175 837 ad
1193 770 1324 836 nostris
1340 764 1516 852 aradibus,
1534 767 1599 833 aut
1615 767 1671 832 cui
1689 765 1832 831 brebem
1854 764 1920 832 iste
1938 762 1984 832 in
2006 781 2152 834 manum

296 920 477 1009 paruerit,
502 911 656 1008 triginta
681 923 762 990 auri
786 920 923 988 solidos·
936 922 1191 1006 constantinus,
1215 923 1251 987 ei
1272 907 1405 996 omnia,
1430 925 1471 989 ut
1492 903 1654 1008 superius
1677 920 1829 1008 legitur,
1854 920 1957 986 nobis
1981 917 2150 1004 adimple·
2244 995 2247 1002 ¹

299 1078 396 1159 rent3
421 1077 459 1142 et
482 1073 631 1160 apposui
653 1078 688 1142 et
711 1070 907 1160 obbligavil
930 1089 967 1138 se
992 1074 1066 1159 ipse
1091 1073 1263 1142 iohannes
1287 1076 1322 1142 et
1346 1091 1427 1140 suos
1451 1072 1541 1140 illios
1557 1079 1592 1142 et
1609 1074 1744 1161 eredes,
1761 1075 1863 1141 nobis
1881 1071 1935 1140 vel
1952 1070 1999 1140 ad
2018 1068 2148 1138 nostris
2218 1047 2227 1068 ⁰

296 1227 472 1314 eredibus,
497 1246 558 1336 seu
583 1230 640 1295 cui
665 1229 807 1296 brebem
832 1227 898 1294 iste
922 1225 961 1294 in
984 1245 1127 1296 manum
1151 1227 1323 1316 paruerit,
1348 1229 1658 1316 appignerandum
1681 1228 1796 1295 omnis
1819 1229 1926 1295 rebus
1949 1229 1985 1294 et
2001 1243 2146 1295 causam

304 1399 407 1450 suam
432 1379 609 1494 legittimo
631 1385 668 1484 et
693 1380 907 1468 inlegitima
933 1380 1007 1450 etia
1030 1385 1065 1448 et
1088 1399 1238 1468 persona
1261 1400 1326 1451 sua
1349 1386 1385 1450 et
1408 1382 1450 1451 de
1473 1382 1563 1450 filios
1586 1385 1622 1450 et
1645 1381 1767 1450 eredes
1782 1379 1956 1467 suos,¹nos
1972 1379 2045 1448 illis
2061 1395 2152 1446 com·
2232 1443 2234 1449 ,

299 1533 566 1622 prcendendum
590 1538 626 1602 et
648 1491 944 1623 distringendum,
969 1535 1079 1602 donec
1101 1536 1234 1621 omnia,
1259 1537 1299 1602 ul
1321 1533 1485 1620 superius
1508 1533 1651 1621 legitur,
1684 1536 1786 1600 nobis
1820 1532 2082 1620 adimplerent,
2116 1537 2152 1600 et

302 1689 401 1755 hunc
424 1689 567 1756 brebem
592 1689 717 1774 scripsi
741 1681 807 1774 ego
831 1687 988 1756 ademari
1012 1667 1175 1755 notarius
1199 1705 1262 1773 per
1285 1672 1813 1774 demandationem'supradicti
1836 1705 1951 1756 comes
1975 1693 2010 1756 et
2027 1661 2153 1756 iudea.

351 1816 382 1931 †
406 1845 480 1931 Ego
504 1845 566 1930 qui
591 1863 699 1931 supra
722 1843 881 1912 ademari
908 1843 1027 1911 iudex.

1014 2064 1439 2080 Ἥ

1079 2287 1385 2378 CMXXIX.

901 2541 963 2666 ¹¹
1085 2551 1423 2634 Annmaes

365 2812 478 2885 Qum
503 2813 633 2879 uberta
658 2813 764 2880 buius
788 2815 876 2880 acui
899 2813 1015 2880 curiis
1037 2815 1077 2880 iu
1100 2816 1183 2882 locis
1199 2805 1334 2880 abrasa
1348 2817 1380 2882 et
1397 2817 1592 2884 interserta
1613 2816 1757 2881 minime
1778 2783 1932 2898 iutellipi
1952 2814 2079 2900 possit,
2096 2813 2159 2880 da·

310 2984 390 3032 mur
414 2967 669 3031 summarium:
695 2984 713 3026 o
1025 2931 1027 2936 ι

357 3067 392 3205 †
418 3116 599 3186 vicesimo
623 3134 717 3184 anno
742 3117 967 3202 principatus
994 3119 1211 3204 ducimur-ii,
1236 3121 1272 3186 et
1294 3119 1409 3205 primo
1433 3137 1528 3186 anno
1552 3120 1960 3222 principatustlohannis
1983 3120 2050 3188 filii
2072 3120 2162 3207 eius,

310 3288 429 3339 mense
451 3269 568 3357 Iunio,
592 3273 697 3338 sexta
720 3270 927 3337 indictione.
1548 3245 1552 3256 ’

280 3385 284 3392 ⁵
356 3445 374 3486 c
403 3425 561 3491 Domnus
584 3421 769 3509 Speciosus
793 3425 903 3491 abbas
926 3425 1225 3532 monasteriorum
1247 3425 1368 3492 Sancti
1391 3395 1487 3492 Petri
1505 3431 1543 3494 et
1558 3428 1678 3494 Sancti
1702 3427 1871 3495 iohannis
1894 3425 2032 3494 Salerni
2056 3379 2164 3514 prope

312 3599 330 3640 ‹
356 3577 496 3662 portam
521 3577 722 3662 Roiensem‚
747 3575 862 3642 reddit
885 3593 950 3662 pro
974 3573 1096 3642 solidis
1112 3575 1244 3662 viginti
1262 3577 1367 3643 Petro
1384 3575 1520 3682 Ramio²
1545 3559 1628 3644 ante
1650 3579 1819 3644 Amatum
1837 3577 1989 3645 iudicem
2005 3582 2040 3645 et
2056 3578 2164 3648 adbo-

311 3755 330 3795 c
358 3716 517 3800 calorem
540 3693 764 3805 mundricii,
789 3744 989 3827 susannam
1013 3743 1086 3793 cun
1108 3743 1266 3793 casuum
1290 3744 1475 3795 socruum
1499 3728 1607 3798 sitam
1630 3731 1738 3798 etiam
1767 3727 1905 3798 Salerni
1935 3733 2059 3799 subtus
2088 3732 2163 3818 pla-

230 3900 233 3906 ·
312 3904 330 3945 c
359 3886 456 3951 team
480 3899 570 3966 quac
593 3882 693 3948 dudit
716 3896 741 3946 a
763 3881 884 3948 subtus
907 3873 1050 3950 ccclesia
1074 3881 1202 3948 Sancti
1226 3882 1416 3950 Grumutii.
1444 3877 1462 3944 i

356 4038 464 4104 riou
487 4038 630 4102 tectus:
1112 3994 1114 3998 Α
1322 4132 1326 4140 ἡ

356 4189 401 4258 Et
425 4189 546 4270 taliter
569 4189 729 4271 scribere
749 4163 966 4274 'rogavimus
989 4186 1171 4255 dauferius
1194 4187 1356 4289 notarius
1378 4191 1497 4255 actum
1519 4187 1671 4257 salerne.

358 4305 636 4426 subscriptiones
659 4343 816 4409 testium:

365 4465 396 4580 †
421 4496 496 4582 Ego
519 4495 581 4580 qui
605 4463 713 4578 supra
736 4497 878 4561 amatus
902 4492 1007 4559 iudex

362 4617 392 4734 †
418 4646 494 4733 Ego
518 4646 704 4731 iaquintus
727 4647 889 4712 notarius
913 4663 969 4711 me
991 4643 1182 4729 subscripsi

364 4771 405 4888 †‚
421 4801 497 4887 Ego
521 4798 684 4866 alderissi
708 4801 871 4868 notarius
894 4816 949 4880 me
972 4799 1177 4866 subscribsi.
1252 4831 1253 4834 ¹

1040 5020 1464 5031 un———ss

1110 5223 1389 5304 cmxxx.

965 5445 972 5458 ·
1091 5453 1387 5560 animm.

361 5629 397 5768 †
422 5682 631 5747 innomine
655 5680 788 5748 domini
814 5677 984 5747 bicesim'o
1009 5657 1105 5745 anno
1129 5676 1351 5763 principatus
1374 5677 1494 5744 domni
1518 5665 1630 5744 nostri
1654 5677 1861 5764 guaimarii,
1886 5683 1921 5747 et
1936 5681 2051 5766 primo
2074 5697 2170 5751 anno

1422 5787 1433 5812 .
1700 5805 1705 5814 .

317 5833 542 5920 principatus
566 5829 683 5898 domni
709 5831 856 5900 iohanni
881 5830 959 5898 eius
988 5825 1067 5914 filii,
1095 5825 1238 5914 gloriosi
1263 5828 1505 5916 principibus,
1524 5827 1644 5897 mense
1668 5831 1802 5918 iunius,
1827 5837 1931 5901 sexta
1955 5833 2166 5904 indictione.
