5406 7090
1101 530 1165 604 SA
1180 528 1206 600 E
1223 527 1263 602 G.
1307 528 1381 602 Xll.
2085 528 2131 603 39

318 721 487 818 Agostino
517 722 559 794 da
585 722 644 794 noi
673 723 882 810 consultam,
902 746 1080 820 compress
1107 723 1223 836 quella
1249 720 1305 796 del
1332 723 1463 819 Migne‚
1492 723 1595 798 alcun
1622 745 1784 796 sermone
1811 721 1875 795 ohe
1893 720 2181 818 corrispondesse

321 906 339 954 a
368 887 493 980 questo
519 882 745 968 frammento,
761 907 779 954 c
795 904 856 980 per
893 883 1070 956 riuerenza
1096 885 1127 956 al
1155 907 1258 956 nome
1285 883 1339 956 del
1355 906 1437 980 gran
1465 885 1621 970 Ilottore,
1650 884 1739 956 onde
1766 881 1959 957 s'intitola.

374 1235 389 1272 a
421 1204 520 1279 Felix
535 1203 677 1278 estdies
695 1203 865 1278 hodierna
892 1207 1017 1278 fratres
1031 1205 1216 1292 carissimi,
1233 1203 1391 1278 amabilis
1417 1213 1471 1278 est
1496 1215 1652 1302 etgrala,
1673 1205 1708 1277 in
1727 1227 1793 1300 qua
1807 1229 1825 1277 a
1839 1197 1981 1278 donnino
2000 1200 2184 1299 discipulis
2233 1313 2240 1326 1

326 1395 341 1432 a
372 1373 455 1438 sunt
473 1363 614 1461 impleta
639 1365 820 1462 promissa.
838 1367 934 1460 Rogo
961 1387 1043 1459 ergo
1068 1383 1130 1438 vos
1145 1365 1250 1438 simul
1277 1365 1310 1437 in
1327 1331 1450 1459 uuum,
1465 1363 1693 1467 dilectissimi·
1708 1369 1847 1452 fratres,
1870 1373 1909 1440 ut
1939 1362 2023 1436 mihi
2052 1363 2182 1438 orando

327 1558 343 1594 <r
373 1525 582 1623 impendatis
597 1526 823 1616 adiutorium,
840 1527 879 1599 ad
895 1509 1014 1601 divino
1028 1526 1230 1623 explicanda
1244 1549 1331 1622 quae
1347 1527 1504 1614 intendo,
1521 1527 1703 1603 streniam
1719 1537 1796 1624 peto
1812 1525 1925 1601 sicubi
1939 1525 2090 1599 offendo.
2108 1523 2183 1598 Sol-

330 1716 345 1751 «
376 1685 561 1781 lempnitas
574 1687 667 1758 enim
683 1709 805 1782 pascae
821 1688 977 1782 pervenit
991 1709 1101 1782 usque
1127 1687 1170 1760 od
1189 1685 1306 1774 finem,
1329 1711 1397 1758 non
1413 1687 1561 1782 perdens
1577 1686 1846 1782 jucunditatem,
1869 1687 1930 1758 sed
1950 1673 2117 1781 reparans
2135 1684 2184 1757 di·

330 1874 346 1912 «
377 1843 560 1939 gnitatem.
578 1847 626 1920 Ub
641 1847 734 1918 enim
752 1848 819 1921 luit
833 1847 971 1921 initium
999 1847 1202 1943 gratiarum,
1222 1847 1273 1918 sic
1292 1805 1393 1919 hodie
1412 1845 1508 1918 finita
1526 1856 1579 1922 est
1596 1845 1673 1919 laus
1698 1845 1929 1917 canticorum.
1950 1844 1988 1918 ln
2013 1867 2080 1916 una
2098 1868 2180 1942 ergo
2271 1826 2276 1831 ⁴

328 2034 345 2096 o
377 2005 480 2078 domo
506 2005 644 2080 collecti
669 2018 769 2080 erant
794 2006 940 2100 apostoli
967 2005 1048 2098 viri,
1076 2015 1297 2104 expectantes
1325 2007 1511 2078 adrentum
1538 2004 1680 2103 spiritus
1699 2007 1824 2092 sancti3
1845 2015 1880 2079 et
1894 2028 1978 2078 ecce
2005 2004 2122 2080 subito
2148 2005 2186 2080 lit

276 2137 280 2146 Ι
330 2195 345 2232 α
376 2114 690 2254 coeldrumsonus‚
718 2177 753 2240 ct
778 2192 799 2240 a
822 2165 1004 2262 discipulis
1028 2167 1213 2262 judeorum
1239 2166 1376 2242 tollitur
1403 2191 1505 2241 onus.
1534 2165 1623 2240 Cum
1649 2165 1769 2240 multis
1795 2167 1909 2262 inquit
1934 2165 2050 2241 verbis
2076 2168 2185 2241 locuti

330 2356 347 2393 «
379 2334 497 2399 essent
522 2325 699 2424 discipuli,
719 2327 947 2401 credebantur
961 2327 1060 2413 ebrii,
1077 2328 1135 2425 qui
1154 2326 1362 2403 videbantur
1389 2349 1487 2402 mane
1504 2328 1628 2426 jejuni.
1650 2327 1721 2400 Nec
1737 2325 1910 2414 immerito
1929 2328 2007 2400 talis
2026 2328 2069 2401 de
2087 2328 2183 2402 coelo

332 2512 348 2559 u
382 2487 499 2583 lapsus
513 2493 566 2560 esl
590 2494 726 2584 gustus,
747 2486 826 2580 quia
841 2485 922 2562 vitis
941 2487 1055 2560 dietus
1081 2498 1134 2562 est
1149 2485 1321 2561 Christus,
1341 2481 1403 2562 sio
1426 2487 1521 2561 enim
1542 2487 1600 2562 ail.
1620 2489 1693 2585 Ego
1710 2510 1787 2560 sum
1806 2486 1901 2576 ritis,
1923 2497 1957 2561 et
1974 2497 2069 2584 peter
2087 2513 2186 2563 meus

334 2677 350 2713 a
382 2649 533 2745 agricola
559 2656 624 2721 est.
650 2647 678 2720 0
705 2646 825 2721 vinum
853 2647 1017 2722 ebrictate
1036 2647 1205 2735 sobrium,
1234 2647 1324 2748 quod
1351 2649 1525 2745 crapulam
1552 2647 1630 2722 fidei
1658 2601 1873 2722 e'ruotuat.0
1894 2641 2021 2722 ¹uinum
2048 2673 2117 2723 uon
2136 2653 2186 2724 ‘ex

332 2837 348 2872 <t
380 2808 450 2880 vito
469 2806 654 2903 sollempni
670 2807 855 2896 calcatum,
869 2809 929 2882 sed
944 2811 986 2882 de
1002 2809 1160 2882 botrione
1174 2809 1294 2881 divino
1312 2810 1526 2882 conlectum.
1540 2811 1650 2905 Digna
1669 2809 1876 2884 similitudo.
1888 2809 2187 2899 Quemadmodum

332 2999 349 3035 a
379 2969 474 3040 enim
501 2967 613 3042 botrio
627 2966 701 3040 ·ille
727 2967 927 3064 portabatur
945 2971 981 3040 in
1000 2969 1131 3064 stipite;
1152 2968 1198 3042 ita
1217 2966 1377 3041 Christus
1397 2967 1570 3064 pendebat
1583 2969 1618 3040 in
1632 2957 1763 3043 cruce.
1781 2968 1887 3080 Erant
1905 2969 1999 3041 enim
2019 2966 2186 3065 discipuli

336 3156 351 3206 u
382 3141 502 3206 sancto
529 3081 654 3227 spiritd
683 3129 789 3228 pleni.
817 3130 967 3226 Spiritus
982 3129 1075 3200 enim
1103 3137 1246 3200 sanctus
1273 3129 1332 3222 qui
1363 3129 1471 3224 ipsam
1498 3138 1645 3202 matrem
1672 3127 1756 3223 (cod.
1785 3126 1957 3222 virginem
1985 3127 2087 3222 corr.)
2114 3148 2190 3222 grn-

334 3322 350 3359 a
381 3292 558 3366 vidaverut
585 3292 645 3365 scd
673 3315 740 3364 non
770 3291 971 3364 violaverat.
1000 3291 1094 3386 Ignis
1120 3311 1224 3384 super
1251 3287 1424 3383 apostolos
1443 3281 1684 3376 descenderat,
1710 3285 1770 3357 sed
1797 3307 1862 3356 nec
1889 3284 2045 3380 capillos.
2072 3342 2080 3358 .
2109 3342 2117 3359 .
2145 3341 2185 3360 ..

335 3487 352 3523 u
383 3457 492 3544 Quod.
521 3514 528 3530 .
556 3513 564 3530 .
602 3487 618 3522 u
