5456 7096
602 519 670 592 llil
1231 519 1412 594 00qu
1450 521 1718 596 GAVENSlS

550 751 710 834 tempore
729 745 893 815 laborare
915 744 959 815 de
982 763 1089 833 super
1113 748 1149 816 et
1172 745 1215 814 de
1237 747 1372 823 subter,
1398 750 1438 815 ut
1460 765 1598 834 semper
1615 749 1805 835 proficiant
1820 752 1856 818 et
1870 766 1942 818 non
1956 747 2179 835 dispereant,
2197 750 2235 814 et
2252 745 2314 814 ubi
2332 762 2402 812 me·

550 898 679 986 ruerit,
706 898 802 968 iutra
828 898 905 986 ipsa
927 899 1035 968 binea
1058 897 1140 968 illut
1163 903 1353 986 pastenare
1375 905 1411 968 et
1434 904 1686 991 propaginare,
1709 906 1822 973 stubi
1840 902 2024 988 meruerit,
2049 905 2123 971 tota
2140 901 2218 988 ipsa
2234 897 2404 969 traditio·

551 1070 597 1122 ue
621 1052 702 1122 illut
724 1053 879 1140 cludere,
903 1058 938 1122 et
960 1072 1098 1142 semper
1123 1053 1204 1123 illut
1229 1055 1298 1123 sibi
1323 1058 1442 1144 abere,
1467 1063 1503 1125 et
1528 1059 1605 1144 ipso
1629 1060 1815 1127 arbustum
1832 1059 1876 1128 ab
1894 1057 1962 1144 ipsi
1980 1055 2163 1125 duodecim
2176 1055 2264 1123 anni
2282 1053 2319 1119 iu
2336 1071 2398 1122 an·

551 1213 609 1278 tea
632 1228 696 1296 per
719 1226 841 1277 omnes
864 1226 977 1278 annos
1001 1228 1065 1277 suo
1089 1215 1247 1297 tempore
1272 1209 1353 1276 illut
1377 1209 1540 1280 laborare
1563 1209 1606 1279 de
1629 1229 1734 1298 super
1757 1211 1859 1279 etde
1883 1211 2018 1287 subter,
2045 1215 2084 1278 ut
2120 1225 2258 1295 semper
2294 1207 2402 1293 proii-

552 1361 653 1431 ciant
675 1366 710 1430 et
728 1378 799 1430 nou
824 1361 1031 1450 dispereant
1054 1367 1090 1431 et
1113 1363 1247 1432 bonum
1272 1364 1405 1449 paread
1428 1364 1640 1452 laboratum,
1665 1371 1701 1434 et
1725 1364 1851 1435 amodo
1875 1369 1912 1434 et
1936 1383 2075 1450 semper
2099 1382 2161 1449 per
2193 1379 2315 1430 omues
2337 1379 2403 1432 an-

553 1532 618 1583 nos
641 1534 704 1602 per
727 1519 884 1601 tempore
906 1515 950 1584 de
975 1514 1152 1583 bindemie
1177 1515 1312 1585 faciant
1335 1518 1427 1584 scire
1452 1535 1515 1585 nos
1540 1517 1592 1587 vel
1619 1537 1702 1604 pars
1727 1520 1882 1608 predicte
1905 1518 2081 1603 ecclesie,
2119 1519 2159 1583 ut
2184 1515 2233 1583 ibi
2264 1515 2401 1604 diriga·
2503 1579 2506 1594 ,

553 1684 633 1734 mus
657 1669 803 1735 missum
829 1671 1006 1754 nostrum,
1030 1674 1066 1735 et
1089 1667 1161 1735 illis
1184 1668 1259 1755 ipso
1283 1671 1429 1738 arbusto
1452 1675 1488 1738 et
1512 1673 1587 1758 ipsa
1613 1672 1719 1740 binea
1744 1671 1964 1742 vindemiare
1981 1671 2030 1739 ibi
2050 1670 2095 1739 ad
2114 1670 2346 1758 palmeutum,
2369 1673 2406 1738 et

555 1822 632 1907 ipso
656 1821 781 1888 binum
806 1821 857 1888 ibi
882 1821 1044 1890 dibidere
1067 1840 1131 1908 per
1154 1821 1398 1890 medietatem:
1425 1843 1509 1911 pars
1532 1824 1687 1910 predicte
1711 1826 1858 1893 ecclesie
1882 1818 1993 1895 tollat
2011 1826 2092 1893 inde
2116 1825 2344 1893 medietatem
2371 1827 2407 1892 et

542 1971 634 2079 'illis
660 1973 904 2061 medietatem,
928 1977 1121 2044 sortionem
1154 1982 1311 2046 nostram
1338 1978 1408 2046 illis
1431 1995 1601 2065 reponere
1626 1978 1745 2065 ibique
1769 1977 1806 2048 in
1830 1981 1906 2066 ipso
1928 1977 2075 2047 cellario
2098 1979 2136 2046 in
2160 1995 2320 2064 organea
2345 1994 2406 2043 uo-

560 2130 638 2196 stra
662 2133 698 2196 et
723 2147 785 2215 per
811 2127 884 2194 illis
909 2125 986 2214 ipsa
1009 2149 1168 2216 organea
1192 2148 1330 2218 semper
1354 2132 1450 2199 siant
1473 2132 1564 2200 bona
1587 2134 1751 2203 conciata
1773 2140 1810 2204 et
1832 2135 2003 2218 studiata,
2027 2139 2063 2202 et
2086 2139 2159 2202 toto
2185 2133 2259 2219 ipso
2284 2130 2406 2198 binum

562 2282 622 2368 qui
648 2283 687 2349 in
714 2284 789 2369 ipso
813 2279 959 2352 cellario
984 2286 1202 2372 ponerimus,
1227 2304 1291 2353 nos
1318 2305 1381 2372 per
1404 2305 1524 2356 omnes
1547 2307 1660 2358 armos
1683 2307 1852 2358 curamus
1877 2288 1959 2356 inde
1981 2290 2087 2356 abere
2109 2293 2145 2355 et
2167 2285 2307 2354 salbum
2328 2285 2408 2354 illut
2436 2363 2447 2370 ,

557 2437 689 2524 lacere,
714 2438 795 2506 dum
823 2439 903 2507 illut
926 2439 976 2509 ibi
1001 2442 1221 2530 abuerimuS,
1246 2446 1380 2527 absque
1404 2444 1679 2531 degeneratione
1702 2447 1737 2511 el
1762 2444 1860 2530 igue;
1878 2460 1995 2530 poma,
2013 2442 2066 2510 vel
2083 2441 2180 2526 nuci,
2196 2438 2250 2509 uel
2269 2443 2407 2526 insitos,

558 2593 620 2680 qui
647 2591 684 2658 in
711 2594 788 2678 ipsa
812 2591 1009 2660 traditione
1033 2599 1131 2681 suut,
1156 2613 1219 2662 suo
1243 2599 1399 2682 tempore
1423 2595 1495 2663 illis
1520 2597 1699 2684 colligere,
1724 2602 1760 2666 et
1783 2597 2007 2666 medietatem
2023 2597 2061 2662 in
2080 2614 2163 2683 pars
2179 2596 2336 2682 predicte
2351 2613 2406 2662 ec·

559 2742 667 2812 clesie
691 2744 778 2813 dare
802 2745 922 2833 ibique
947 2751 983 2815 et
1006 2746 1232 2816 medietatem
1256 2749 1325 2817 sibi
1350 2751 1493 2818 abeant:
1510 2753 1650 2818 tantum
1667 2719 1741 2836 ipse
1757 2751 1841 2819 nuci
1858 2750 1901 2818 de
1918 2752 1992 2838 ipse
2005 2751 2129 2818 insites
2141 2769 2204 2838 per
2222 2749 2294 2816 illis
2309 2753 2407 2818 siant

560 2917 653 2968 vone
677 2894 782 2973 secke
806 2922 869 2990 per
893 2920 1164 2982 omnesomnes.
1190 2907 1235 2972 Et
1259 2902 1423 2991 quicquit
1446 2902 1601 2970 frudium
1626 2903 1675 2971 ibi
1707 2903 1939 2972 seminaberit
1953 2952 1963 2991 ,
1990 2903 2063 2971 illis
2086 2921 2167 2971 eum
2191 2900 2352 2972 studiare
2375 2907 2411 2972 et

561 3075 624 3146 per
648 3061 807 3144 tempore
830 3057 874 3125 de
899 3059 977 3126 aire
1001 3057 1206 3126 laciad-nos
1229 3055 1321 3126 scire
1346 3054 1402 3129 rel
1426 3074 1509 3143 pars
1531 3057 1689 3143 predicte
1711 3056 1875 3144 ecclesie,
1902 3061 1942 3125 ut
1966 3057 2014 3138 ibi
2039 3057 2239 3150 dirigamus
2262 3056 2406 3122 missum

562 3215 737 3297 nostrum,
762 3173 803 3280 et
822 3209 895 3277 illis
921 3210 990 3297 ipsi
1017 3202 1132 3279 labori
1156 3209 1320 3281 adunare
1344 3210 1466 3299 ibique
1488 3210 1533 3280 ad
1557 3210 1638 3279 aira
1653 3210 1974 3296 elillultritulare,
1991 3217 2027 3278 et
2043 3209 2190 3279 tertiam
2208 3215 2347 3296 partem
2362 3208 2406 3277 ad

563 3365 679 3451 ipsum
707 3366 853 3440 missum
881 3370 1042 3433 nostrum
1067 3364 1167 3454 dare,
1191 3369 1229 3432 et
1250 3365 1320 3432 due
1344 3363 1452 3432 sortis
1477 3362 1559 3430 inde
1583 3363 1652 3432 sibi
1676 3363 1818 3432 abeant:
1843 3367 1997 3446 tautum,
2014 3360 2044 3430 si
2063 3361 2101 3428 in
2117 3362 2195 3448 ipsa
2217 3360 2410 3431 traditione

562 3519 689 3590 lecerit
713 3526 835 3590 ortora
858 3520 901 3588 de
924 3518 1065 3608 cipolle,
1090 3538 1153 3588 seu
1178 3518 1340 3606 qualibet
1363 3525 1495 3605 ortora,
1519 3520 1685 3605 quartam
1710 3521 1847 3604 partem
1865 3515 1902 3583 in
1919 3534 2004 3603 pars
2020 3515 2175 3604 predicte
2190 3515 2337 3584 ecclesie
2355 3513 2408 3582 in·

560 3673 603 3742 de
627 3673 736 3742 deaut
760 3676 795 3740 et
822 3678 895 3741 tres
917 3673 1026 3740 sortis
1048 3670 1123 3739 illis
1146 3671 1214 3740 sibi
1240 3673 1382 3741 abeant.
1410 3669 1454 3738 Et
1478 3669 1622 3756 quando
1644 3688 1710 3756 ego
1736 3669 1939 3740 nominatus
1961 3669 2110 3737 domnus
2134 3669 2246 3738 abbas
2271 3667 2308 3734 in
2332 3669 2410 3754 ipsa

490 3853 494 3864 ·
560 3823 757 3895 traditione
782 3826 1066 3911 perrexserimus
1089 3843 1152 3910 pro
1176 3824 1257 3910 ipsa
1280 3824 1388 3890 rebus
1412 3821 1679 3910 requirendum,
1705 3820 1758 3889 vel
1783 3840 1845 3910 pro
1869 3821 1943 3900 alia
1967 3839 2046 3890 mea
2064 3821 2234 3909 utilitate,
2253 3821 2333 3890 illut
2348 3837 2412 3889 uos

564 3979 720 4064 nutrire,
744 3983 799 4044 set
821 3994 924 4044 ecum
949 3993 1065 4042 meum
1092 3975 1145 4042 vel
1169 3975 1260 4044 alios
1285 3977 1420 4044 omines
1443 3975 1504 4064 qui
1531 3995 1668 4044 mecum
1692 3974 1915 4062 adduxserit,
1932 3975 2125 4044 secuudum
2144 3974 2283 4043 illorum
2299 3976 2409 4062 possi·

565 4135 717 4205 bilitate:
743 4138 884 4203 tanturn
909 4134 954 4202 ad
981 4132 1056 4220 ipso
1079 4133 1251 4202 molinum
1275 4137 1311 4202 et
1333 4132 1380 4200 ad
1405 4133 1482 4220 ipsa
1507 4131 1692 4201 arcaturis
1714 4136 1750 4200 et
1772 4134 1809 4197 in
1833 4130 1979 4200 trassita
2003 4135 2039 4198 et
2067 4131 2169 4200 issita
2191 4129 2233 4199 de
2251 4133 2411 4218 ipsomo·

566 4283 680 4352 linum
704 4290 740 4352 et
764 4286 800 4352 in
829 4285 906 4369 ipsa
929 4283 1003 4371 bia,
1027 4303 1095 4370 que
1118 4303 1181 4371 per
1206 4283 1284 4370 ipsa
1310 4284 1502 4354 traditione
1526 4284 1626 4353 badit
1642 4285 1689 4352 ad
1706 4283 1781 4372 ipso
1798 4283 1983 4372 molinum,
2002 4283 2140 4354 nullam
2157 4285 2323 4355 astietate
2341 4282 2414 4351 illis

566 4437 616 4507 ibi
642 4439 791 4508 saciant.
816 4438 914 4508 Unde
937 4458 1000 4526 per
1024 4442 1116 4508 bona
1139 4439 1402 4508 combeuientia
1418 4439 1554 4526 guadia
1569 4437 1660 4507 mihi
1678 4427 1751 4526 ipse
1768 4437 1885 4508 nicola
1902 4433 2002 4507 dedit
2017 4442 2054 4507 et
2069 4437 2307 4507 mediatorem
2325 4437 2415 4505 milri

566 4595 686 4680 posuit
709 4598 832 4681 petrus
855 4593 950 4662 illius
973 4594 1155 4681 quondam
1190 4592 1381 4682 grimoaldi
1402 4615 1411 4670 ;
1437 4597 1473 4661 et
1497 4611 1562 4680 per
1587 4592 1666 4680 ipsa
1688 4591 1822 4680 guadio
1845 4591 2018 4679 obligabit
2041 4611 2078 4661 se
2101 4598 2138 4660 et
2160 4609 2241 4660 suos
2264 4591 2414 4678 eredes,

566 4751 611 4816 Ut
633 4749 663 4816 si
688 4749 810 4818 taliter
833 4751 953 4816 omnia
977 4766 1045 4835 que
1068 4747 1232 4836 superius
1257 4748 1403 4835 legitur,
1428 4746 1517 4818 mihi
1541 4744 1596 4814 vel
1621 4747 1659 4812 iu
1683 4763 1767 4831 pars
1791 4744 1947 4833 predicte
1970 4743 2118 4812 ecclesie
2135 4743 2188 4813 vel
2213 4745 2258 4814 ad
2275 4748 2415 4816 subces-

566 4920 663 4972 sores
686 4921 781 4971 meos
805 4920 876 4971 non
901 4901 1150 4988 adimpleberit
1171 4907 1208 4971 et
1231 4903 1363 4991 aliquit
1386 4901 1469 4969 iude
1493 4901 1777 4986 contradisserit,
1805 4917 1866 4986 per
1890 4899 1968 4986 ipsa
1984 4901 2118 4988 guadia
2135 4905 2171 4969 et
2186 4902 2412 4970 combeuien-

568 5057 620 5126 tia
645 5073 852 5143 componere
875 5056 1050 5144 obligavit
1072 5075 1109 5125 se
1132 5055 1233 5124 nobis
1258 5058 1331 5143 ipse
1359 5055 1476 5124 nicola
1499 5058 1535 5122 et
1557 5072 1638 5122 suos
1661 5054 1796 5140 eredes,
1820 5054 1877 5122 vel
1902 5054 1939 5120 in
1963 5071 2046 5140 pars
2069 5053 2224 5140 predicte
2247 5053 2411 5140 ecclesie,

570 5208 723 5296 triginta
746 5209 825 5278 auri
851 5207 982 5277 solidos
1005 5209 1228 5279 costantiuos
1251 5217 1287 5278 et
1310 5209 1386 5297 ipso
1409 5207 1573 5296 superius
1596 5207 1833 5277 disturbatum
1858 5205 1947 5294 legit
1971 5211 2091 5292 petrus
2116 5205 2212 5274 lilius
2236 5207 2417 5293 quondam

570 5359 776 5447 grimoaldi,
801 5359 895 5447 quod
920 5363 1046 5449 scripsi
1070 5381 1136 5450 ego
1159 5362 1358 5432 romoaldus
1381 5361 1554 5431 notarius.

617 5485 647 5600 †
674 5515 748 5603 Ego
772 5513 973 5585 romoaldus
996 5533 1052 5583 me
1083 5515 1274 5602 subscripsi

619 5643 649 5756 †
675 5671 748 5758 Ego
774 5672 921 5740 ioannes
944 5687 1000 5738 me
1022 5671 1228 5758 subscripsi.
