5456 7096
1001 517 1414 594 urrnouuurous
1714 461 1716 466 ’
1936 519 1938 522 ’
2041 515 2085 588 re

767 631 791 676 Ο

276 747 443 836 partibus
468 747 528 817 ille
544 750 581 817 et
596 761 678 815 suos
694 744 903 834 eredesper
926 746 1132 834 supradicta
1155 746 1318 836 obligata
1340 703 1434 834 pena
1456 744 1711 832 mibi.meique
1733 743 1898 814 eredibus
1923 742 2133 833 adimplere,

279 897 372 987 quod
395 897 522 986 scripsi
548 916 615 986 ego
638 898 843 976 romoaldus
865 901 1038 968 notarius.

230 1059 233 1073 ·
325 1023 356 1140 †
381 1053 458 1141 Ego
481 1019 548 1140 qui
568 1070 677 1140 supra
700 1049 870 1140 grimoalt
892 1067 1008 1120 comos
1030 1054 1066 1119 et
1090 1049 1242 1119 iudex..

1006 1303 1391 1320 Ἣ

1050 1547 1351 1649 GMXVIII.

1068 1862 1129 1938 A.
1157 1861 1212 1936 D.
1241 1799 1394 1938 1037..

324 2095 361 2236 †
384 2148 425 2215 In
449 2149 593 2216 nomine
615 2145 749 2215 domini
773 2165 866 2218 nono
889 2147 1025 2217 decimo
1048 2165 1144 2217 anno
1160 2148 1383 2235 principatus
1400 2148 1519 2216 domni
1536 2150 1649 2216 nostri
1666 2147 1847 2236 guaimari
1864 2147 2018 2236 glorioso
2039 2147 2138 2233 prin·

282 2298 375 2386 cipe,
398 2297 472 2366 illio
494 2297 674 2386 quondam
697 2297 818 2367 domni
840 2299 1022 2388 guaimari
1046 2300 1232 2387 principis,
1258 2318 1377 2370 mense
1394 2304 1563 2390 agustus„
1581 2303 1710 2388 quinta
1730 2301 1936 2371 indictione.
1962 2319 2139 2371 memora·
2262 2279 2269 2292 ’

280 2453 412 2520 torium
436 2451 571 2521 sactum
594 2470 617 2520 a
639 2471 695 2520 me
719 2453 914 2521 musandns
937 2452 1153 2522 venerabilis
1176 2454 1287 2522 abbas
1310 2471 1357 2521 ex
1380 2452 1588 2523 monasterii
1615 2456 1739 2522 sancte
1757 2454 1873 2541 solie,
1897 2474 1966 2540 que
1990 2457 2062 2525 sita
2084 2458 2139 2522 est
2249 2431 2254 2442 ⁵

280 2605 380 2674 intus
403 2605 496 2674 cives
519 2605 673 2691 salerno,
697 2621 738 2674 eo
760 2605 853 2692 quod
875 2608 961 2674 ante
985 2604 1123 2673 idoneis
1145 2607 1348 2675 hominibus
1371 2625 1434 2706 pop
1458 2608 1722 2678 combenientia
1744 2607 1897 2678 tradidit
1933 2609 2073 2678 danseri
2097 2594 2139 2680 ει

284 2749 391 2825 rocoi'
406 2755 451 2824 do
474 2773 564 2844 epus
586 2759 724 2844 monte,
749 2755 817 2824 dlii
841 2756 1019 2844 quondam
1043 2756 1141 2844 miri,
1165 2757 1234 2826 due
1257 2759 1357 2844 pecie
1372 2759 1539 2828 deterris
1561 2761 1687 2834 uacibe
1710 2759 1949 2846 pertinentem
1973 2762 2134 2848 predicto

282 2913 499 2981 monasterio
522 2909 562 2978 in
585 2910 700 2979 locum
716 2909 875 2999 sianum,
892 2911 955 2998 qui
971 2914 1026 2980 est
1041 2910 1084 2979 de
1098 2929 1145 2980 ex
1160 2915 1253 2980 omni
1273 2917 1374 3001 parte
1391 2915 1462 2983 fine
1479 2914 1632 3002 predicti
1656 2863 1879 2984 monasterii.
1897 2905 2016 3002 prima
2032 2917 2139 3006 pecia

277 3083 342 3152 per
364 3083 406 3136 as
429 3067 521 3136 flues
543 3071 579 3136 et
602 3017 802 3136 mensuras:
828 3086 851 3136 a
873 3085 958 3154 pars
981 3061 1132 3170 orientis
1148 3069 1220 3136 dne
1236 3069 1310 3156 via,
1327 3069 1408 3138 inde
1423 3073 1507 3138 sunt
1522 3069 1617 3156 passi
1633 3067 1846 3156 octuaginta
1861 3071 1976 3138 hocto:
2003 3090 2026 3140 a
2053 3089 2140 3158 pars

278 3219 426 3289 meridie
449 3219 541 3286 inde¹
555 3223 640 3288 sunt
654 3221 749 3306 passi
766 3193 1011 3307 quadraginta
1027 3218 1219 3307 quadtuor:
1237 3240 1260 3289 a
1276 3224 1376 3308 parte
1393 3220 1587 3289 occidentis
1604 3220 1688 3288 inde
1703 3191 1790 3290 sunt
1804 3225 1900 3308 passi
1924 3222 1988 3292 alii
2013 3229 2137 3302 octua-

211 3455 214 3462 .
278 3372 384 3462 ginta
406 3376 521 3442 hocto:
547 3393 569 3442 a
592 3392 676 3460 pars
698 3333 962 3461 septemtrionis
986 3393 1097 3461 usque
1121 3373 1159 3440 in
1183 3374 1354 3442 iamdicta
1376 3373 1435 3442 via
1458 3375 1581 3459 priora
1596 3375 1682 3459 fine,
1699 3374 1783 3442 inde
1798 3379 1884 3444 sunt
1907 3378 2004 3462 passi
2028 3378 2135 3463 quin-

250 3576 254 3582 ·
278 3529 459 3616 quaginta
474 3533 559 3598 tres.
577 3527 733 3597 secunda
751 3529 853 3615 pecia
868 3547 931 3616 per
947 3547 988 3600 as
1004 3546 1202 3598 mensuras:
1221 3477 1409 3598 ameridie
1427 3524 1510 3594 inde
1524 3495 1610 3595 sunt
1621 3530 1717 3613 passi
1744 3528 1937 3616 sexaginta
1960 3534 2033 3598 tres
2053 3551 2062 3597 ε
2090 3533 2138 3600 ab

281 3681 420 3750 oriente
445 3679 528 3748 indo
546 3685 637 3772 ¹sunt
660 3679 756 3768 passi
781 3682 924 3748 centum
949 3682 1041 3766 octo,
1064 3679 1271 3748 revolbente
1294 3697 1358 3765 per
1380 3682 1584 3748 traversum
1595 3677 1644 3762 ‚do
1662 3653 1737 3766 i'pso
1753 3677 1892 3748 vallone
1909 3679 2004 3766 passi
2030 3697 2138 3758 sexa-

281 3832 388 3920 ginta
403 3830 510 3899 duos:
528 3832 574 3902 ab
592 3830 675 3900 inde
698 3829 903 3932 revolbente
926 3829 966 3898 in
989 3849 1074 3918 pars
1099 3829 1250 3898 orientis
1275 3830 1371 3916 passi
1395 3829 1638 3918 septuaginta,
1655 3835 1691 3900 et
1707 3831 1753 3898 ab
1777 3829 1855 3916 ipsa
1871 3850 1956 3918 pars
1979 3835 2136 3902 orientis

284 3978 381 4071 passi
406 3981 690 4072 quinquaginta,
714 4000 777 4050 sou
803 3982 1007 4053 revolbente
1034 3983 1073 4051 in
1096 4001 1181 4070 pars
1197 3967 1387 4051 occidentis
1403 3982 1498 4070 passi
1513 3981 1693 4071 tridecim,
1709 3987 1746 4052 et
1768 3983 1971 4053 revolbente
1990 3985 2135 4072 inpare

280 4137 434 4208 meridie
455 4137 551 4226 passi
576 4136 882 4225 quadtuordeoim,
907 4141 1019 4206 totum
1041 4130 1288 4206 mensuratum
1311 4135 1356 4204 ad
1380 4137 1641 4240 iustopassum
1663 4135 1833 4228 hominis,
1851 4135 1890 4204 in
1907 4154 1948 4205 oc
1971 4139 2137 4208 ordinem

158 4311 161 4316 ·
283 4290 363 4362 illut
394 4249 525 4363 eorum¹
541 4289 702 4394 tradidit,
729 4293 769 4360 ut
793 4291 918 4359 amodo
940 4293 976 4359 et
998 4259 1135 4376 semper
1161 4289 1207 4358 ad
1229 4307 1353 4358 eorum
1377 4293 1413 4358 et
1422 4291 1481 4358 ud
1505 4289 1649 4357 illorum
1671 4287 1797 4358 eredes
1825 4290 1899 4359 sint
1921 4296 2134 4379 potestatem

282 4446 406 4515 tenere
429 4447 466 4514 et
481 4443 682 4530 dominare,
699 4446 735 4511 et
750 4443 847 4511 fovee
863 4445 899 4512 ot
914 4442 1107 4511 omnissue
1123 4441 1291 4510 utilitatis
1315 4441 1411 4510 iusta
1438 4440 1616 4511 rationem
1643 4441 1777 4512 ibidem
1800 4444 1932 4531 facere,
1956 4449 1993 4513 et
2017 4449 2131 4514 totum

284 4597 369 4668 illut
392 4599 571 4684 laborare,
596 4599 633 4667 et
656 4595 808 4684 cultare,
832 4601 868 4666 et
890 4601 1081 4684 pastenare
1104 4596 1248 4663 arbores
1264 4597 1299 4662 et
1313 4595 1402 4666 vites
1424 4594 1468 4663 de
1490 4555 1582 4662 bono
1598 4595 1745 4683 vitineo,
1764 4601 1803 4665 ut
1819 4597 1944 4666 amodo
1960 4603 1996 4669 et
2019 4617 2132 4687 usque

286 4751 468 4820 duodecim
490 4752 578 4821 anni
601 4749 765 4837 completi
790 4705 923 4818 abeant
941 4747 1067 4819 inlota
1084 4750 1163 4834 ipsa
1180 4745 1602 4833 tradictioneperfeotum
1620 4750 1807 4817 arbustum
1824 4749 1973 4837 factum,
2000 4756 2037 4820 et
2054 4733 2135 4840 ope-

197 4931 203 4942 ·
284 4909 418 4992 ratum,
441 4907 478 4972 et
500 4903 689 4978 cubatum,
714 4900 758 4970 de
778 4919 884 4987 super
907 4904 944 4968 et
966 4899 1010 4968 de
1033 4901 1168 4985 subtus,
1194 4899 1288 4965 sicut
1310 4895 1353 4965 do
1379 4901 1495 4967 tantos
1515 4915 1633 4986 annos
1653 4898 1747 4967 locus
1763 4901 1840 4988 ipse
1864 4901 2054 4992 meruerit,
2081 4905 2135 4973 sic

284 5074 453 5145 numque,
478 5054 667 5130 nt.amodo
690 5058 853 5142 utusque
869 5052 990 5121 decem
1008 5049 1094 5120 anni
1111 5049 1274 5138 completi
1290 5051 1466 5136 qnantum
1485 5049 1609 5118 vinum
1626 5049 1709 5119 inde
1726 5051 1896 5141 exierint,
1914 5057 2029 5122 totum
2046 5057 2128 5125 illut

285 5214 353 5282 sibi
373 5215 520 5299 noeane
537 5215 667 5300 preter,
684 5209 727 5279 de
743 5207 836 5296 quod
862 5153 985 5277 amodo
1007 5211 1044 5276 et
1065 5223 1206 5294 semper
1228 5205 1360 5274 ibidem
1382 5207 1654 5294 seminaberint,
1673 5207 1787 5300 ,deant
1810 5208 1893 5277 inde
1918 5214 2131 5280 terraticum

286 5367 503 5436 admissum
526 5364 677 5454 predicti
701 5361 910 5431 monasterii
934 5359 1128 5430 secundum
1152 5357 1442 5427 consuetudinem
1465 5358 1513 5442 de,
1532 5359 1608 5446 ipso
1634 5358 1763 5447 locum;
1788 5363 1825 5429 et
1847 5361 1891 5430 da
1914 5361 1983 5448 ipsi
2008 5362 2127 5431 decem

286 5519 371 5588 anni
398 5517 563 5605 completi
589 5515 628 5582 in
644 5518 752 5585 antea
768 5532 880 5601 usque
896 5513 983 5582 duos
999 5529 1124 5599 annoS,
1142 5515 1183 5579 ut
1199 5511 1323 5581 amodo
1338 5531 1375 5580 se
1395 5465 1596 5598 compleant
1612 5513 1681 5600 ipsi
1699 5512 1883 5582 duodecim
1900 5519 2002 5603 anni,
2020 5535 2134 5603 quan·

288 5673 365 5739 tum
390 5670 513 5737 vinum
537 5667 619 5738 indo
642 5667 813 5755 exierint,
839 5685 903 5753 per
926 5663 1154 5733 medietatem
1178 5663 1355 5732 dividant:
1381 5681 1466 5750 pars
1487 5659 1605 5750 ‘ipsius
1630 5665 1840 5734 monasterii
1864 5665 1968 5736 tollat
1986 5685 2044 5737 eos
2060 5688 2135 5746 ,me-

290 5822 474 5910 dietatem,
499 5826 535 5890 et
552 5821 625 5889 illis
648 5824 685 5888 et
701 5819 776 5887 suis
793 5818 956 5887 eredibus
974 5816 1213 5902 medietatem3
1237 5819 1274 5900 et
1285 5816 1316 5884 si
1335 5817 1380 5885 da
1397 5815 1465 5902 ipsi
1480 5815 1665 5884 duodecim
1681 5818 1769 5886 anni
1786 5817 1951 5904 completi
1969 5821 2131 5890 inantea

435 6005 507 6064 Tou.
525 6019 560 6063 vr.
1207 5959 1221 5982 ⁶
1891 6001 1926 6057 10
