5456 7096
996 531 1407 630 urruounrrous
2036 537 2078 610 al

279 777 345 850 ego
367 759 598 849 supradictus
624 759 797 828 iohannes
818 757 953 846 guadia
976 757 1042 826 tibi
1068 757 1241 830 nominati
1259 760 1406 831 iohanni
1425 761 1551 866 emtpri
1569 759 1663 848 dedi,
1681 764 1717 830 et
1734 760 1968 830 mediatorem
1985 762 2050 831 tibi
2075 779 2137 849 po·

280 919 341 984 sui
366 913 496 1003 godeni
522 913 568 984 da
594 900 709 980 locum
734 912 877 1001 selecta,
895 913 956 1001 qui
974 917 1028 981 ost
1051 929 1171 981 socero
1194 931 1293 982 meus
1306 912 1447 1018 ‚ofilius
1469 891 1654 1000 quondam¹
1675 913 1827 1002 summi3
1865 917 1901 982 et
1924 933 1987 1002 per
2009 915 2133 990 eadem
2224 1016 2228 1023 ¹

288 1016 423 1158 guadia
447 1065 564 1153 obligo
587 1085 643 1134 me
666 1047 705 1135 et'
725 1084 820 1135 meos
841 1067 965 1136 credes
988 1025 1112 1135 amodo
1134 1070 1170 1135 et
1194 1084 1330 1154 semper
1354 1067 1609 1137 defensandum
1632 1071 1702 1138 tibi
1721 1069 1845 1156 tuique
1871 1069 2038 1137 eredibus
2057 1069 2133 1137 tota

285 1221 363 1308 ipsa
386 1193 467 1288 mea¹
491 1183 709 1308 perditione,
734 1239 815 1287 oum
839 1221 917 1287 bice
940 1220 982 1288 de
1007 1220 1083 1306 ipsa
1106 1220 1179 1308 bia,
1205 1241 1227 1288 a
1252 1238 1334 1306 pars
1359 1221 1463 1288 uxori
1487 1239 1564 1288 mee
1587 1225 1623 1289 et
1647 1223 1693 1290 ab
1711 1221 1783 1288 illis
1807 1221 1986 1289 ominibus
2002 1225 2134 1309 otpar-

215 1333 220 1341 ¹
287 1372 399 1460 tibus,
423 1373 484 1458 qui
509 1389 575 1460 pro
597 1391 677 1440 mea
699 1355 769 1440 aut'
787 1370 830 1440 de
846 1359 933 1458 'ipsa
955 1389 1170 1440 uxore-mea
1194 1375 1229 1440 et
1252 1372 1295 1440 de
1318 1371 1452 1440 nostris
1468 1373 1630 1440 eredibus
1650 1373 1813 1460 partibus
1830 1377 1865 1441 et
1880 1373 2005 1448 datum¹
2027 1373 2135 1459 quod·

292 1545 444 1614 cumque
458 1499 690 1638 :causationes
712 1526 794 1594 inde
818 1503 881 1594 tibi
906 1525 1031 1612 tuique
1053 1523 1220 1646 epedibus
1243 1525 1417 1613 emiserit,
1436 1530 1498 1594 aut
1513 1525 1735 1613 preposuerit
1750 1525 1995 1613 quodcumque
2012 1544 2135 1598 causa·

285 1683 414 1768 tiones3
431 1681 475 1750 de
494 1679 580 1750 aliis
596 1699 678 1748 vero
701 1681 906 1748 hominibus
929 1681 965 1746 et
990 1679 1168 1784 partibuS,
1192 1682 1229 1746 et
1246 1677 1387 1784 quando
1402 1677 1587 1782 bolueritis
1604 1675 1648 1746 ad
1664 1677 1843 1745 ominibus
1867 1679 2034 1764 omnique
2052 1697 2136 1764 par·

277 1819 377 1902 'tibus
401 1852 464 1920 per
487 1850 547 1900 vos
569 1831 659 1918 ipsis
682 1831 766 1900 inde
789 1835 952 1902 auctores
976 1829 1074 1915 fiere,
1100 1829 1265 1895 licentias
1281 1831 1318 1894 et
1334 1789 1528 1914 potestates
1544 1829 1683 1896 abeatis
1701 1831 1739 1895 in
1755 1828 1920 1896 omnibus
1944 1830 2027 1897 inde
2051 1849 2136 1930 qau-

212 1969 217 1980 ’
281 2007 360 2058 sare
375 1991 413 2054 'et
427 1988 534 2054 finem
559 1986 689 2073 lacere,
714 1984 869 2072 qualiter
892 1981 1089 2069 bolueritis,
1114 2001 1194 2060 cum
1211 1981 1317 2067 quale
1334 1983 1512 2050 moninem
1529 1987 1564 2050 et
1580 1986 1717 2051 ratione
1734 1983 1816 2051 inde
1833 1985 2020 2072 abueritiS,
2045 1985 2132 2071 quia

281 2129 396 2205 omnis
420 2156 499 2206 mea
521 2136 740 2223 pertinentia
764 2137 806 2204 de
830 2135 1146 2228 omnismoninem
1164 2133 1206 2199 de
1226 2133 1304 2219 ipsa
1320 2137 1419 2201 terra
1436 2152 1514 2200 curn
1533 2153 1617 2202 oasa
1634 2135 1872 2220 pertinentem
1896 2136 1961 2204 tibi
1988 2138 2169 2203 benum-⁹
2202 2193 2209 2200 .

281 2291 357 2360 dedi
383 2291 428 2359 ad
451 2290 655 2358 faciendum
674 2289 772 2376 quod
796 2287 993 2372 bolueritis,
1018 2285 1106 2354 etsi
1132 2286 1255 2353 taliter
1280 2289 1349 2352 etc.
1376 2244 1539 2370 Sequitur
1562 2289 1730 2398 consucta
1753 2287 1925 2370 seracula.
1952 2289 1988 2354 ct
2011 2286 2137 2354 taliter

281 2449 442 2515 scribere
466 2444 669 2533 rogabimus
692 2446 728 2511 te
751 2447 872 2529 petrus
895 2399 1069 2524 notarius,
1094 2442 1240 2508 hactum
1266 2437 1423 2504 salerno.

327 2570 358 2686 †
382 2599 459 2686 Ego
482 2596 642 2666 ademari
667 2595 829 2664 notarius
852 2611 909 2661 me
931 2590 1126 2677 subscripsi

327 2723 358 2840 †
387 2752 463 2838 Ego
486 2751 634 2818 ioannes
656 2765 711 2816 me
734 2747 941 2832 subscripsi.

1047 3193 1351 3279 GMXXIV·

1051 3427 1108 3501 A.
1136 3427 1193 3501 D:
1221 3423 1348 3500 1038.

329 3603 364 3744 †
397 3655 437 3720 ln
463 3657 606 3721 nomine
629 3652 762 3720 domini
786 3633 1072 3734 bloesimo'anno
1095 3648 1317 3735 principatus
1340 3645 1461 3736 domni
1485 3646 1600 3712 nostri
1618 3643 1809 3731 -gu'aimari
1828 3639 1830 3644 ’
1849 3643 2004 3730 glorioso
2038 3645 2137 3730 prin

291 3807 381 3894 cipe,
406 3805 481 3873 filio
516 3805 690 3893 quondam
726 3803 845 3872 domni
880 3801 1074 3890 guaimari,
1107 3804 1143 3867 et
1166 3802 1280 3886 primo
1303 3815 1400 3866 anno
1422 3795 1646 3882 principatus
1669 3795 1789 3862 domni
1817 3769 1973 3863 lolianni
1994 3797 2070 3864 eius
2095 3799 2138 3866 n·

294 3959 356 4047 lio,
374 3976 497 4027 mense
513 3956 717 4044 ismarius,
733 3961 836 4025 sexta
854 3955 1061 4024 indictione.
1080 3951 1369 4020 memoratorium
1384 3948 1484 4044 iaetu
1499 3967 1522 4016 a
1538 3965 1595 4014 me
1612 3947 1767 4014 iohanne
1785 3945 1916 4014 clerico
1931 3947 2005 4016 filio
2023 3967 2135 4036 quon·

287 4109 368 4182 dar'n
388 4109 532 4183 falconi.
556 4127 597 4178 eo
619 4108 711 4197 quod
734 4111 819 4177 ante
843 4107 1024 4194 presentia
1040 4105 1159 4173 domni
1178 4103 1325 4174 adelferi
1348 4100 1470 4169 clerici
1487 4104 1523 4169 et
1540 4079 1649 4169 abbas
1665 4099 1812 4168 ecclesie
1829 4102 1946 4170 sancti
1964 4101 2132 4188 maximi,
2174 4059 2185 4080 ο

290 4264 349 4350 qui
375 4267 564 4332 estonum
587 4239 799 4328 dedominii
824 4258 934 4346 ipsius
958 4258 1128 4331 ecclesie,
1154 4261 1191 4324 et
1213 4257 1334 4342 ibique
1358 4257 1449 4322 esset
1473 4251 1664 4340 subscripti
1688 4258 1822 4341 testes,
1850 4273 1914 4341 per
1938 4256 2135 4323 iussionem

288 4416 402 4502 ipsius
424 4415 543 4482 domni
567 4403 689 4483 abbati
714 4433 777 4500 pro
801 4431 884 4499 pars
907 4415 944 4478 ct
968 4411 1044 4478 vice
1071 4409 1184 4500 ipsius
1207 4407 1356 4476 ecclesie
1380 4407 1497 4475 sancti
1524 4408 1674 4475 maximi
1701 4407 1745 4474 ad
1764 4407 1952 4475 tenendum
1978 4411 2014 4476 et
2038 4410 2135 4476 lavo-w

273 4521 438 4637 'randum
461 4573 497 4636 et
521 4565 779 4654 pastenandum
803 4563 1057 4634 abellanietum
1082 4559 1231 4630 tradidit
1253 4577 1319 4647 ego
1342 4559 1404 4646 qui
1428 4576 1538 4645 supra
1562 4558 1741 4658 iohannes
1760 4559 1934 4645 clericus,
1965 4529 2035 4645 qui¹
2052 4577 2133 4627 sum

283 4722 451 4790 minister
474 4720 586 4806 ipsius
607 4717 767 4804 ecclesie,
792 4716 940 4785 iohanni
964 4713 1037 4784 filio
1060 4677 1238 4801 quondam
1257 4715 1375 4783 'amori
1388 4709 1631 4808 ,et-abalzami
1650 4709 1724 4778 lilio
1740 4711 1919 4798 quondam
1939 4711 2135 4797 teuderici,

268 4876 351 4960 ¹qui
375 4875 461 4939 sunt
483 4872 653 4958 congnati
677 4873 713 4938 et
735 4863 911 4966 abitatori'
929 4865 972 4934 de
995 4865 1108 4932 locum
1132 4866 1293 4951 nucerie,
1318 4864 1361 4932 de
1384 4867 1492 4932 rebus
1516 4863 1754 4951 pertinentem
1773 4862 1883 4950 ipsius
1900 4863 2048 4931 ecclesie
2063 4865 2126 4950 qui

288 5029 343 5093 est
367 5028 467 5092 terra
491 4997 572 5091 cum
596 5023 810 5109 quertietum
826 5024 863 5087 et
879 5020 1030 5086 bacuum
1047 5034 1118 5083 uno
1134 5017 1295 5086 teniente
1310 5017 1353 5086 de
1370 5018 1484 5085 locum
1500 5016 1660 5102 nuceria,
1678 5016 1739 5083 ubi
1756 5014 1957 5086 cancellata
1981 5015 2126 5102 dicitur,

285 5175 347 5264 qui
372 5181 426 5245 est
449 5193 513 5262 per
537 5193 576 5242 as
599 5175 683 5243 finis
706 5176 742 5241 et
764 5189 963 5260 mensuras:
989 5189 1011 5238 a
1035 5186 1120 5256 pars
1143 5167 1293 5237 meridie
1316 5169 1387 5236 fine
1403 5167 1468 5235 bia
1483 5165 1643 5254 publica,
1662 5165 1745 5234 inde
1761 5171 1845 5234 sunt
1861 5169 1958 5255 passi
1973 5168 2129 5254 triginta

285 5332 346 5400 dui
370 5331 651 5428 etmediumza
672 5348 757 5420 pars
779 5324 973 5396 occidentis
996 5326 1067 5392 fine
1091 5321 1251 5410 predicte
1276 5319 1446 5407 ecclesie,
1481 5320 1565 5388 inde
1589 5322 1674 5388 sunt
1696 5318 1791 5406 passi
1820 5313 1961 5388 centum
1986 5321 2129 5386 sebtua-

285 5485 392 5571 ginta
414 5501 491 5553 sex:
517 5487 553 5552 et
575 5503 598 5552 a
621 5499 705 5569 pars
729 5476 993 5550 sebtemtrionis
1015 5475 1086 5543 dne
1108 5474 1222 5561 ipsius
1244 5431 1405 5559 ecclesie,
1430 5471 1514 5540 inde
1537 5471 1634 5559 passi
1658 5471 1791 5558 biginti
1815 5489 1892 5576 serr,
1908 5475 1946 5540 et
1968 5473 2015 5540 ab
2039 5471 2123 5540 inde

282 5637 502 5719 rebolbento
520 5643 557 5705 et
586 5635 819 5706 descendente
842 5633 881 5700 in
906 5646 990 5720 pars
1013 5623 1276 5696 sebtemtrionis
1298 5643 1362 5712 per
1384 5625 1455 5692 fine
1479 5623 1590 5710 ipsius
1614 5621 1760 5691 ecclesie
1785 5622 1868 5692 inde
1891 5623 1985 5711 passi
2012 5624 2126 5694 unde·
2182 5621 2221 5658 ·‘'

287 5791 370 5858 cim:
396 5794 432 5859 et
455 5809 478 5860 a
500 5808 583 5878 pars
606 5785 871 5858 sebtemtrionis
894 5784 967 5852 flne
991 5780 1105 5869 ipsius
1128 5777 1287 5864 ecclesie,
1303 5775 1386 5844 inde
1402 5775 1497 5862 passi
1512 5774 1645 5863 biginti
1660 5773 1730 5842 duo
1746 5779 1785 5846 et
1798 5776 1919 5844 cubito
1935 5795 2063 5848 unum:
2088 5785 2128 5848 et

1697 5905 1723 5950 ο

355 5975 426 6036 Tou.
448 5989 487 6034 vr.
755 6060 760 6066 ι
1311 5965 1325 5986 “
1936 5959 1969 6014 11
