5408 7108
619 499 688 572 nro
1252 501 1426 576 oonnx
1465 483 1741 576 onvnnsrs

572 727 626 790 ter
652 725 814 794 retinunt
839 727 912 814 ipse
935 731 1152 798 sortionibus
1182 731 1224 798 de
1257 732 1333 816 ipsa
1360 729 1465 798 vinea
1488 730 1637 797 deserta.
1665 732 1797 798 Tamen
1822 735 1859 798 et
1883 729 1961 817 ipsa
1990 735 2147 800 sortione
2171 731 2218 802 da
2241 733 2427 802 occidente

571 879 744 948 coniunta
767 887 821 946 est
845 879 888 948 ad
916 881 989 950 1111
1012 881 1085 968 via,
1110 900 1179 968 que
1202 887 1256 950 est
1278 883 1321 950 de
1346 901 1451 969 super
1475 883 1594 968 capite
1617 889 1652 950 et
1674 883 1721 950 da
1744 881 1813 970 ipsi
1839 885 1987 952 termiti.
2013 887 2057 953 m
2082 885 2129 955 da
2153 885 2323 972 complete
2348 888 2425 972 ipse

573 1033 790 1102 sortionibus
815 1031 852 1098 in
875 1051 960 1118 pars
982 1033 1242 1119 septemtrionis
1265 1051 1332 1120 qno
1355 1038 1492 1119 quanta
1523 1039 1729 1122 quantaque
1765 1037 1872 1103 rebus
1902 1037 2005 1104 nobis
2036 1039 2086 1106 ibi
2117 1042 2172 1107 est
2201 1039 2424 1125 pertinentes

574 1182 611 1248 in
637 1187 799 1270 partibus
824 1183 1016 1252 occidentis
1039 1189 1074 1252 et
1098 1187 1134 1251 in
1159 1203 1243 1272 pars
1266 1188 1529 1271 septemtrionis
1553 1206 1664 1274 usque
1695 1189 1753 1257 via
1785 1209 1854 1275 que
1877 1190 2039 1258 aseendit
2061 1189 2108 1260 ad
2131 1190 2207 1278 ipso
2237 1211 2363 1279 sasso,
2387 1195 2425 1260 et

569 1355 592 1404 a
616 1355 698 1422 pars
721 1337 871 1405 orientis
895 1337 1066 1406 coniunta
1090 1355 1168 1403 cum
1195 1335 1273 1424 ipsa
1297 1340 1415 1426 priore
1439 1343 1509 1408 ria.
1537 1343 1615 1410 Ideo
1639 1361 1680 1412 oo
1703 1347 1815 1412 totum
1839 1365 1905 1432 ego
1929 1345 2136 1412 nominatus
2160 1343 2215 1412 leo
2240 1345 2354 1414 dividi
2380 1346 2429 1412 il-

568 1491 620 1558 111
644 1497 679 1560 11
702 1489 770 1560 feci
795 1492 929 1560 exinde
954 1492 1022 1560 due
1047 1495 1164 1578 sortis,
1190 1513 1263 1562 una
1285 1499 1379 1562 sorte
1403 1513 1425 1562 1
1450 1514 1533 1581 pars
1557 1497 1823 1582 septemtrionis
1848 1499 2021 1565 coniunta
2045 1498 2091 1566 ad
2115 1499 2193 1584 ipsa
2210 1499 2270 1566 via
2287 1499 2325 1565 in
2345 1499 2423 1586 ipso

572 1661 687 1730 sasso,
713 1650 749 1713 et
771 1645 844 1715 1111
867 1645 1094 1714 sortione‘da
1117 1665 1201 1731 pars
1227 1645 1374 1715 meridie
1398 1653 1569 1718 coniunta
1592 1649 1637 1717 ad
1653 1651 1860 1736 supradicte
1884 1651 2100 1718 sortionibns
2126 1653 2162 1719 et
2186 1651 2231 1718 ad
2256 1653 2325 1738 ipsi
2349 1655 2421 1720 ter·

571 1799 666 1866 miti.
692 1801 772 1885 Ipsa
796 1801 952 1868 sortione
975 1801 1021 1869 da
1045 1820 1129 1888 pars
1152 1801 1414 1888 septemtrionis
1444 1821 1506 1887 per
1538 1803 1603 1869 hec
1631 1804 1714 1870 finis
1735 1808 1771 1872 et
1794 1805 1998 1872 mensurio:
2023 1825 2046 1874 a
2068 1823 2153 1891 pars
2178 1805 2327 1872 orientis
2352 1805 2425 1874 fine

573 1952 650 2038 ipsa
674 1955 732 2020 via
756 1953 803 2021 da
828 1951 916 2040 iobi‚
942 1954 1023 2021 inde
1046 1958 1130 2022 sunt
1153 1974 1215 2040 per
1240 1953 1391 2022 latitudo
1415 1973 1526 2040 usque
1550 1955 1626 2042 ipsa
1651 1957 1708 2024 via
1732 1974 1800 2041 que
1823 1957 1984 2025 ascendit
2007 1956 2053 2024 ad
2078 1957 2153 2044 ipso
2176 1977 2299 2044 sessu,
2325 1959 2424 2046 passi

574 2107 838 2195 quinquaginta
861 2127 922 2176 sex
938 2129 948 2193 3
974 2106 1159 2196 longitudo
1175 2113 1242 2194 est,
1260 2107 1415 2194 qualiter
1439 2113 1574 2175 rectum
1597 2107 1699 2174 vadit
1714 2108 1761 2174 da
1777 2109 1856 2192 ipsa
1872 2107 1931 2175 via
1948 2107 1993 2175 da
2010 2107 2079 2175 iobi
2098 2107 2316 2194 inpartibus
2334 2111 2427 2178 occi-

576 2261 693 2330 dentis
718 2282 779 2349 per
803 2262 873 2348 ipsi
898 2264 1047 2349 termiti,
1072 2263 1133 2349 qui
1159 2263 1254 2330 inter
1278 2263 1382 2329 ambo
1406 2263 1480 2347 ipse
1504 2262 1609 2328 sortis
1633 2259 1708 2328 ficti
1733 2242 1868 2327 suntet
1885 2279 1996 2345 usque
2012 2262 2090 2346 ipsa
2108 2263 2169 2328 via
2184 2261 2228 2328 de
2243 2280 2360 2349 super.
2382 2265 2428 2332 Et

572 2417 651 2504 ipsa
675 2419 831 2484 sortione
855 2418 902 2489 da
927 2417 1076 2486 meridie
1101 2437 1163 2505 per
1192 2419 1258 2484 hec
1289 2417 1371 2483 finis
1402 2423 1438 2482 et
1467 2414 1672 2482 mensuria:
1700 2431 1761 2500 per
1793 2411 1945 2481 latitudo
1970 2415 2008 2480 in
2034 2413 2189 2482 medium
2214 2415 2262 2483 da
2283 2417 2425 2487 termite

570 2573 609 2639 in
634 2572 776 2640 termite
800 2591 912 2658 usque
939 2572 1016 2658 ipsa
1040 2574 1197 2638 sortione
1225 2571 1271 2638 da
1300 2568 1574 2655 septemptrione
1593 2567 1686 2653 passi
1706 2565 1832 2652 viginti
1865 2584 1988 2632 unum.
2008 2566 2051 2634 Et
2074 2569 2171 2638 circa
2197 2569 2276 2655 ipsa
2299 2572 2427 2642 riade

565 2727 637 2794 iobi
662 2747 725 2813 per
750 2726 899 2794 latitudo
925 2727 1017 2812 passi
1043 2727 1196 2811 triginta
1220 2728 1255 2791 et
1278 2723 1442 2810 gubitum
1467 2738 1605 2806 unum,
1629 2725 1710 2787 eta
1737 2737 1818 2805 pars
1842 2718 2036 2786 occidentis
2061 2721 2255 2788 coniuncta
2277 2723 2323 2790 ad
2347 2725 2426 2810 ipsa

566 2881 640 2966 via,
666 2884 702 2946 et
726 2883 781 2946 est
806 2879 935 2945 ibidem
960 2897 1023 2963 per
1048 2876 1198 2944 latitudo
1222 2877 1320 2942 circa
1345 2875 1420 2960 ipsa
1444 2875 1585 2960 viaque
1608 2876 1661 2941 est
1684 2873 1726 2939 de
1750 2890 1857 2958 super
1882 2891 1978 2959 pars,
2006 2875 2102 2959 passi
2127 2874 2247 2942 decem
2273 2879 2309 2942 et
2334 2881 2425 2962 octo;

565 3029 752 3117 longitudo
779 3047 861 3096 vero
886 3029 931 3096 (11
955 3030 1033 3114 ipsa
1059 3028 1116 3095 via
1139 3028 1182 3095 de
1206 3026 1276 3092 iobi
1302 3031 1437 3094 rectum
1463 3044 1572 3111 usque
1603 3025 1681 3110 ipsa
1712 3028 1771 3094 via
1800 3044 1869 3110 que
1900 3029 1954 3093 est
1984 3026 2026 3093 de
2051 3043 2178 3113 super;
2203 3033 2279 3096 tota
2309 3032 2426 3098 omnis

566 3182 811 3270 suprascripta
835 3200 1005 3249 mensura
1029 3184 1279 3248 mensuratum
1302 3179 1345 3248 ad
1370 3197 1514 3265 passum
1539 3161 1640 3245 illurn
1664 3180 1725 3265 qui
1750 3179 1935 3266 signatum
1968 3183 2021 3246 est
2052 3180 2090 3246 in
2122 3179 2308 3250 columnea
2331 3201 2427 3251 mar-

566 3352 690 3404 morea
713 3336 756 3404 de
781 3334 932 3404 ecelesia
955 3333 1070 3404 sancti
1094 3333 1225 3403 mathei
1251 3335 1294 3403 de
1317 3331 1598 3419 archiepiscopio
1621 3333 1861 3401 salernitano.
1889 3333 1988 3401 Unde
2006 3331 2106 3418 prius
2124 3331 2197 3417 ipse
2214 3333 2428 3404 mulieribus

568 3508 650 3557 cum
676 3489 836 3577 predicto
863 3492 939 3556 viro
964 3493 998 3557 et
1021 3489 1096 3556 filio
1119 3505 1182 3555 suo
1207 3485 1245 3553 in
1268 3491 1398 3554 sortem
1432 3489 1745 3574 compreenserunt
1764 3485 1807 3553 de
1829 3485 1906 3572 ipsa
1924 3486 2042 3572 priore
2056 3491 2157 3554 terra
2173 3505 2252 3553 oum
2271 3487 2377 3557 vinea
2390 3491 2429 3556 et

567 3664 720 3712 vacuum
739 3695 749 3731 ,
771 3664 840 3731 que
865 3647 919 3710 est
943 3663 965 3712 a
988 3647 1113 3710 subtus
1136 3648 1172 3711 et
1195 3643 1363 3710 coniunta
1386 3660 1467 3708 cum
1493 3643 1569 3726 ipsa
1593 3641 1648 3706 via
1672 3639 1717 3706 da
1743 3639 1811 3705 iobi
1837 3644 1912 3709 tota
1941 3645 1976 3708 et
2002 3639 2131 3710 inclita
2156 3643 2234 3728 ipsa
2268 3643 2426 3710 sortione

566 3795 611 3864 (11
638 3817 722 3884 pars
746 3795 1012 3883 septemtrionis
1035 3814 1097 3881 per
1122 3796 1325 3882 supradicte
1351 3795 1432 3860 finis
1458 3800 1494 3860 et
1517 3794 1710 3858 mensurie.
1741 3795 1786 3859 Et
1801 3811 1867 3878 ego
1891 3796 2113 3879 compreensi
2140 3796 2177 3858 in
2199 3800 2327 3861 sortem
2346 3797 2425 3882 ipsa

567 3951 642 4020 alia
668 3951 823 4018 sortione
848 3971 916 4037 que
940 3957 993 4019 est
1017 3971 1039 4019 a
1063 3971 1146 4038 pars
1170 3949 1318 4017 meridie
1337 3967 1397 4034 per
1421 3945 1623 4032 supradicte
1642 3946 1724 4013 finis
1740 3949 1775 4013 et
1792 3949 1985 4013 mensurie.
2005 3947 2072 4014 Seu
2090 3950 2126 4014 et
2143 3946 2312 4016 similiter
2329 3967 2423 4016 com·

570 4113 789 4188 prenserunt
814 4106 852 4169 in
876 4107 1007 4170 sortem
1031 4103 1073 4170 de
1098 4104 1175 4189 ipsa
1199 4107 1296 4169 terra
1320 4121 1399 4167 cum
1424 4099 1527 4166 vinea
1550 4098 1691 4165 deserta
1716 4101 1790 4166 tota
1807 4105 1843 4166 et
1861 4099 1990 4168 inclita
2012 4101 2092 4186 ipsa
2108 4103 2263 4170 sortione
2279 4103 2325 4172 da
2341 4121 2424 4188 pars

568 4256 764 4324 occidentis
792 4275 853 4343 por
877 4257 1080 4343 supradicte
1106 4257 1189 4323 finis
1213 4262 1247 4324 et
1272 4255 1461 4321 mensurie.
1489 4255 1532 4320 Et
1560 4271 1625 4339 ego
1651 4257 1691 4319 in
1723 4259 1853 4320 sortem
1882 4255 2101 4340 compreensi
2131 4261 2207 4323 tota
2238 4261 2274 4324 et
2298 4256 2425 4327 inclita

568 4411 645 4496 ipsa
670 4415 808 4480 ratione
832 4411 877 4479 da
901 4430 985 4497 pars
1008 4408 1158 4476 orientis
1184 4407 1282 4474 etde
1309 4409 1385 4492 ipsa
1409 4406 1484 4476 alia
1513 4411 1618 4473 rebus
1650 4426 1729 4473 cum
1765 4407 1857 4474 silba
1889 4407 2010 4493 ibique
2041 4410 2238 4494 contenta,
2263 4409 2423 4495 qualiter

568 4571 646 4656 ipsa
671 4587 748 4636 mea
772 4569 929 4634 sortione
953 4566 1131 4650 percurrit
1147 4563 1189 4629 de
1206 4564 1284 4648 ipsa
1310 4564 1414 4629 vinea
1438 4564 1578 4628 deserta
1603 4579 1712 4646 usque
1737 4561 1802 4645 ipsi
1823 4562 1981 4629 termiti:
2007 4561 2174 4629 similiter
2198 4565 2418 4650 compreensi

569 4728 646 4792 tota
670 4727 705 4788 et
731 4720 858 4787 inclita
883 4719 960 4803 ipsa
983 4716 1138 4783 sortione
1161 4715 1207 4782 da
1230 4714 1366 4781 oriente
1391 4716 1562 4780 coniunta
1589 4733 1670 4780 cum
1700 4714 1777 4798 ipsa
1801 4715 1858 4782 via
1881 4714 1928 4782 da
1953 4713 2035 4783 iobi.
2062 4717 2106 4781 Et
2129 4714 2202 4782 illis
2227 4715 2357 4784 exinde
2382 4717 2422 4784 in

569 4881 699 4943 sortem
725 4875 1041 4958 compreenserunt
1066 4872 1144 4955 ipsa
1168 4867 1321 4936 sortione
1352 4867 1397 4933 (11
1420 4868 1627 4953 occidente,
1654 4865 1810 4953 qualiter
1833 4866 2000 4934 similiter
2025 4868 2208 4956 retinunt‚
2235 4870 2423 4957 decapite

566 5028 609 5095 de
636 5028 709 5114 ipse
736 5027 878 5092 illorum
907 5021 1122 5088 sortionibus
1146 5022 1191 5087 da
1219 5023 1295 5107 ipsa
1320 5019 1422 5086 vinea
1445 5019 1585 5089 deserta
1609 5027 1644 5087 et
1671 5039 1781 5107 usque
1806 5021 1872 5108 ipsi
1900 5021 2053 5089 termiti.
2074 5023 2141 5091 Seu
2166 5029 2201 5092 et
2226 5025 2264 5090 in
2289 5029 2420 5092 sortem

570 5181 643 5250 illis
669 5185 983 5267 compreenserunt
1006 5179 1049 5244 de
1075 5180 1147 5263 ipso
1172 5175 1262 5243 aliut
1286 5176 1330 5242 da
1356 5176 1420 5260 ipsi
1448 5174 1581 5241 termiti
1609 5176 1645 5241 in
1670 5192 1795 5260 super,
1823 5176 1899 5260 ipsa
1924 5177 2080 5244 sortione
2104 5177 2150 5244 (11
2174 5177 2324 5245 meridie
2349 5197 2419 5265 que

568 5337 741 5404 coniunta
765 5341 817 5402 est
841 5335 884 5402 ad
911 5333 1114 5420 supradicte
1140 5331 1355 5397 sortionibus
1382 5347 1442 5415 per
1469 5329 1671 5415 supradicte
1702 5330 1784 5397 finis
1817 5335 1853 5398 et
1878 5335 2080 5410 mensurie;
2110 5337 2152 5402 Et
2174 5351 2240 5422 ego
2265 5336 2303 5402 in
2326 5345 2422 5402 sorte

565 5491 786 5579 compreensi
811 5496 885 5556 tota
909 5491 945 5553 et
969 5487 1094 5553 inclita
1119 5487 1196 5570 ipsa
1220 5484 1398 5568 sortione,
1424 5501 1492 5568 que
1516 5490 1569 5550 est
1593 5503 1614 5550 a
1641 5491 1740 5570 parte
1766 5488 2033 5573 septemtrionis
2063 5507 2124 5574 per
2148 5491 2356 5575 supradicte
2382 5491 2423 5556 fi-

567 5643 625 5711 nis
650 5649 685 5710 et
710 5641 900 5709 mensurie.
924 5640 997 5705 Hcc
1020 5636 1223 5723 supradicte
1246 5635 1374 5722 sortis,
1399 5635 1555 5721 qualiter
1579 5633 1742 5720 superius
1766 5635 1859 5704 dicte
1883 5643 1994 5724 sunt,
2018 5639 2115 5706 Inter
2147 5658 2210 5707 nos
2241 5639 2302 5708 ille
2327 5659 2420 5710 com-

566 5794 792 5885 preensimus
815 5797 851 5859 et
874 5791 1085 5859 tradidimus
1110 5807 1189 5856 cum
1216 5788 1335 5855 omnia
1362 5787 1456 5854 intro
1482 5804 1519 5854 se
1542 5789 1758 5855 habentibus
1783 5791 1818 5856 et
1831 5789 1906 5856 suis
1932 5790 2174 5878 pertinentiis,
2192 5798 2327 5860 etcum
2346 5795 2422 5860 vice
