5406 7090
610 543 634 620 8
1256 546 1715 622 LECTIONARIUM

567 801 582 836 u
613 773 744 864 omnia,
774 783 809 848 et
835 773 974 869 sequuti
1000 795 1122 846 sumus
1147 781 1193 846 te.
1221 770 1373 848 Observa
1398 775 1503 848 simul
1529 785 1564 850 et
1590 774 1668 861 hoc,
1697 799 1804 871 quum
1831 777 1968 850 occasio
1988 775 2270 872 interrogationis
2295 776 2444 874 hujus.

574 963 589 998 a
621 933 714 1004 modi
741 956 781 1005 ex
810 931 869 1006 illo
895 931 986 1006 lacta
1012 941 1065 1004 est
1091 941 1201 1027 petro,
1228 934 1319 1026 quod
1347 931 1491 1006 verbum
1512 935 1796 1012 christi'audivit
1812 936 1973 1010 dicentis:
2002 937 2031 1009 si
2050 937 2103 1008 vis
2121 935 2296 1033 perlectus
2321 958 2412 1023 esse,

570 1123 585 1161 a
617 1093 703 1166 vade
732 1092 842 1164 vende
869 1093 986 1166 omnia
1012 1113 1101 1184 quae
1127 1091 1284 1187 possides
1310 1101 1344 1166 et
1369 1094 1412 1165 da
1438 1092 1646 1188 pauperibus
1682 1104 1717 1165 et
1742 1092 1882 1167 habebis
1908 1092 2108 1166 thesaurum
2138 1093 2173 1162 in
2200 1093 2338 1181 coelis,
2377 1102 2413 1164 et

570 1281 586 1316 c
616 1250 695 1322 veni
723 1272 870 1345 sequere
897 1274 965 1324 me.
992 1250 1123 1322 Deinde
1150 1249 1231 1344 qnia
1257 1251 1491 1324 consideravit
1518 1252 1772 1324 adolescentem
1798 1275 1877 1324 cum
1906 1252 2045 1325 tristitia
2070 1252 2280 1337 abeuntem,
2308 1275 2416 1346 quum

578 1439 594 1474 c
625 1410 822 1506 praeposuit
847 1409 975 1484 multas
1001 1410 1237 1505 possessiones
1263 1408 1388 1484 habere
1416 1410 1450 1480 in
1477 1411 1593 1496 terris,
1622 1434 1724 1504 quam
1751 1433 1827 1482 esse
1848 1411 2022 1506 perlectus
2040 1410 2075 1481 in
2094 1411 2173 1490 deo:
2193 1410 2417 1482 considerans

572 1597 587 1632 a
617 1590 751 1664 quoque
778 1577 812 1640 et
837 1565 1070 1641 difficultatem
1097 1569 1245 1641 divitum
1272 1523 1490 1664 ingrediendi
1517 1567 1551 1636 in
1572 1587 1716 1662 regnum
1743 1568 1932 1654 coelorum,
1956 1567 2033 1640 ideo
2051 1568 2148 1662 quasi
2168 1569 2228 1665 qui
2249 1569 2322 1664 ipse
2346 1591 2417 1642 non

577 1753 591 1788 c
621 1703 759 1798 lncilein
788 1747 860 1796 rem
887 1721 1203 1811 consummaverit,
1232 1722 1268 1793 in
1295 1747 1335 1796 eo
1362 1724 1452 1817 quod
1479 1727 1642 1798 universa
1668 1725 1808 1821 reliquit
1833 1736 1868 1798 et
1893 1735 2036 1800 secutus
2062 1735 2114 1798 est
2138 1724 2271 1811 lesnm3
2303 1725 2413 1800 dixit:

572 1915 587 1951 c
617 1907 698 1958 ecce
716 1909 780 1959 nos
798 1885 1003 1980 reliquimus
1022 1885 1150 1972 omnia,
1171 1896 1205 1957 et
1224 1885 1335 1958 secuti
1356 1909 1477 1958 sumus
1502 1897 1549 1960 te.
1569 1886 1751 1982 Propterea
1770 1895 1867 1982 petro
1885 1883 2096 1958 fiducialiter
2115 1886 2180 1958 ista
2198 1885 2340 1973 dicenti,
2362 1909 2418 1958 re-

570 2067 586 2117 u
616 2044 754 2139 spondit
779 2045 1044 2140 promissionem
1072 2047 1171 2116 istam
1199 2044 1382 2116 maximam
1410 2044 1590 2144 christus,
1621 2057 1657 2117 ut
1686 2045 1731 2116 sit
1761 2068 1851 2116 unus
1878 2066 1918 2115 ex
1942 2042 2130 2140 judicibus.
2158 2044 2270 2131 Quum
2300 2052 2416 2118 autem

568 2237 583 2273 a
615 2205 709 2276 verbi
737 2205 941 2300 simplicitas
968 2227 1035 2276 non
1064 2213 1117 2276 est
1142 2205 1227 2278 satis
1255 2204 1378 2277 idonea
1405 2206 1595 2278 auditorem
1622 2207 1753 2302 ingenii
1779 2172 2020 2280 eminentioris
2045 2206 2207 2302 placare,
2235 2210 2280 2280 de
2313 2205 2418 2278 hone·

570 2397 584 2434 u
615 2375 701 2440 state
728 2389 852 2439 sensus
878 2365 913 2436 in
942 2363 1131 2438 moralibus
1157 2363 1431 2460 expositionibus
1458 2366 1695 2452 consistente,
1724 2365 1827 2438 etiam
1853 2365 1946 2437 hunc
1985 2369 2101 2439 locum
2129 2367 2182 2441 ita
2217 2365 2411 2440 trademus.

570 2555 591 2593 a
615 2527 727 2614 Quum
755 2525 820 2598 hoc
846 2525 959 2622 ipsum
987 2527 1079 2622 quod
1108 2524 1155 2596 ait
1181 2547 1263 2597 ecce
1289 2547 1353 2596 nos
1378 2524 1584 2618 reliquimus
1602 2525 1717 2596 omnia
1735 2536 1769 2598 et
1786 2525 1895 2598 secuti
1921 2548 2043 2597 sumus
2068 2534 2116 2612 te,
2145 2525 2233 2598 retia
2259 2535 2416 2600 contem·

569 2716 584 2753 n
614 2685 748 2781 ptibilia
774 2685 956 2784 reliquisse
984 2685 1040 2758 vel
1059 2707 1243 2780 pauperem
1270 2685 1435 2774 domum,
1464 2693 1497 2757 et
1524 2685 1631 2758 vitam
1659 2687 1694 2756 in
1722 2693 1918 2779 paupertate
1958 2683 2136 2756 doloribus
2164 2684 2316 2780 plenam,
2344 2709 2414 2758 non

571 2875 587 2914 u
618 2845 702 2918 adeo
729 2868 890 2940 magnum
913 2859 982 2930 est,
1005 2831 1124 2938 ⁴neque
1150 2844 1294 2938 dignum
1320 2844 1380 2916 tali
1407 2845 1601 2940 discipulo,
1631 2846 1687 2917 oui
1716 2847 1821 2918 etiam
1848 2845 1960 2918 luerat
1986 2844 2141 2916 dictum:
2170 2853 2208 2916 tu
2235 2867 2272 2916 es
2298 2853 2417 2939 petrus

569 3035 584 3072 a
606 3014 649 3078 et
675 3026 778 3100 super
804 3002 891 3075 hano
920 3014 1050 3098 petram
1077 2999 1265 3076 aedificabo
1292 3003 1496 3076 aecclesiam
1526 3028 1651 3096 meam,
1670 3012 1705 3076 et
1730 3013 1845 3098 portae
1872 3003 2062 3074 inferorum
2081 3027 2150 3075 non
2169 3000 2416 3097 praevalebunt

570 3195 584 3232 a
614 3163 659 3236 ei.
688 3163 823 3258 Ergone
850 3163 937 3236 sorte
964 3185 1009 3237 ee
1034 3185 1120 3256 quae
1146 3161 1272 3235 tradita
1298 3170 1379 3234 sunt
1405 3164 1568 3258 superius
1593 3165 1635 3235 de
1662 3163 1774 3237 verbis
1800 3163 1921 3237 christi
1940 3164 2101 3236 dicentis:
2132 3163 2216 3234 vade
2244 3171 2280 3236 et
2305 3161 2416 3234 vende

569 3353 584 3390 c
617 3323 730 3396 omnia
757 3345 842 3416 quae
869 3321 1038 3418 possides,
1067 3329 1101 3393 et
1120 3319 1262 3394 habebis
1287 3319 1486 3394 thesaurum
1515 3322 1550 3392 in
1577 3321 1698 3409 caelis,
1727 3332 1761 3394 et
1780 3323 1858 3395 veni
1886 3344 2030 3416 sequere
2058 3343 2125 3408 me,
2149 3321 2248 3394 utilia
2275 3327 2309 3391 et
2334 3343 2416 3391 vera

569 3514 584 3550 «
613 3483 755 3558 suntin
783 3482 948 3578 presenti.
976 3482 1099 3554 Petrus
1125 3480 1217 3552 enim
1257 3480 1372 3554 omnia
1399 3480 1539 3576 reliquit
1576 3480 1610 3552 in
1639 3479 1764 3574 quibus
1790 3489 1864 3553 erat
1889 3487 2073 3574 peccator,
2106 3487 2244 3576 propter
2269 3500 2356 3573 quae
2381 3489 2416 3552 et

569 3673 584 3710 c
615 3643 763 3716 dixerat:
792 3643 845 3714 exi
872 3666 890 3714 a
918 3664 972 3713 me
999 3640 1137 3714 domine
1164 3662 1270 3733 quum
1297 3636 1404 3714 homo
1430 3650 1589 3735 peccator
1614 3666 1691 3714 snm
1717 3663 1792 3737 ego.
1822 3639 1864 3712 Et
1892 3660 2016 3735 magna
2041 3641 2117 3713 laus
2135 3641 2212 3712 eius
2237 3638 2304 3730 erit
2330 3661 2415 3713 con·

568 3836 583 3872 a
614 3803 753 3878 fidentis
780 3813 817 3878 ut
843 3804 1005 3876 decetero
1032 3825 1099 3876 non
1126 3811 1296 3899 peccaret,
1326 3801 1385 3894 qui
1413 3801 1514 3887 dixit,
1543 3823 1624 3872 ecce
1651 3799 1856 3896 reliquimus
1874 3799 2003 3886 omnia,
2025 3808 2059 3872 et
2083 3823 2153 3872 non
2181 3799 2415 3872 solum-mala

568 3996 582 4032 a
607 3963 838 4060 reliquimus,
867 3963 926 4037 sed
953 3971 986 4036 et
1012 3971 1045 4035 te
1073 3963 1183 4035 secuti
1211 3958 1345 4034 sumus}
1372 3960 1468 4048 Quod
1495 3969 1612 4034 antem
1639 3960 1726 4031 dicit
1757 3959 1874 4046 ,secuti
1901 3983 2022 4033 sumus
2046 3965 2095 4046 te,
2123 3966 2237 4054 potest
2262 3959 2331 4031 dici
2358 3982 2413 4034 se·

479 4090 483 4096 ¹
563 4155 582 4198 a
610 4126 764 4199 cundum
794 4123 909 4198 omnia
928 4147 1012 4222 quae
1031 4131 1125 4220 pater
1151 4119 1317 4194 revelavit
1343 4127 1439 4214 petro
1457 4141 1532 4192 esse
1551 4117 1661 4192 filium
1680 4141 1795 4190 suum.
1817 4118 1936 4191 Secuti
1956 4139 2077 4190 sumus
2094 4124 2128 4189 te
2143 4116 2330 4214 justitiam,
2359 4139 2413 4189 se·

568 4315 583 4352 n
615 4283 767 4358 cundum
795 4285 885 4380 quod
910 4282 1044 4380 justitia
1070 4305 1121 4368 es3
1151 4278 1261 4353 secuti
1287 4302 1407 4352 sumus
1435 4286 1467 4352 te
1493 4277 1814 4364 sanctificationem,
1844 4277 2035 4350 secundum
2064 4277 2156 4373 quod
2184 4275 2412 4350 sanctificatio

571 4473 585 4510 a
616 4467 666 4531 es,
695 4451 729 4516 et
754 4443 921 4540 sapientia
946 4451 981 4515 et
998 4462 1065 4537 pax
1082 4449 1116 4513 ct
1134 4440 1260 4514 veritas
1287 4447 1320 4513 et
1339 4437 1393 4510 via
1419 4436 1610 4510 ducensad
1630 4435 1731 4507 deum
1758 4443 1793 4506 et
1811 4433 1975 4507 advitam
1995 4456 2124 4506 veram.
2145 4432 2290 4529 Propter
2315 4435 2409 4528 quod

566 4633 581 4670 a
612 4601 708 4698 quasi
734 4603 846 4676 victor
872 4599 1023 4689 athleta,
1051 4609 1127 4698 post
1153 4599 1276 4672 laetam
1303 4593 1528 4692 agonitheta,
1558 4593 1747 4687 interrogat
1784 4614 1871 4686 quae
1911 4601 1993 4664 sunt
2022 4589 2173 4686 praemia
2212 4589 2412 4663 certaminis

566 4793 581 4830 a
612 4761 796 4858 ejusmodi,
826 4783 912 4856 quac
939 4759 1051 4834 adhuc
1078 4754 1264 4829 nesciebat.
1284 4753 1373 4842 Quid
1394 4754 1512 4846 utique
1538 4751 1605 4825 erit
1621 4752 1738 4824 nobis?
1757 4751 1799 4824 Et
1817 4775 1880 4824 nos
1898 4752 1927 4824 si
1948 4750 2111 4823 volumus
2130 4749 2308 4845 percipere
2325 4772 2413 4844 quae

570 4953 585 4989 a
614 4931 696 4995 sunt
722 4931 818 5018 petro
844 4920 1012 5018 promissa
1050 4917 1212 4991 similiter
1238 4917 1353 4989 omnia
1380 4915 1641 5010 relinquamuS,
1671 4923 1708 4988 ut
1747 4915 1910 4987 decatero
1936 4911 2032 4985 nulla
2059 4921 2239 4984 teneamur
2265 4911 2410 4996 malitia,

568 5111 583 5148 a
614 5105 726 5178 neque
752 5079 792 5153 ab
818 5079 990 5175 aliquibus
1016 5079 1176 5176 operibus
1202 5077 1290 5162 eins,
1312 5077 1372 5148 scd
1398 5076 1542 5148 verbum
1560 5075 1616 5146 dei
1642 5095 1840 5166 sequamur,
1863 5080 1898 5144 ut
1918 5069 2056 5144 dicatur
2071 5081 2106 5144 et
2124 5070 2223 5144 nobis
2242 5080 2277 5143 et
2303 5072 2415 5142 omni·

570 5273 585 5310 a
616 5242 680 5315 bus
707 5239 933 5335 sequentibus
963 5261 1068 5323 eum,
1098 5260 1183 5332 quae
1211 5233 1473 5330 insequentibus
1500 5233 1596 5306 dicit:
1626 5255 1725 5305 amen
1753 5232 1831 5305 dico
1858 5231 1980 5320 vobis,
2009 5231 2099 5329 quod
2127 5255 2188 5304 vos
2216 5231 2275 5325 qui
2301 5229 2412 5302 secuti

568 5431 583 5470 κ
614 5401 697 5475 estis
724 5421 796 5488 me,
826 5400 860 5470 in
890 5397 1150 5495 regeneratione
1177 5419 1257 5469 cum
1283 5395 1414 5468 sederit
1432 5393 1524 5469 hlius
1549 5393 1701 5467 hominis
1720 5393 1755 5464 in
1774 5393 1855 5464 sede
1874 5392 2065 5466 maiestatis
2083 5414 2165 5476 suae
2183 5400 2218 5463 et
2236 5411 2297 5462 vos
2314 5389 2414 5460 sede-

567 5593 582 5631 «
615 5560 698 5636 bitis
723 5584 827 5658 super
854 5557 1037 5632 duodecim
1064 5553 1219 5642 thronos,
1246 5552 1442 5650 judicantes
1460 5553 1645 5628 duodecim
1664 5552 1774 5628 tribus
1800 5553 1941 5626 israhel.
1961 5551 2061 5638 Quod
2079 5560 2113 5624 et
2137 5553 2252 5646 ipsum
2271 5557 2305 5623 et
2330 5547 2414 5620 sim·

567 5751 582 5790 c
612 5721 736 5818 plicam
764 5719 864 5794 habet
891 5716 1223 5814 interpretationem,
1245 5713 1485 5786 exhortantem
1512 5713 1709 5806 relinquere
1728 5711 1816 5786 bona
1835 5709 1967 5785 saeculi
1993 5717 2132 5806 propter
2157 5707 2351 5795 Christum,
2379 5717 2416 5781 et

566 5911 582 5948 a
611 5879 829 5978 spiritualem
856 5886 890 5952 et
916 5878 1073 5952 altiorem
1100 5875 1286 5972 diligenter
1312 5889 1426 5970 petere
1451 5869 1571 5945 vitam.
1599 5870 1665 5957 Qui
1692 5868 1995 5964 ergosecundum
2022 5868 2172 5942 litteram
2213 5865 2410 5962 intelligere
