5456 7096
606 487 676 560 lth
1230 485 1418 562 dooux
1457 485 1750 561 CAVENSIS

556 733 604 784 ex
629 716 923 786 cenodochiorum
948 717 1122 805 prepostis
1145 715 1188 784 de
1211 716 1492 801 quibuscumque
1517 714 1623 780 rebus
1648 712 1890 780 convenientis
1914 709 2038 776 lecerit
2061 711 2097 776 et
2120 707 2275 793 ydoneos
2292 705 2403 773 homi·

563 885 628 936 nes
652 869 895 958 interfuerint,
921 888 991 938 non
1016 870 1125 956 possit
1148 871 1270 954 postca
1294 868 1338 936 ab
1354 885 1473 934 eorum
1491 862 1749 932 successoribus
1762 860 1947 944 removeri,
1964 859 2056 926 sicut
2072 876 2137 925 nec
2155 862 2403 926 removeretur

561 1021 607 1089 ab
632 1021 764 1089 eisdem
790 1021 1031 1110 longobardis,
1056 1023 1204 1107 excepto
1229 1021 1324 1088 inter
1340 1037 1377 1086 se
1392 1018 1575 1103 obbligata
1590 1014 1840 1100 compositione
1854 1011 2006 1080 voluerit
2018 1027 2160 1097 penam.
2176 1011 2232 1096 Et,
2250 1009 2333 1077 dum
2349 1013 2400 1078 ta-

561 1167 646 1239 liter
670 1191 726 1240 me
750 1174 828 1259 ipsa
851 1175 909 1241 lex
933 1173 1094 1258 absolvit,
1120 1174 1197 1241 ideo
1220 1172 1324 1241 iuxta
1348 1172 1572 1238 institutione
1597 1169 1752 1237 eiusdem
1778 1168 1868 1254 tegis
1892 1168 2064 1236 interesse
2078 1167 2345 1233 convocavimus
2369 1165 2404 1230 te

560 1319 689 1389 domno
713 1323 910 1409 sadelperto
934 1324 1126 1410 magnifico
1149 1325 1282 1392 indices
1305 1328 1340 1390 et
1364 1327 1503 1408 petrum
1528 1321 1641 1388 tilium
1665 1319 1845 1389 sadelsridi
1869 1318 2112 1388 advocatorem
2137 1323 2310 1404 nostrum,
2342 1333 2405 1384 seu

559 1475 594 1539 et
621 1472 704 1540 aliis
728 1473 918 1542 nobiliores
942 1475 1159 1562 hominibus,
1184 1479 1224 1542 ut
1248 1493 1290 1543 ea
1313 1494 1381 1560 que
1405 1477 1499 1543 inter
1522 1493 1585 1542 nos
1602 1481 1789 1560 utrumque
1806 1473 2002 1541 laceremus
2026 1469 2405 1556 convenientiam,tir·

559 1641 658 1691 mum
682 1631 717 1692 et
741 1614 977 1713 stabilemque
1001 1627 1128 1696 debeat
1143 1645 1364 1714 permanere.
1384 1629 1603 1716 Quapropter
1619 1646 1685 1715 ego
1702 1627 1928 1714 supradictus
1943 1625 2000 1692 his
2017 1626 2189 1693 iohannes
2204 1625 2326 1710 gratia
2349 1624 2405 1692 dei

560 1775 759 1865 episcopus,
786 1797 859 1850 una
882 1799 962 1848 cum
987 1798 1161 1848 consensu
1186 1783 1409 1849 sacerdotum
1427 1783 1496 1849 hac
1511 1782 1701 1850 levitarum
1716 1783 1882 1866 omnique
1897 1779 1991 1848 clero
2008 1780 2120 1847 nostri
2134 1779 2326 1864 epyscopii,
2343 1795 2406 1862 per

558 1944 598 1995 oc
626 1930 798 2016 scriptum
823 1933 1073 2003 convenientie
1097 1933 1255 2000 ordinem
1281 1934 1377 2002 dedit
1395 1938 1501 2020 atque
1515 1934 1664 2002 tradidit
1680 1932 1746 2001 tibi
1762 1950 1870 2017 supra
1886 1930 2108 2000 nominatum
2127 1935 2207 2016 poto
2224 1931 2302 2017 ipsa
2320 1930 2407 1998 iam-

557 2077 654 2149 dicta
677 2081 829 2151 ecclesia
853 2085 970 2152 sancti
995 2084 1110 2153 iacobi
1135 2085 1285 2172 apostoli
1312 2091 1348 2154 et
1370 2088 1486 2154 sancti
1512 2088 1670 2155 barnabe
1695 2083 1854 2172 apostoli.
1879 2082 1989 2171 Unde,
2014 2101 2124 2152 neca
2162 2089 2263 2170 parte
2293 2084 2406 2152 nostri

559 2231 743 2321 episcopii,
768 2253 832 2302 nec
857 2235 1005 2304 cuilibet
1028 2235 1152 2314 alteris
1169 2237 1373 2306 horninibus
1388 2239 1522 2307 nullam
1535 2239 1665 2308 exinde
1681 2238 1940 2307 reservabimus
1958 2236 2154 2323 portionem
2180 2237 2406 2324 requirendi,

558 2386 619 2454 sed
645 2407 718 2456 una
741 2408 822 2457 cum
847 2391 907 2458 via
930 2395 966 2458 et
990 2392 1115 2460 andita
1138 2411 1217 2469 sua,
1243 2411 1323 2458 cum
1349 2393 1504 2460 transita
1527 2397 1563 2459 et
1589 2391 1780 2477 exitasua‚
1798 2397 1930 2459 etcum
1947 2391 2147 2459 interiuset
2171 2392 2407 2479 superiusque

559 2543 646 2628 suis,
672 2547 710 2610 et
733 2561 814 2609 cum
838 2545 1002 2612 omnibus
1025 2543 1101 2610 suis
1126 2543 1357 2630 pertinentiis
1380 2549 1414 2612 te
1438 2547 1786 2631 supranominatum
1803 2549 1884 2631 poto
1899 2563 1959 2631 per
1975 2545 2136 2613 ordinem
2159 2547 2407 2614 convenientia

558 2694 720 2764 dedimus
743 2701 779 2764 et
803 2697 1017 2765 tradidimus
1041 2699 1106 2764 tibi
1132 2704 1226 2784 pote,
1251 2700 1296 2766 ad
1321 2699 1627 2786 sempiternaliter
1654 2701 1855 2770 habendum
1879 2705 1916 2769 et
1939 2699 2199 2787 possidendum,
2217 2701 2260 2768 de
2275 2719 2346 2787 qua
2370 2701 2408 2767 in

558 2850 845 2918 convenientiam
870 2849 1068 2938 recepimus
1092 2871 1113 2920 a
1137 2857 1171 2919 te
1196 2852 1482 2938 prenominatum
1507 2857 1588 2938 poto
1620 2853 1823 2940 quindecim
1860 2851 1987 2919 solidos
2020 2854 2329 2920 constantinianos
2361 2873 2407 2922 ex

561 3021 652 3071 auro
675 2987 939 3092 boni‚'flnitum
963 3005 1114 3074 dicimus
1137 3013 1318 3094 receptum
1341 3007 1473 3075 habere
1496 3008 1663 3092 pretium.
1697 3007 1748 3074 Ea
1782 3005 1917 3074 scilicet
1951 3007 2110 3091 ratione,
2147 3009 2187 3073 ut
2217 3005 2341 3074 amodo
2372 3011 2407 3074 et
2442 2999 2448 3006 ’

559 3171 696 3239 semper
719 3158 792 3222 tam
816 3161 855 3224 tu
878 3159 940 3242 qui
964 3175 1072 3244 supra
1096 3163 1174 3244 poto
1198 3165 1233 3228 et
1255 3158 1327 3226 tuis
1349 3158 1538 3225 heredibus
1553 3157 1675 3226 eadem
1693 3161 1813 3225 nostra
1830 3157 2032 3244 traditione,
2047 3159 2090 3225 de
2105 3158 2198 3227 sicut
2214 3177 2323 3246 supra
2352 3161 2403 3230 le·

559 3305 672 3396 gitur,
697 3326 820 3376 securo
843 3309 986 3377 nomine
1009 3312 1171 3380 habeatis
1198 3317 1233 3378 et
1257 3311 1466 3397 possideatis
1483 3312 1520 3376 in
1537 3312 1632 3378 omni
1650 3316 1772 3380 vestra
1789 3314 1961 3397 potestate
1977 3317 2013 3378 et
2028 3311 2281 3402 dominatione,
2298 3318 2408 3402 atque

559 3465 740 3530 transacto
763 3463 937 3530 securiter
962 3462 1044 3530 inde
1068 3462 1234 3550 faciendi,
1259 3464 1567 3550 quemammodum
1591 3467 1657 3532 tibi
1682 3465 1805 3551 tuique
1827 3463 2019 3532 heredibus
2043 3465 2231 3553 placuerit,
2247 3471 2284 3535 et
2305 3469 2408 3553 quis-

560 3610 768 3695 buscunquo
793 3613 891 3679 vobis
914 3613 999 3680 dare
1023 3614 1077 3680 vel
1100 3613 1242 3681 tradere
1266 3614 1455 3703 placuerit,
1481 3617 1558 3685 siue
1583 3619 1865 3687 contradictione
1889 3623 2012 3688 nostra
2036 3620 2090 3687 vel
2107 3620 2150 3689 de
2168 3627 2321 3708 posteros
2346 3641 2407 3691 no·

560 3766 651 3828 stros
674 3763 917 3848 requisitione.
942 3765 996 3831 lta
1020 3767 1059 3831 ut
1082 3765 1244 3832 ammodo
1268 3771 1303 3834 et
1326 3785 1462 3853 semper
1486 3788 1546 3836 vos
1570 3771 1631 3855 qui
1654 3789 1762 3856 supra
1789 3775 1869 3856 poto
1892 3776 1928 3838 et
1952 3772 2023 3838 tuis
2038 3773 2255 3842 eredibusin
2282 3775 2406 3843 eadem

561 3908 711 3980 ecclesia
735 3910 842 3980 liceat
865 3931 926 3979 vos
949 3915 1226 4003 omnitempore
1249 3917 1404 3985 officium
1428 3921 1544 3988 lacere
1560 3920 1618 3988 die
1634 3927 1824 4009 noctuque,
1843 3929 1878 3992 et
1894 3925 1940 3993 ab
1953 3925 2047 3991 omni
2064 3926 2266 3996 conditione
2285 3933 2408 3996 nostre

561 4063 656 4130 sedis
680 4063 828 4133 liberam
852 4065 1114 4153 constituimus
1140 4071 1180 4134 ut
1203 4087 1268 4136 nec
1291 4071 1585 4158 archipresbiter,
1611 4091 1676 4140 nec
1700 4073 1871 4159 quislibet
1895 4081 2094 4143 nostrorum
2112 4077 2320 4148 clericorum
2341 4082 2408 4150 ali·

562 4236 671 4303 quam
695 4223 904 4303 potestatem
929 4224 992 4288 aut
1014 4221 1290 4290 dominationem
1316 4222 1352 4288 iu
1376 4224 1535 4309 predicta
1560 4227 1636 4311 ipsa
1659 4225 1808 4294 ecclesia
1837 4244 1907 4294 non
1924 4231 2066 4297 habeat.
2086 4231 2144 4298 Set
2160 4231 2196 4297 in
2221 4239 2406 4321 perpetuis

562 4367 782 4454 temporibus
807 4373 880 4437 tam
905 4371 1029 4457 tuqui
1054 4390 1163 4459 supra
1187 4379 1266 4459 poto
1289 4385 1396 4460 quam
1422 4383 1456 4444 et
1479 4377 1551 4444 tuis
1575 4379 1764 4446 heredibus
1780 4382 1952 4450 securiter
1969 4385 2135 4453 habeatis
2152 4404 2231 4455 eam
2256 4387 2406 4459 liberam

560 4521 598 4590 in
622 4521 731 4596 omni.
757 4526 794 4589 et
817 4541 956 4609 semper
980 4522 1029 4590 ibi
1054 4523 1163 4592 talem
1187 4529 1421 4612 presbiterum
1446 4531 1629 4617 ordinetiS,
1654 4552 1756 4618 quem
1782 4553 1842 4602 vos
1865 4537 2047 4606 volueritis
2060 4547 2096 4607 et
2114 4540 2304 4609 heredibus
2321 4544 2405 4612 tuis.

559 4675 711 4742 Tantum
736 4677 801 4742 hoc
825 4680 959 4760 statue,
984 4679 1023 4742 ut
1047 4675 1075 4741 si
1094 4677 1262 4760 quislibet
1277 4677 1427 4746 clericus
1444 4687 1562 4750 noster
1579 4703 1659 4751 cum
1675 4691 1794 4753 nostro
1810 4689 2111 4774 archipresbitero
2128 4691 2286 4778 aliquam
2306 4696 2407 4765 litem

560 4827 696 4913 lecerit,
721 4831 758 4894 et
782 4829 895 4914 ipsum
921 4828 1087 4895 clericum
1112 4830 1144 4896 ei
1171 4827 1388 4916 culpabilem
1412 4833 1532 4920 suerit,
1559 4840 1598 4903 ut
1622 4837 1658 4902 in
1686 4836 1764 4924 ipsa
1790 4841 1960 4909 iamdicta
1992 4841 2143 4913 ecclesia
2178 4855 2299 4915 vestra
2335 4867 2407 4918 non

559 4965 762 5069 recipiatis,
788 4987 1056 5068 verumptamen
1080 4988 1116 5050 et
1140 4985 1258 5071 ipsum
1284 4987 1533 5076 presbiterum,
1558 5009 1661 5074 quem
1689 4993 1725 5058 iu
1750 4993 1870 5060 eadem
1898 4994 2046 5065 ecclesia
2068 5016 2091 5065 a
2115 4999 2211 5065 vobis
2235 4999 2288 5067 vel
2312 5021 2408 5071 ave-

561 5127 646 5194 stris
671 5129 836 5197 eredibus
859 5132 1045 5202 ordinatus
1071 5135 1191 5219 fuerit,
1217 5155 1288 5205 non
1305 5156 1370 5224 ego
1387 5144 1718 5226 supranominatum
1734 5147 1923 5214 iohannem
1941 5150 2143 5236 episcopum
2160 5154 2229 5220 aud
2248 5159 2407 5240 posteros

561 5300 656 5349 meos
679 5283 861 5370 episcopos
884 5304 954 5353 non
981 5289 1113 5355 habeat
1137 5287 1320 5362 licentiam
1345 5293 1476 5378 absque
1500 5299 1598 5361 certa
1624 5295 1727 5381 culpa
1750 5301 2028 5368 excomunicari.
2056 5305 2152 5378 Quod
2167 5305 2197 5372 si
2214 5306 2407 5394 aliquando

563 5441 720 5521 tempore
744 5456 808 5524 ego
832 5437 890 5522 qui
917 5456 1027 5544 supra
1053 5439 1227 5508 iohannes
1250 5444 1446 5530 episcopus,
1472 5446 1526 5512 vel
1550 5453 1706 5532 posteros
1730 5443 1836 5537 meoS,
1862 5457 1978 5520 tecum
2003 5459 2289 5541 prenominatum
2307 5469 2403 5550 poto,

562 5584 632 5651 aud
657 5605 738 5653 cum
762 5587 835 5654 tuis
859 5590 1050 5656 heredibus
1076 5591 1118 5659 de
1142 5594 1262 5660 eadem
1289 5593 1452 5680 ecclesia,
1477 5615 1545 5681 que
1568 5605 1620 5666 est
1643 5607 1765 5670 nostra
1788 5605 1992 5694 traditione,
2025 5614 2307 5703 causaverimus‚
2335 5618 2404 5686 aud

563 5736 698 5824 aliquid
724 5741 766 5807 de
792 5746 909 5809 vestra
936 5761 1044 5829 quam
1071 5743 1199 5812 ibidem
1225 5745 1388 5814 dominus
1412 5767 1474 5833 per
1499 5767 1578 5816 suos
1602 5753 1721 5822 fideles
1744 5755 1891 5844 dederit,
1916 5759 2045 5828 exinde
2074 5767 2284 5836 subtrahere
2320 5791 2404 5858 que-
