5402 7088
992 537 1443 614 lllPLOMATlCUS
2079 541 2101 611 9

298 767 409 846 ciata,
435 764 627 850 sicutipse
652 765 794 832 brebem
818 764 1038 834 continebat.
1065 765 1140 853 ipse
1164 763 1336 834 iamdictu
1359 765 1508 835 basilius
1532 764 1778 851 manifestavi,
1796 761 2035 852 se'ncquiqua
2058 763 2150 835 talia

296 919 413 986 lacere
437 923 594 1005 possent,
620 936 660 986 eo
683 919 776 1006 quod
798 935 870 986 nou
893 919 1025 987 abebat
1048 918 1218 988 iamdicta
1241 937 1325 987 casa
1349 917 1402 987 ita
1425 917 1603 1004 conciata,
1621 917 1714 985 sicut
1738 918 1855 1004 ipsum
1872 920 2015 986 brebem
2033 920 2144 988 conti·
2208 913 2211 916 ’

296 1073 419 1158 nebat,
444 1075 480 1140 et
504 1071 731 1156 probulutum
756 1071 903 1158 pedibus
926 1071 1160 1158 suprascripti
1184 1073 1325 1141 abbatis
1348 1072 1566 1158 postulabat,
1582 1075 1623 1138 ut
1640 1071 1825 1139 remictere
1840 1070 1887 1139 ad
1905 1053 2078 1157 potestate
2095 1071 2148 1159 ip-

297 1229 373 1295 sius
397 1228 539 1296 abbatis
563 1228 641 1314 ipsa
665 1226 837 1296 iamdicta
859 1231 958 1295 terra
981 1231 1016 1294 et
1039 1245 1122 1296 casa
1145 1232 1181 1295 ct
1204 1226 1397 1294 admictere
1420 1245 1523 1324 omne
1545 1227 1762 1314 expendium
1786 1227 1879 1314 quod
1904 1228 1942 1295 in
1962 1225 2042 1312 ipsa
2064 1245 2149 1297 casa

301 1377 461 1462 dederat,
479 1383 514 1444 et
531 1377 670 1446 bolebat
692 1375 880 1444 romictere
903 1373 1045 1446 brebem
1062 1377 1154 1464 quod
1171 1383 1310 1465 aparte
1328 1380 1440 1465 ipsius
1456 1379 1597 1450 abbatis
1612 1380 1655 1448 de
1671 1378 1920 1466 suprascripta
1944 1383 2044 1449 terra
2064 1399 2147 1448 cum

298 1548 384 1600 casa
408 1531 589 1598 firmatum
613 1532 770 1617 abebat;
795 1533 848 1598 set
871 1530 946 1613 ipse
969 1531 1081 1608 abbas
1105 1531 1349 1602 misericordia
1372 1536 1488 1600 motus
1510 1531 1602 1601 talia
1612 1533 1744 1600 *facere
1774 1533 1954 1602 recusavit
1981 1537 2017 1600 et
2040 1533 2148 1621 dixit,

298 1690 339 1754 ut
361 1683 391 1751 si
416 1685 615 1754 combenire
641 1683 712 1771 ipsi
734 1683 874 1770 basilio,
898 1684 1001 1752 daret
1024 1690 1057 1752 ei
1082 1683 1156 1771 ipse
1180 1686 1290 1754 abbas
1315 1687 1397 1755 auri
1420 1688 1547 1756 solidos
1570 1687 1727 1774 triginta
1751 1669 1952 1756 nnumana
1968 1689 2147 1775 quadtuor

304 1841 383 1908 auri
408 1839 480 1906 tari
505 1839 588 1906 boni
612 1857 675 1924 per
700 1837 826 1905 solidos
849 1841 885 1904 ct
909 1790 1067 1925 recipere
1090 1838 1295 1907 iamdictam
1319 1857 1439 1906 casam
1462 1857 1541 1906 cum
1566 1840 1641 1925 ipso
1659 1841 1815 1906 brebem.
1834 1857 1904 1926 quo
1919 1839 2057 1928 audito,
2077 1839 2153 1927 ipso

297 1989 449 2060 basilius
472 1991 624 2058 nimium
650 1991 800 2078 gavisus
824 1995 935 2059 estet
958 2008 1023 2058 sua
1047 1990 1241 2058 bolumtate
1263 1989 1358 2057 dixit
1381 2007 1418 2056 se
1442 1989 1533 2058 talia
1557 1991 1673 2058 facere
1695 2016 1703 2056 :
1729 1989 1839 2059 etiam
1872 1996 1908 2058 et
1936 2009 2002 2078 ego
2025 1991 2154 2061 iamdi-

299 2147 379 2209 ctus
404 2142 513 2210 iudex
537 2143 758 2230 interrogavi
784 2143 898 2229 ipsum
924 2140 1106 2228 basilium,
1123 2159 1168 2210 ne
1192 2143 1280 2210 sorte
1303 2141 1461 2228 aliquam
1485 2141 1694 2211 violentiam
1718 2145 1789 2212 hab
1813 2142 1889 2229 ipso
1907 2145 2036 2212 abbate
2052 2148 2150 2230 pate-

300 2299 401 2363 retur
422 2315 431 2379 ;
456 2297 533 2380 ipse
557 2294 705 2362 basilius
729 2293 910 2382 respoudit
933 2293 1049 2361 mihi:
1074 2295 1117 2362 de
1141 2312 1196 2361 me
1220 2292 1355 2362 nullam
1379 2292 1477 2380 patio
1505 2292 1688 2381 violentia,
1712 2301 1765 2364 set
1801 2315 1881 2366 mea
1914 2295 2145 2365 bolumtatem

303 2447 396 2516 talia
420 2449 537 2516 lacere
561 2449 692 2534 cupio,
716 2467 757 2516 eo
781 2448 873 2536 quod
899 2448 965 2534 ipsi
989 2447 1090 2515 solidi
1115 2446 1217 2516 valde
1241 2447 1435 2516 necessarii
1457 2453 1543 2516 sunt
1567 2449 1655 2516 mihi
1680 2455 1717 2517 ct
1740 2449 1866 2518 melius
1900 2449 2037 2517 lucrum
2069 2448 2146 2517 avi-

299 2607 403 2668 turus
427 2620 505 2668 sum
527 2602 571 2668 de
596 2603 664 2689 ipsi
689 2601 804 2671 solidi.
831 2603 907 2677 Qua
931 2601 974 2670 de
996 2600 1201 2689 supradicta
1224 2617 1307 2668 casa
1330 2604 1365 2666 et
1381 2598 1505 2684 ibique
1522 2617 1669 2685 presens
1691 2599 1813 2669 taliter
1828 2593 1912 2670 aute
1928 2621 1983 2670 me
1998 2608 2035 2671 et
2058 2605 2148 2674 alios

299 2753 444 2820 idoneos
467 2754 629 2820 homines
652 2773 716 2841 per
739 2753 1000 2822 combenientia
1024 2755 1161 2820 remisit
1183 2752 1227 2821 ad
1251 2757 1458 2838 potestatem
1484 2752 1598 2838 ipsius
1621 2753 1762 2822 abbatis
1791 2754 2035 2840 supradictum
2064 2760 2143 2825 bre-

298 2909 390 2994 bem,
409 2907 501 2993 quod
525 2927 547 2976 a
570 2911 672 2994 parte
697 2907 808 2992 ipsius
831 2906 874 2973 de
897 2906 1068 2974 iamdicta
1089 2911 1188 2974 terra
1211 2924 1289 2972 cum
1313 2923 1397 2974 casa
1420 2906 1602 2974 firmatum
1626 2907 1770 2991 abebat,
1795 2913 1831 2974 et
1853 2907 2026 2978 iamdicta
2048 2915 2148 2978 terra

298 3079 380 3128 cum
406 3079 492 3129 casa
514 3059 584 3129 had
609 3059 809 3129 faciendum
832 3059 964 3126 exinde
987 3059 1064 3145 ipse
1087 3059 1198 3127 abbas
1221 3063 1257 3125 et
1282 3077 1364 3144 pars
1388 3057 1501 3144 ipsius
1528 3055 1676 3125 ecclesie
1699 3059 1791 3145 quod
1816 3059 1981 3147 boluerit;
2004 3066 2041 3129 et
2063 3033 2154 3128 obli-

301 3213 406 3300 gavit
431 3230 467 3280 se
492 3214 566 3298 ipse
590 3211 798 3280 basilioset
821 3209 1046 3278 suoscredes
1069 3209 1344 3295 omnitempore
1372 3199 1561 3279 defendere
1585 3213 1700 3298 ipsum
1724 3213 1855 3280 abbate
1879 3233 1901 3280 a
1924 3219 2027 3298 parte
2057 3214 2148 3282 iam-

303 3367 397 3434 dicte
420 3365 569 3435 ecclesie
592 3367 638 3434 ab
661 3366 825 3432 omnibus
848 3363 1053 3432 homiuibus
1075 3369 1110 3432 et
1133 3364 1309 3452 partibus
1328 3365 1390 3450 qui
1415 3383 1478 3450 pro
1502 3373 1608 3450 parte
1630 3370 1667 3433 et
1689 3365 1810 3434 datum
1833 3366 1946 3452 ipsius
1970 3367 2088 3466 basilii
2105 3369 2151 3438 ad

304 3519 421 3605 ipsum
447 3481 568 3586 abbati
593 3517 647 3586 vel
672 3517 717 3586 ad
740 3521 843 3605 parte
868 3517 1035 3585 iamdicte
1058 3516 1205 3584 ecclesie
1228 3516 1271 3584 de
1294 3519 1538 3603 suprascripta
1563 3521 1662 3584 terra
1686 3535 1768 3583 cum
1793 3535 1877 3587 casa
1899 3523 1935 3586 ct
1958 3519 2002 3586 de
2026 3538 2153 3605 supra·

302 3672 438 3757 scripto
462 3671 603 3738 brebem
629 3671 853 3758 preposuerit
876 3671 999 3757 aliqua
1022 3670 1260 3740 causationes.
1293 3671 1338 3738 et
1360 3688 1434 3757 pror
1448 3673 1614 3738 omnibus
1643 3673 1876 3759 suprascripti
1912 3673 2154 3760 adimplendis

298 3845 362 3912 per
391 3825 655 3920 combenientia
678 3826 753 3913 ipse
775 3823 923 3896 basilius
946 3824 1081 3912 guadia
1103 3823 1172 3911 ipsi
1196 3825 1317 3892 abbati
1341 3823 1437 3911 dedi,
1463 3842 1536 3891 una
1559 3843 1640 3892 cum
1665 3842 1705 3894 eo
1728 3829 1821 3894 esset
1844 3831 1919 3913 ipse
1943 3827 2151 3916 adbocator,

297 3985 334 4049 et
356 3981 635 4050 fidemiussorem
657 3981 690 4050 ci
716 3982 836 4067 posuit
860 3980 1043 4049 maraldus
1059 3978 1156 4048 filius
1179 3981 1346 4066 accepti,
1370 3984 1407 4049 et
1429 3973 1492 4067 per
1516 3981 1629 4050 eande
1652 3980 1784 4068 guadia
1811 3982 1983 4072 obligavit
2011 4003 2048 4052 se
2072 3985 2152 4071 ipse

216 4091 226 4208 ,Ι
296 4132 405 4203 basili
429 4139 465 4202 et
486 4151 567 4202 suos
590 4132 725 4221 aradae,
749 4137 791 4200 ut
815 4133 844 4200 si
869 4133 912 4202 de
936 4130 1101 4200 omnibus
1123 4130 1378 4218 suprascriptis
1401 4131 1506 4218 aliqit
1528 4149 1709 4201 removere
1725 4137 1789 4202 aut
1804 4135 2049 4205 contradicere
2073 4156 2152 4223 pre-

297 4287 470 4356 sumserit
492 4292 529 4356 et
552 4289 684 4374 omnia,
711 4287 804 4355 sicut
826 4261 1108 4374 suprascriptum
1131 4289 1196 4373 est,
1220 4302 1291 4353 non
1314 4281 1593 4372 adimpleverint
1616 4287 1684 4374 ipsi
1708 4289 1831 4357 abbati
1855 4289 1910 4357 vel
1928 4297 2153 4378 'parte-pre·

298 4442 393 4512 dicte
416 4441 564 4511 ecclesie
588 4457 797 4529 componere
819 4439 888 4526 ipsi
911 4439 1034 4510 abbati
1058 4439 1114 4506 vel
1136 4443 1237 4527 parte
1262 4437 1429 4508 iamdicte
1453 4438 1600 4509 ecclesie
1623 4444 1800 4512 trecentos
1816 4441 1896 4512 auri
1912 4443 2042 4512 solidos
2064 4462 2150 4512 cou-

297 4597 486 4682 stantinos,
504 4599 540 4663 et
557 4595 680 4663 taliter
703 4611 767 4682 pro
790 4596 894 4681 parte
918 4592 1030 4679 ipsius
1052 4591 1200 4660 ecclesie
1223 4591 1348 4678 scripsi
1375 4609 1441 4678 ego
1465 4593 1633 4678 superius
1655 4591 1773 4662 dictus
1791 4593 1951 4664 ademari
1969 4598 2146 4666 notarius.

343 4719 373 4836 †
398 4749 473 4837 Ego
495 4749 556 4834 qui
581 4767 690 4834 supra
713 4747 889 4814 iohannes
909 4744 1022 4812 iudex

343 4878 373 4995 †
398 4907 473 4994 Ego
496 4906 670 4974 iohannes
694 4902 858 4972 notarius
882 4920 937 4970 me
960 4899 1154 4987 subscripsi

343 5029 373 5146 †
399 5059 473 5146 Ego
496 5055 654 5127 ademari
677 5055 841 5124 notarius
864 5072 919 5121 me
943 5052 1150 5138 subscripsi.
