5402 7088
961 525 1413 602 DlPLOMAl'lCUS
2014 524 2083 601 53·

263 755 458 843 meruerit,
492 759 532 824 nt
556 754 603 826 ad
627 756 795 844 completi
819 757 940 828 decern
964 756 1080 844 anni,
1112 759 1153 824 ut
1175 755 1300 825 amodo
1322 774 1360 824 se
1383 756 1607 844 compleant,
1638 756 1771 825 abeant
1802 756 1879 824 tota
1901 753 2109 841 supradicta

77 929 80 936 ·
141 895 149 926 ¹
228 965 234 975 .
261 908 455 980 traditione
478 913 664 980 arbustum
682 911 827 1000 facturn,
844 915 880 980 et
897 917 1092 1000 operatum,
1110 915 1146 980 et
1169 912 1359 997 cultatum,
1384 914 1420 979 61
1443 910 1655 982 studiatum.
1673 883 1709 978 et
1724 908 1827 978 clusu
1849 910 1997 996 bonum,
2018 913 2114 980 sient

266 1047 437 1134 meruerit
460 1065 587 1152 salbn,
618 1068 655 1134 61
677 1065 807 1143 abinde
839 1065 877 1160 ip
901 1071 1009 1135 antea
1032 1063 1129 1133 omni
1157 1069 1313 1151 ternpore
1344 1067 1457 1134 toturn
1482 1063 1557 1152 ipso
1587 1066 1772 1133 arbustum
1803 1064 1976 1150 desuper
2008 1069 2045 1134 et
2072 1064 2116 1134 de

213 1241 220 1254 ·
266 1228 393 1307 supter
410 1219 590 1307 laborare,
606 1225 642 1288 61
659 1221 810 1306 cultare,
827 1225 863 1288 61
879 1221 1133 1308 propaginare,
1149 1237 1211 1287 seu
1228 1217 1399 1306 studiare,
1416 1221 1452 1286 et
1468 1215 1622 1304 cludere,
1646 1185 1682 1287 61
1706 1217 1844 1286 salbum
1862 1218 1992 1295 facere,
2010 1217 2116 1287 etsie

267 1388 330 1457 per
355 1388 468 1440 annos
490 1369 616 1448 amodo
643 1375 679 1439 et
702 1389 840 1459 semper
865 1375 977 1439 toturn
1002 1369 1082 1438 illut
1108 1369 1271 1441 laborare
1293 1375 1329 1439 61
1351 1372 1504 1458 cultare,
1529 1377 1570 1440 ut
1592 1391 1656 1459 per
1679 1371 1795 1440 omnis
1827 1390 1964 1442 annum
1987 1374 2119 1440 bonum

271 1523 468 1596 laboratum
493 1531 643 1612 pareat,
685 1533 864 1612 quatenus
897 1525 933 1592 in
957 1523 1084 1592 melius
1109 1525 1299 1610 proficiant
1322 1531 1357 1594 et
1380 1541 1451 1592 non
1476 1525 1705 1613 dispereant3
1729 1531 1763 1595 et
1779 1527 1903 1596 amodo
1927 1532 1963 1596 et
1979 1547 2120 1615 semper

142 1703 146 1714 ·
271 1700 335 1768 per
359 1699 473 1750 annos
495 1681 539 1750 de
562 1681 743 1750 vindemie
767 1681 904 1750 faciant
928 1679 1020 1747 scire
1045 1698 1100 1776 me
1117 1673 1172 1745 161
1190 1698 1273 1765 pars
1298 1677 1410 1766 ipsius
1434 1677 1594 1765 ecclesie,
1612 1684 1652 1746 ut
1675 1681 1821 1790 missum
1846 1682 2008 1746 nostrum
2035 1677 2122 1748 illuc

279 1813 490 1925 dirigamus
515 1840 551 1903 et
574 1819 660 1921 illis,
685 1833 827 1920 quando
846 1833 1036 1916 meruerit,
1061 1837 1175 1900 toturn
1201 1834 1276 1919 ipso
1299 1834 1446 1902 arbusto
1472 1850 1534 1900 suo
1558 1835 1716 1918 tempore
1740 1799 1813 1898 illis
1834 1831 2060 1900 ¹vindemiare
2086 1838 2122 1902 et

279 2005 387 2076 poma
414 1987 497 2056 inde
521 1986 703 2075 colligere,
729 1987 873 2074 quando
895 1987 1080 2073 meruerit,
1105 1991 1140 2054 61
1163 1983 1277 2054 omnis
1301 1985 1422 2053 vinum
1446 1985 1576 2054 exinde
1601 1985 1720 2072 ibique
1744 1984 1790 2054 ad
1814 1985 2032 2072 palmentum
2050 1985 2124 2054 illis

277 2139 438 2210 dividere
462 2159 525 2227 per
549 2140 752 2227 medietate,
777 2158 875 2209 seurn
892 2145 927 2208 61
951 2142 1029 2228 ipsa
1052 2158 1155 2227 poma
1180 2143 1294 2226 ipsum
1319 2140 1427 2206 missu
1451 2139 1580 2208 tollant
1604 2138 1734 2206 exinde
1758 2137 1958 2225 medietate,
1987 2141 2023 2206 et
2052 2139 2125 2206 illis
2254 2177 2261 2187 -

216 2319 223 2334 ·
287 2296 493 2365 medietate:
520 2299 662 2363 tantum
689 2296 766 2380 ipsa
782 2301 906 2362 nostra
928 2293 1119 2360 medietate
1135 2291 1178 2359 de
1195 2295 1409 2394 ipsapoma,
1433 2290 1574 2378 quando
1596 2291 1780 2377 meruerit,
1799 2289 1872 2358 illis
1895 2291 1997 2356 nobis
2014 2268 2145 2359 addu?

279 2466 360 2517 cere
384 2449 538 2517 debeant
569 2449 602 2514 ic
629 2437 727 2514 intus
758 2465 798 2514 ec
823 2449 917 2514 eires
949 2446 993 2514 ad
1013 2445 1141 2512 domus
1172 2451 1292 2512 nostra
1322 2447 1551 2538 cum'saurna
1574 2463 1651 2511 sua.
1679 2444 1745 2510 Seu
1774 2447 1811 2510 et
1842 2443 1975 2511 tradidi
2009 2444 2124 2513 eidem
2159 2503 2162 2510 .

281 2601 467 2670 criscentii
494 2599 572 2669 6116·
592 2602 694 2686 pecia
718 2559 882 2667 deterre
906 2617 985 2664 curn
1013 2594 1211 2683 arbustum,
1235 2599 1296 2683 qui
1320 2604 1374 2664 est
1400 2599 1437 2666 in
1460 2597 1547 2684 pede
1570 2597 1613 2664 16
1636 2595 1720 2684 ipsa'
1737 2597 1854 2683 priore
1879 2599 2037 2668 clusuria
2061 2600 2124 2664 116·

280 2755 388 2825 binde
412 2733 457 2824 et'
475 2773 586 2841 usque
610 2754 655 2823 ad
681 2753 740 2821 bia
764 2756 824 2839 qui
849 2753 949 2820 ducit
971 2772 993 2820 6
1012 2771 1117 2840 super
1141 2753 1258 2817 torum
1282 2748 1327 2817 da
1344 2767 1455 2836 mare,
1473 2749 1516 2815 de
1531 2755 1669 2834 quantu
1685 2731 1819 2836 de'ipso
1844 2748 1993 2814 arbustu
2011 2747 2124 2832 ipsius

280 2910 428 2980 ecclesie
452 2909 621 2998 pertinet,
648 2913 688 2975 nt
712 2907 883 2996 diximus,
908 2876 975 2996 ego
997 2909 1031 2974 ei
1055 2907 1200 2994 tradidi,
1221 2909 1260 2973 ut
1286 2904 1346 2973 illc
1369 2909 1405 2970 et
1422 2921 1503 2998 suos
1524 2903 1646 2971 eredes
1670 2902 1752 2970 illut
1774 2908 1893 2970 tenere
1910 2907 1946 2970 61
1963 2900 2130 2970 laborare

284 3069 323 3135 in
348 3066 410 3133 illo
434 3065 556 3134 ordine
580 3068 616 3132 et
640 3063 791 3151 ratione,
808 3063 901 3131 sicut
925 3069 961 3131 ct
985 3062 1060 3150 ipso
1084 3062 1174 3130 aliut
1198 3061 1301 3127 ficum
1327 3077 1395 3146 que
1418 3077 1480 3144 per
1504 3074 1639 3124 annum
1664 3055 1713 3122 ibi
1738 3060 1836 3142 sunt,
1861 3055 1922 3124 1116
1953 3055 2128 3145 colligant

283 3225 319 3289 et
343 3219 510 3286 secchent
534 3197 745 3302 bone,sicut
769 3219 952 3302 meruerit,
969 3157 1005 3283 et
1028 3213 1252 3283 medietatem
1276 3211 1379 3279 nobis
1401 3210 1587 3294 adducere,
1605 3213 1641 3276 61
1666 3209 1890 3277 medietatem
1907 3210 1974 3276 sivi
2004 3210 2127 3295 abere3

284 3373 426 3460 quertie
449 3389 517 3457 que
541 3388 605 3456 per
630 3387 743 3438 annos
768 3369 818 3437 ibi
843 3374 940 3443 sunt,
961 3366 1032 3434 illrb
1055 3383 1114 3433 eos
1137 3363 1304 3452 colligere
1328 3367 1363 3430 et
1386 3361 1484 3432 salbe
1507 3362 1568 3430 ille
1590 3363 1635 3431 ad
1653 3364 1768 3448 ipsum
1793 3363 1940 3430 missum
1968 3368 2132 3429 nostrum

284 3524 478 3612 adsignare
504 3528 540 3591 61
557 3497 759 3590 dividerent
785 3521 844 3588 ille
869 3539 931 3607 per
954 3473 1191 3586 medietatem:
1217 3535 1281 3584 nos
1304 3513 1472 3585 tollamus
1497 3514 1557 3584 ille
1580 3515 1818 3603 medietatem,
1842 3521 1878 3584 61
1903 3513 1978 3584 illis
2002 3517 2135 3587 medie·
2177 3589 2178 3592 ,

289 3683 424 3767 tatem,
442 3683 478 3746 61
494 3679 573 3764 ipsa
598 3682 721 3745 nostra
744 3675 949 3761 medietate,
965 3672 1057 3763 qnod
1081 3673 1183 3739 nobis
1202 3673 1367 3770 ebenerit
1389 3672 1432 3740 de
1456 3674 1531 3760 ipse
1554 3670 1706 3758 quertie,
1732 3670 1805 3738 lllis
1828 3671 2003 3742 adducere
2028 3675 2130 3740 nobis
2238 3647 2244 3662 ⁸

292 3833 325 3899 ic
350 3831 402 3901 ad
419 3803 544 3898 domus
569 3849 649 3899 mea
673 3830 728 3897 161
752 3829 795 3896 16
817 3846 902 3916 pars
927 3827 1039 3915 ipsius
1061 3827 1207 3894 ecclesie
1231 3844 1310 3893 cum
1334 3843 1458 3894 sauma
1481 3843 1566 3910 sua3
1599 3822 1641 3890 de
1665 3842 1733 3909 que
1757 3841 1819 3910 per
1842 3840 1979 3891 annum
2003 3824 2136 3904 ibidem

289 3985 564 4071 seminaberint,
583 3985 693 4055 deant
711 3985 794 4053 inde
812 3985 856 4052 ad
879 4003 964 4072 pars
988 3983 1145 4072 predicte
1161 3984 1307 4052 ecclesie
1324 3984 1445 4072 ibique
1468 3985 1644 4073 adipsum
1668 3988 1815 4054 missum
1832 3985 1960 4056 inclita
1978 4005 2050 4056 una
2066 3991 2136 4054 ter-
2262 4051 2269 4062 ,

291 4139 378 4209 tiam
403 4143 517 4227 parte,
544 4144 580 4207 61
604 4139 673 4207 dne
697 4137 1346 4208 6011161116’6111616611616166
1372 4139 1452 4226 ipsu
1476 4139 1637 4226 missum,
1661 4139 1746 4208 durn
1770 4157 1833 4228 pro
1857 4139 1931 4226 ipse
1960 4141 2137 4210 vindemie
2179 4207 2181 4212 ,

285 4298 323 4361 61
348 4313 412 4384 pro
436 4295 511 4380 ipse
535 4293 612 4362 6116
637 4281 768 4361 ibidem
790 4295 929 4362 steterit
959 4310 1023 4379 pro
1049 4292 1291 4379 recipiendum
1322 4293 1450 4362 inclita
1479 4295 1635 4362 sortione
1667 4293 1780 4380 ipsius
1811 4294 1959 4363 ecclesie
1986 4295 2029 4366 de
2061 4300 2151 4378 tota,

273 4447 370 4532 ”ipsa
394 4445 538 4534 frudia,
572 4445 645 4514 illis
668 4463 750 4512 eum
773 4444 911 4554 notrire
934 4443 1128 4512 secundum
1151 4435 1253 4513 suam
1277 4447 1571 4534 possivilitatem,
1601 4451 1636 4515 61
1659 4465 1721 4536 per
1749 4449 1864 4516 omnis
1892 4468 2029 4517 annum
2052 4450 2141 4518 dare

299 4598 403 4668 nobis
427 4597 721 4686 palmentaticum
744 4563 855 4668 unum
872 4601 1012 4686 parium
1030 4598 1073 4666 de
1089 4597 1177 4685 pulli
1195 4597 1291 4684 boni,
1308 4603 1345 4666 61
1368 4600 1397 4666 si
1423 4599 1551 4668 ibibem
1568 4617 1633 4686 per
1649 4617 1772 4668 annos·
1784 4600 1909 4670 fecerit
1926 4601 1998 4670 illis
2021 4608 2139 4672 ortum

298 4752 340 4819 de
362 4751 519 4838 cepolle,
553 4752 663 4820 deant
687 4751 817 4820 exinde
840 4750 894 4820 ad·
908 4769 993 4838 pars
1016 4751 1174 4838 predicte
1197 4753 1342 4820 ecclesie
1372 4753 1468 4819 omni
1497 4758 1655 4840 ternpore
1684 4773 1746 4840 per
1769 4773 1883 4824 annos
1908 4755 2035 4826 inclita
2068 4776 2142 4827 una

298 4907 413 4976 tertia
437 4899 711 4994 parte,'et'due
735 4903 841 4978 sortis
866 4903 948 4971 inde
971 4905 1036 4972 siri
1062 4905 1211 4992 abeant;
1234 4905 1276 4973 16
1300 4906 1372 4975 alia
1395 4912 1514 4976 ortora
1529 4927 1605 4998 .que
1629 4857 1828 4996 perennes
1861 4910 1992 4979 ibidem
2018 4913 2142 4982 fecerit

293 5079 358 5146 per
385 5059 501 5128 omnis
525 5065 560 5129 et
584 5059 689 5128 dorna
715 5060 761 5128 da
785 5061 874 5128 duas
899 5061 995 5128 vices
1018 5061 1166 5129 visitare
1189 5069 1225 5128 et
1248 5059 1422 5129 adducere
1450 5063 1580 5132 exinde
1603 5065 1705 5134 nobis
1730 5066 1763 5134 ic
1786 5065 1832 5135 ad
1855 5066 1979 5134 domus
2003 5075 2141 5156 nostra,

295 5220 331 5284 61
346 5234 411 5304 per
427 5215 542 5282 omnis
566 5233 701 5281 annum
719 5215 757 5282 in
774 5216 948 5285 nativitas
972 5214 1103 5283 domini
1123 5217 1298 5286 adducere
1315 5219 1416 5286 nobis
1432 5220 1464 5287 ic
1482 5225 1592 5287 unurn
1616 5221 1734 5288 tractu
1755 5223 1780 5303 ¹)
1797 5219 1839 5288 de
1857 5219 1984 5308 lingnu
2009 5221 2141 5287 bonum

291 5369 336 5439 da
360 5371 491 5455 focum,
516 5370 592 5438 sive
612 5389 685 5439 nna
701 5389 827 5439 sauma
843 5370 886 5438 de
905 5369 1036 5458 lingna
1060 5372 1151 5439 bona
1175 5373 1269 5442 iusta
1291 5375 1471 5444 carricata
1488 5376 1527 5458 ²).
1546 5374 1588 5442 de
1605 5394 1676 5461 qua
1690 5393 1755 5461 per
1773 5371 2034 5442 combenientia
2049 5392 2145 5462 gua·

332 5682 357 5763 ¹)
381 5681 549 5756 Quaedam
573 5701 748 5744 mensurae
773 5683 916 5764 speciae.

335 5829 360 5912 ²)
381 5831 560 5904 cornicata,
584 5850 644 5892 vox
667 5831 825 5910 vulgaris,
851 5830 937 5893 idest
960 5845 1060 5909 super
1081 5846 1212 5894 carrum
1232 5835 1436 5892 mensurata.
