5408 7108
651 487 721 565 rer
786 597 791 614 ι
1283 457 1764 561 eouvxcsvnusrs

600 731 669 803 ego
692 713 835 805 prebidi
853 717 890 786 et
913 719 1049 786 certam
1072 717 1177 784 rebus
1191 714 1263 784 erit
1286 711 1439 782 bonitate
1460 714 1536 781 tam
1558 731 1708 800 pernes
1733 731 1841 800 quam
1864 707 1927 800 per
1951 710 2036 802 illis,
2053 717 2093 784 ut
2109 733 2172 802 pro
2194 715 2444 786 necessitatem

498 839 507 856 ⁸
606 867 715 939 samis
739 867 824 938 illut
846 869 1000 938 bendere
1024 868 1171 956 boleret,
1195 851 1405 937 solutionem
1429 867 1570 936 illorum
1593 867 1690 938 dedit
1712 866 1792 937 illos
1816 851 1971 938 bendere
1982 869 2041 966 cui
2065 869 2212 958 voleret,
2235 872 2273 939 et
2295 871 2450 958 pretium

605 1023 690 1094 inde
715 1028 874 1115 recipere
897 1024 998 1094 unde
1013 1025 1135 1093 bivera
1157 1025 1307 1111 poteret,
1332 1025 1368 1092 et
1392 1021 1471 1108 ipsa
1493 1019 1652 1107 predicta
1668 1019 1796 1088 mulier
1819 1037 1997 1088 unacum
2020 1018 2170 1108 predicti
2194 1018 2261 1087 illii
2285 1023 2321 1091 et
2344 1039 2449 1090 mun-

604 1177 723 1250 doaldi
749 1181 818 1267 sui,
835 1195 923 1246 vonc
942 1177 1085 1246 illorum
1109 1164 1318 1265 veluntatis,
1337 1174 1482 1263 integra
1497 1173 1688 1244 medietate
1703 1173 1747 1242 de
1762 1175 1841 1260 ipsa
1856 1173 1963 1241 rebus
1979 1173 2218 1242 bendiderunt
2235 1173 2347 1262 ipsius
2362 1175 2449 1244 iam·

602 1327 691 1397 dicti
717 1331 801 1397 miri
825 1327 938 1398 iudici
962 1333 997 1398 et
1018 1328 1092 1397 lilio
1115 1328 1294 1416 quondam
1317 1327 1400 1395 miri
1425 1326 1560 1414 clerici3
1577 1331 1613 1396 et
1628 1326 1706 1414 ipsa
1721 1324 1851 1393 mulier
1868 1327 2059 1394 obserbaus
2077 1325 2116 1393 in
2132 1325 2245 1415 legem
2261 1326 2450 1416 langobar-

604 1482 731 1551 dorum
755 1483 892 1569 scripta
913 1485 997 1551 sunt
1019 1481 1063 1550 de
1087 1479 1237 1550 muliere
1260 1498 1328 1568 que
1352 1500 1418 1549 rex
1441 1498 1524 1550 suas
1547 1480 1701 1548 bendere
1725 1479 1916 1567 noluerint,
1931 1496 2004 1546 nou
2035 1481 2206 1547 absconso
2229 1485 2283 1549 set
2307 1482 2348 1550 in
2371 1499 2450 1570 pre·

601 1637 720 1705 sentia
744 1636 900 1723 principi
922 1639 987 1706 aut
1010 1634 1142 1704 iudicis
1164 1634 1221 1704 vel
1243 1634 1410 1720 sculdais,
1427 1636 1463 1702 et
1485 1652 1566 1700 cum
1591 1631 1653 1702 illa
1676 1635 1759 1700 exet
1782 1633 1850 1719 ipsi
1876 1631 1942 1700 lllii
1959 1636 1995 1702 et
2011 1631 2214 1703 mundoaldi
2236 1636 2292 1702 sui
2316 1640 2353 1704 et
2381 1636 2451 1704 duo

601 1739 811 1882 parentibus
842 1788 917 1853 suis
941 1788 1003 1873 qui
1029 1789 1140 1873 ipsius
1162 1786 1304 1854 mulieri
1330 1785 1574 1872 propinquiori
1603 1787 1700 1873 suut,
1725 1789 1762 1853 et
1786 1802 1956 1854 unacum
1980 1785 2050 1853 illis
2076 1836 2234 1856 .....
2262 1789 2348 1876 quia
2374 1790 2452 1878 ipsa

603 1952 736 2034 quarta
759 1967 824 2018 sua
845 1949 999 2017 bendere
1023 1947 1168 2035 voleret,
1190 1949 1227 2016 et
1250 1945 1301 2013 sic
1324 1949 1359 2013 et
1381 1946 1448 2032 ipsi
1472 1943 1538 2012 filii
1561 1942 1744 2011 mundoalt
1776 1944 1854 2010 eius
1878 1942 1960 2011 inde
1983 1919 2026 2010 ei'
2051 1947 2311 2011 consenserunt
2347 1947 2383 2012 et
2408 1960 2444 2010 se

603 2103 682 2190 ipsa
706 2103 935 2173 binditricem
959 2103 1040 2180 feci,
1067 2108 1106 2171 ut
1130 2121 1169 2170 oc
1193 2100 1283 2188 quod
1310 2099 1530 2176 vendiderat,
1555 2095 1719 2165 stabilem
1744 2099 1803 2183 sit,
1829 2098 1866 2164 et
1890 2093 1959 2183 ipsi
1989 2097 2197 2183 parentibus
2213 2102 2249 2166 et
2266 2096 2452 2166 mundoalt

600 2255 678 2324 eius
700 2272 775 2324 una
798 2273 934 2323 mecum
960 2255 999 2322 in
1023 2272 1091 2323 ane
1114 2253 1288 2323 cartulam
1311 2270 1455 2321 manum
1469 2255 1684 2338 posuerunt,
1708 2253 1744 2318 et
1769 2252 1892 2336 petrus
1917 2251 2183 2337 protonotarius
2205 2268 2287 2317 cum
2313 2249 2446 2320 notitia

600 2425 680 2478 mea
702 2413 740 2478 et
763 2411 919 2496 ipsorum
943 2413 1132 2496 parentum
1157 2426 1225 2476 ane
1250 2405 1426 2476 cartulam
1449 2407 1615 2474 scribam.
1640 2422 1709 2490 quo
1727 2405 1777 2473 ita
1801 2371 1946 2490 lactum,
1972 2421 2061 2470 vone
2084 2403 2227 2470 illorum
2250 2403 2445 2474 voluntatis

604 2562 672 2646 ipsi
695 2563 872 2629 nominati
897 2565 1013 2629 mater
1036 2564 1072 2628 et
1097 2559 1183 2626 filiis
1207 2561 1352 2646 integra
1374 2559 1564 2628 medietate
1586 2559 1629 2627 de
1652 2561 1729 2646 ipsa
1752 2561 1859 2627 rebus
1881 2576 1945 2644 per
1970 2557 2159 2626 iamdictas
2174 2557 2257 2624 finis
2280 2562 2317 2627 et
2351 2577 2448 2628 men·

602 2727 718 2797 suras,
734 2714 770 2778 el
786 2715 965 2796 quantum
988 2712 1027 2780 in
1052 2711 1129 2798 ipsa
1153 2709 1283 2797 palude
1307 2711 1458 2778 introire
1482 2713 1664 2796 potuerint
1688 2715 1725 2780 at
1748 2711 1992 2798 lavoraudum‚
2026 2709 2195 2779 inclitum
2220 2711 2301 2780 illut
2331 2711 2454 2780 bendi-

604 2859 736 2931 derunt
759 2863 872 2950 ipsius
895 2863 1045 2949 predicti
1074 2865 1157 2930 miri
1182 2818 1291 2930 iudici
1319 2881 1399 2930 cum
1435 2863 1554 2931 omnia
1578 2863 1666 2932 infra
1689 2879 1726 2929 se
1750 2864 1939 2931 abentibus
1974 2864 2161 2950 cuntisque
2184 2883 2309 2932 earum
2342 2865 2450 2951 perti·

608 3014 728 3084 nentis
752 3019 789 3084 et
814 3034 895 3084 cum
919 3015 997 3083 bice
1020 3015 1063 3084 de
1088 3015 1148 3084 bia
1173 3032 1253 3112 sua,
1281 3019 1322 3083 ut
1338 3015 1464 3084 amodo
1478 3019 1514 3083 et
1536 3033 1671 3102 semper
1685 3014 1760 3101 ipse
1785 3013 1876 3080 miro
1899 3017 1936 3082 et
1960 3013 2057 3082 illius
2076 3015 2199 3084 eredes
2221 3017 2395 3084 securiter
2419 3020 2455 3085 et

601 3166 752 3236 firmiter
777 3166 858 3237 illut
881 3169 949 3236 sibi
973 3171 1104 3239 abeant
1127 3173 1163 3239 el
1186 3169 1324 3239 saciant
1345 3167 1474 3238 exinde
1497 3166 1618 3236 omnia
1641 3165 1733 3254 quod
1757 3163 1946 3252 voluerint;
1962 3168 2000 3233 ct
2014 3183 2077 3252 pro
2094 3166 2174 3254 ipsa
2198 3165 2339 3236 illorum
2365 3170 2451 3237 ben·

600 3318 757 3388 dictione
781 3325 994 3407 receperunt
1017 3321 1064 3390 ab
1087 3321 1162 3408 ipso
1185 3321 1277 3388 miro
1301 3319 1417 3388 iudice
1440 3321 1521 3389 auri
1545 3318 1616 3388 tari
1634 3301 1723 3387 'voni
1746 3318 1930 3388 duodecim
1952 3318 2100 3387 inomni
2124 3318 2393 3409 deliveratione‚
2412 3325 2449 3390 et

461 3565 464 3572 Ι
600 3490 664 3558 per
689 3471 951 3542 combenientia
973 3471 1043 3560 ipsi
1066 3477 1181 3542 mater
1205 3475 1242 3542 et
1264 3470 1348 3540 filiis
1369 3470 1505 3560 guadia
1527 3471 1638 3560 ipsius
1661 3471 1746 3540 miri
1769 3470 1954 3558 dederunt,
1978 3475 2099 3540 tamen
2122 3471 2202 3558 ipsa
2224 3473 2354 3542 mulier
2379 3493 2450 3560 per

600 3623 788 3693 voluntate
813 3624 857 3693 de
881 3625 950 3712 ipsi
973 3623 1040 3693 filii
1065 3629 1102 3694 et
1124 3623 1323 3693 mundoalti
1346 3625 1403 3692 sui
1427 3627 1462 3692 et
1485 3623 1697 3694 fideiuxores
1718 3623 1753 3692 ci
1770 3628 1964 3710 posuerunt
1986 3623 2146 3693 stefanus
2169 3623 2212 3691 dc
2237 3619 2361 3692 locum
2378 3629 2454 3694 tur·

600 3775 683 3843 vicli
708 3781 744 3845 et
767 3775 865 3843 filius
888 3776 1068 3862 quondam
1091 3773 1296 3864 grimoaldl;
1320 3779 1357 3844 et
1379 3795 1442 3862 per
1467 3778 1544 3865 ipsa
1568 3773 1702 3864 guadia
1724 3774 2027 3864 obligaberuntse
2051 3775 2255 3872 etillorum
2278 3776 2448 3846 eredibus

523 4025 527 4032 Ι
599 3927 725 3996 amodo
749 3931 784 3994 et
807 3944 944 4013 semper
967 3927 1153 3997 defensare
1177 3927 1290 4014 ipsius
1312 3928 1395 3997 miri
1419 3929 1474 3996 vel
1497 3933 1536 3998 at
1560 3927 1658 3997 illius
1680 3928 1799 3998 eredes
1823 3931 1968 4016 integra
1991 3926 2133 3996 illorum
2158 3927 2336 3996 bendictio
2359 3947 2443 3998 cum

606 4039 684 4165 ipsa
708 4079 916 4166 supradicta
939 4082 1080 4152 cartula
1103 4083 1150 4149 ab
1172 4099 1294 4150 omnes
1316 4069 1476 4150 homines
1499 4084 1666 4169 omnique
1688 4081 1850 4169 partibus
1883 4086 1919 4148 et
1941 4097 2023 4148 cum
2046 4081 2125 4149 bice
2148 4080 2192 4148 de
2215 4081 2272 4150 bie
2295 4100 2385 4160 sue;
2413 4087 2452 4152 et

602 4230 746 4317 quando
771 4235 847 4321 ipse
871 4235 964 4302 miro
987 4238 1023 4304 et
1046 4197 1144 4304 illius
1167 4235 1289 4305 eredes
1312 4255 1375 4323 per
1398 4252 1436 4303 se
1457 4232 1645 4302 defendere
1668 4230 1834 4310 voluerit,
1858 4233 2067 4318 potestatem
2098 4230 2178 4300 illut
2201 4234 2334 4302 abeant
2362 4234 2448 4304 inde

607 4403 758 4457 causare
781 4389 843 4456 bet
865 4387 973 4456 finem
995 4388 1125 4476 facere,
1149 4387 1305 4475 qualiter
1330 4387 1521 4475 voluerint,
1538 4406 1619 4454 cum
1636 4387 1714 4474 ipsa
1728 4385 1933 4473 supradicta
1957 4385 2097 4458 cartula
2120 4406 2189 4475 que
2203 4406 2311 4475 supra
2334 4387 2449 4459 decla·

604 4544 687 4610 rata
710 4542 764 4608 est
787 4542 823 4608 et
846 4557 928 4606 cum
952 4541 1118 4607 omnibus
1140 4538 1405 4608 monuminibus
1427 4543 1463 4608 et
1485 4497 1701 4627 rationibusJ
1722 4558 1812 4626 quas
1835 4538 1879 4608 de
1901 4557 1944 4611 ea
1966 4541 2152 4610 ostendere
2183 4541 2375 4630 voluerint,
2400 4547 2450 4630 et,

497 4757 502 4766 ,
605 4690 700 4759 sicut
724 4691 890 4778 superius
913 4690 1084 4778 scriptum
1109 4696 1190 4779 est,
1215 4691 1284 4778 ipsi
1307 4673 1421 4761 mater
1445 4695 1481 4761 et
1504 4693 1569 4760 filii
1595 4692 1708 4780 ipsius
1731 4693 1813 4762 miri
1838 4694 1946 4763 iudici
1970 4695 2024 4763 vel
2050 4703 2088 4764 at
2112 4695 2209 4764 illius
2232 4699 2355 4768 eredes
2378 4716 2451 4768 non

603 4842 894 4930 adimpleverint,
913 4849 949 4911 el
965 4843 1248 4930 suprascriptam
1263 4843 1316 4912 vel
1340 4863 1387 4913 ex
1408 4846 1461 4914 eis
1483 4845 1675 4933 quicquam
1699 4849 1880 4916 remobere
1903 4851 1967 4916 aut
1989 4847 2235 4918 contradicere
2257 4868 2453 4936 presumse

601 4996 680 5064 rint
703 5015 766 5083 per
790 4996 920 5083 quabis
944 4996 1171 5084 rationibus,
1195 5013 1258 5082 per
1283 4998 1362 5084 ipsa
1385 4999 1519 5086 guadia
1545 5017 1754 5085 componere
1780 5000 2031 5088 obligaberunt
2053 5018 2091 5069 se
2117 5001 2184 5089 ipsi
2208 5007 2323 5072 mater
2347 5009 2383 5074 et
2408 5006 2450 5072 fl-

602 5147 664 5218 liis
680 5154 715 5219 et
733 5150 877 5219 illorum
901 5151 1068 5219 eredlbus
1091 5151 1204 5238 ipsius
1219 5151 1304 5220 miri
1329 5151 1452 5240 iudici,
1468 5153 1526 5248 vel
1542 5158 1581 5223 at
1597 5155 1695 5224 illius
1710 5157 1849 5244 eredes·
1859 5157 2012 5245 triginta
2027 5155 2108 5226 auri
2131 5159 2258 5228 solidos
2281 5163 2446 5231 constan·
2563 5217 2566 5224 .

607 5304 768 5374 tinianos
791 5308 852 5391 et,
878 5305 971 5374 sicut
995 5305 1159 5392 superius
1181 5305 1316 5374 dictum
1340 5311 1405 5392 est,
1430 5307 1463 5373 ei
1487 5303 1706 5397 adimpleret.
1725 5309 1770 5377 Et
1793 5326 1833 5376 oc
1856 5309 1991 5379 sactum
2014 5316 2067 5380 est
2090 5317 2176 5382 ante
2199 5333 2255 5384 me
2279 5317 2340 5385 het
2364 5322 2450 5388 ante

602 5456 669 5528 alii
693 5461 816 5535 testes,
841 5457 935 5545 quod
959 5455 1085 5544 scripsi
1111 5475 1176 5545 ego
1200 5463 1322 5545 petrus
1348 5461 1612 5546 protonotarius
1635 5464 1697 5548 qui
1721 5463 1881 5532 interlui.
1975 5457 1978 5462 ’

458 5577 462 5584 ’
566 5645 568 5650 ·
646 5582 778 5699 †Ego
801 5611 861 5698 qui
886 5630 998 5699 supra
1021 5611 1183 5682 ademari
1206 5611 1315 5681 iudex

559 5772 560 5776 ’
643 5735 777 5852 †Ego
800 5765 1011 5835 romoaldus,

1317 5963 1740 5979 ——n
