5456 7096
557 613 562 622 ¹
602 496 672 573 138
1242 499 1417 574 CODEX
1452 501 1717 576 CAVENSlS

557 724 639 796 inde
664 725 766 795 exire
790 745 871 794 cum
897 729 1018 797 omnia
1041 745 1147 796 causa
1169 745 1235 795 sua
1258 726 1416 816 mobilia,
1439 733 1475 798 et
1499 728 1552 798 ire
1577 731 1638 798 ubi
1662 730 1853 800 bolueriut.
1875 731 1973 800 Unde
1996 730 2034 798 in
2058 721 2098 800 eo
2114 731 2228 800 tinore
2244 746 2307 816 per
2323 745 2408 798 con-

558 883 741 950 venientia
764 881 899 969 guadia
924 883 1026 950 nobis
1051 881 1225 950 dederunt
1250 884 1313 950 toti
1339 881 1407 969 ipsi
1432 885 1670 970 prenominati
1695 886 1800 971 petri,
1824 887 1860 952 et
1883 883 2013 969 nicola,
2038 887 2074 953 et
2096 885 2201 970 petri,
2216 879 2251 952 e't
2266 883 2407 952 fideius-

554 1053 670 1106 sorem
693 1036 797 1103 nobis
821 1038 1019 1122 posuerunt
1044 1033 1169 1120 seipsis
1192 1036 1446 1121 prenominati3
1471 1041 1507 1104 et
1531 1055 1592 1121 per
1618 1037 1692 1122 ipsa
1715 1037 1854 1122 guadia
1878 1037 2127 1124 obligaverunt
2150 1035 2276 1122 seipsis
2292 1039 2328 1102 et
2350 1053 2408 1103 eo·

559 1207 640 1256 rum
665 1187 867 1274 heredibus,
893 1193 939 1255 ut·
949 1188 978 1255 si
1005 1189 1126 1256 omnia
1150 1190 1398 1275 suprascripta
1422 1207 1493 1257 non
1516 1189 1788 1276 adimpleberint
1811 1192 1848 1255 in
1872 1193 1974 1276 parte
1996 1189 2129 1257 exdicti
2148 1185 2352 1256 monasterii
2371 1159 2406 1254 et

558 1341 687 1427 aliquit
711 1339 793 1408 iude
829 1339 1139 1426 contradixerint,
1173 1344 1259 1407 tuno
1282 1359 1344 1426 per
1368 1341 1445 1426 ipsa
1467 1341 1600 1428 guadia
1624 1360 1831 1429 componere
1854 1341 2104 1429 obligaverunt
2127 1341 2253 1427 seipsis
2278 1357 2405 1426 preno-

559 1495 685 1564 minati
712 1495 817 1582 petri‚
843 1499 879 1561 et
905 1493 1035 1582 nicola,
1059 1499 1094 1562 et
1119 1495 1224 1581 petri,
1250 1501 1285 1562 et
1310 1513 1432 1561 eorum
1457 1495 1647 1564 heredibus
1671 1495 1824 1582 triginta
1847 1495 1949 1564 solidi
1973 1495 2072 1565 aurei
2091 1491 2408 1580 costantini,quod

559 1649 685 1736 scripsi
710 1667 776 1737 ego
800 1650 860 1736 qui
886 1667 996 1736 supra
1021 1651 1193 1718 iohannes
1218 1649 1369 1717 clericus
1392 1655 1427 1716 et
1451 1648 1637 1718 advocator
1661 1648 1782 1734 quiet
1804 1650 1921 1716 scriba
1945 1651 2072 1736 prelati
2099 1647 2321 1716 monasterii.

605 1775 635 1891 †
660 1805 734 1890 Ego
758 1803 958 1872 romoaldus
983 1823 1036 1871 me
1064 1804 1256 1889 subscripsi
1993 1775 1997 1790 ¹

604 1928 635 2045 †
661 1959 735 2044 Ego
758 1957 920 2026 alderissi
946 1957 1108 2026 notarius
1133 1977 1187 2025 me
1212 1959 1417 2024 subscribsi.

1309 2217 1507 2224 ’.Η
1515 2218 1616 2224 --—-..-.
1627 2219 1693 2226 ¹—-

1344 2513 1642 2596 CMLXIV.

1336 2783 1394 2858 A.
1423 2782 1477 2856 D.
1508 2777 1634 2856 1040.

605 2991 707 3126 †ln
731 3037 873 3105 nomine
897 3038 1030 3106 domini
1058 3039 1222 3106 bioesimo
1246 3041 1353 3108 tertio
1377 3058 1472 3108 auno
1510 3039 1736 3126 principatus
1772 3037 1904 3106 salerni
1936 3037 2054 3104 domni
2093 3038 2206 3142 nostri
2231 3036 2410 3124 guaimari

562 3189 717 3275 glorioso
741 3190 896 3277 princes,
914 3195 950 3259 et
967 3193 1073 3258 tertio
1091 3210 1187 3260 anno
1202 3194 1428 3280 principatus
1443 3194 1520 3260 eius
1536 3211 1661 3280 capue,
1676 3197 1712 3260 et
1727 3191 1879 3259 secundo
1896 3209 1991 3259 anno
2007 3190 2159 3259 ducatus
2176 3189 2274 3259 illius
2290 3189 2411 3259 amelli

560 3348 596 3410 et
620 3349 805 3430 surreulu,
831 3362 951 3413 mense
975 3348 1189 3432 nobember‚
1226 3365 1321 3414 noua
1354 3345 1561 3424 indictione.
1586 3348 1873 3416 Memoratorium
1896 3349 2030 3416 sactum
2054 3365 2076 3414 a
2099 3365 2153 3415 me
2176 3346 2411 3434 truppoaldus

559 3495 680 3566 scriba
704 3497 831 3584 palatii
857 3505 894 3569 et
917 3499 973 3568 dei
998 3498 1122 3586 gratia
1146 3499 1258 3567 abbas
1281 3498 1500 3567 deecclesia
1523 3505 1645 3567 sancte
1669 3501 1794 3587 marie,
1818 3517 1886 3586 que
1910 3504 2112 3569 constructa
2125 3507 2180 3568 est
2196 3499 2296 3568 intus
2311 3501 2411 3568 ecci·

563 3649 637 3738 θθε,
663 3659 699 3721 et
723 3657 776 3720 est
800 3656 1006 3742 pertinente
1022 3652 1065 3720 de
1082 3649 1308 3738 supradictus
1330 3654 1478 3720 domnus
1501 3656 1657 3742 princes,
1673 3662 1708 3723 et
1724 3655 1767 3723 de
1784 3656 1947 3742 germani
1974 3656 2043 3743 sui,
2062 3663 2096 3722 et
2111 3656 2155 3728 de
2167 3654 2288 3724 eredes
2303 3671 2412 3740 quon·

560 3810 643 3880 dam
669 3810 816 3878 iohanni
842 3809 961 3878 comiti
988 3810 1063 3877 thio
1088 3807 1420 3895 illorum,.lradidit
1444 3817 1529 3879 ante
1552 3809 1741 3897 subscripti
1768 3818 1875 3880 testes
1899 3811 1944 3879 ad
1969 3811 2160 3878 tenendum
2183 3813 2220 3876 et
2248 3809 2414 3878 laboran-

561 3965 646 4032 dum
671 3963 790 4031 nicola
813 3963 909 4030 lilius
932 3964 1107 4050 quondam
1133 3964 1230 4051 pauli
1256 3964 1298 4032 de
1324 3968 1428 4033 rebus
1453 3966 1610 4052 predicte
1635 3964 1794 4050 ecclesie,
1820 3965 1911 4050 quod
1937 3966 2019 4033 abet
2042 3984 2064 4031 a
2087 3965 2183 4032 foras
2214 3981 2283 4030 ano
2316 3964 2412 4030 cibes

563 4118 601 4185 in
627 4117 740 4184 locum
767 4119 956 4204 bespanico
984 4117 1045 4186 illa
1070 4123 1169 4204 parte
1192 4117 1299 4185 ilobio
1324 4119 1525 4205 becenlino,
1551 4125 1587 4186 et
1611 4123 1665 4186 est
1690 4085 1765 4205 ipsa
1790 4120 1896 4186 rebus
1919 4085 2026 4185 terris
2048 4114 2413 4184 cumbineisetbaoi-

561 4247 647 4340 bum
675 4291 753 4340 cum
780 4271 957 4360 aliquanti
983 4274 1189 4374 arboribus,
1212 4279 1249 4340 et
1272 4273 1468 4361 insitetum,
1492 4272 1759 4358 etoannietum,
1774 4272 2022 4356 elsalicetum3
2040 4272 2078 4339 in
2092 4271 2217 4358 primis
2231 4288 2415 4338 mensura·

564 4419 683 4488 bimus
700 4421 750 4489 ‘de
776 4423 852 4510 ipsa
876 4426 981 4492 rebus
1004 4423 1049 4494 da
1075 4426 1262 4494 arcaturis
1284 4425 1328 4493 de
1351 4424 1485 4491 moliuu
1510 4392 1712 4511 pertinente
1736 4424 1778 4492 de
1803 4425 1881 4510 ipsa
1904 4423 2055 4492 ecclesia
2078 4424 2116 4490 in
2140 4427 2241 4510 parte
2255 4423 2416 4492 occiden-

563 4575 623 4641 tis:
652 4583 798 4663 aparte
823 4576 971 4644 meridie
999 4577 1069 4645 fine
1094 4578 1198 4646 rebus
1222 4577 1378 4665 predicte
1401 4577 1559 4664 ecclesie,
1584 4581 1667 4644 sunt
1690 4576 1785 4664 passi
1809 4581 1952 4645 centum
1976 4577 2108 4648 decem:
2134 4597 2156 4646 a
2180 4581 2282 4664 parte
2297 4577 2414 4644 orien-

563 4729 611 4796 tis
636 4747 725 4815 erga
750 4730 826 4815 ipsa
851 4688 1047 4817 arcaturis,
1073 4729 1230 4816 qualiter
1255 4730 1353 4800 radit
1376 4737 1412 4799 et
1434 4732 1620 4818 coniungit
1645 4730 1683 4795 in
1711 4729 1784 4816 ipso
1806 4730 1926 4818 dubio,
1951 4735 2034 4799 sunt
2058 4729 2151 4818 passi
2169 4729 2414 4818 septuaginta:

565 4884 609 4951 de
634 4885 706 4954 alia
731 4897 832 4974 parte
857 4888 927 4956 tine
953 4890 1029 4974 ipso
1052 4889 1172 4974 llubio,
1197 4889 1352 4975 qualiter
1377 4888 1475 4956 badit
1508 4893 1544 4956 et
1576 4885 1766 4973 coniungit
1799 4904 1880 4953 oum
1918 4885 1995 4971 ipsa
2028 4887 2147 4972 priore
2180 4886 2264 4953 flue.
2291 4887 2358 4952 Seu
2381 4889 2417 4952 et

566 5041 793 5108 mensurabit
818 5040 917 5108 illum
944 5041 1005 5127 qui
1032 5049 1085 5108 est
1109 5041 1152 5109 ad
1178 5043 1256 5126 ipsa
1279 5041 1463 5110 arcaturia
1488 5041 1526 5107 in
1551 5046 1654 5124 parte
1676 5039 1849 5125 orientis,
1890 5039 1949 5104 ubi
1970 5037 2070 5105 modo
2096 5041 2168 5125 ipse
2192 5035 2310 5105 nicola
2333 5038 2418 5104 resi·

457 5275 463 5282 .
566 5189 708 5259 dentem
733 5201 799 5278 est,
825 5205 861 5261 et
884 5193 1070 5262 cellarium
1097 5193 1144 5260 ibi
1172 5195 1254 5262 abet
1278 5192 1354 5279 ipsa
1378 5191 1537 5279 ecclesia,
1562 5199 1598 5260 et
1620 5197 1675 5258 est
1699 5193 1805 5258 rebus
1831 5194 1907 5276 ipsa
1933 5208 2014 5257 cum
2030 5188 2211 5276 aliquanti
2229 5190 2417 5257 arboribus

565 5357 602 5416 et
628 5351 681 5414 est
706 5367 768 5433 per
793 5349 877 5416 linis
901 5354 937 5417 et
961 5349 1152 5416 mensurio:
1178 5365 1200 5415 a
1225 5351 1326 5434 parte
1350 5347 1497 5414 meridie
1525 5347 1719 5433 incipiente
1742 5346 1788 5414 da
1811 5345 1961 5413 termine
1988 5345 2049 5433 qui
2086 5346 2206 5413 tlotum
2241 5350 2296 5414 ast
2329 5363 2417 5433 erga

567 5505 629 5573 bia
653 5523 721 5589 que
748 5505 843 5573 badii
871 5504 915 5571 ad
941 5505 1016 5590 ipso
1040 5501 1223 5588 molinum,
1249 5507 1284 5568 et
1306 5506 1476 5589 pergente
1500 5503 1538 5566 in
1561 5507 1663 5587 parte
1686 5500 1834 5566 orientis
1858 5518 1945 5587 erga
1976 5517 2057 5586 sepe
2090 5519 2160 5586 que
2195 5505 2250 5567 est
2279 5499 2322 5567 de
2348 5500 2417 5569 ista

567 5661 685 5744 rebus,
711 5667 794 5726 suut
820 5657 909 5744 passi
935 5657 1179 5744 quadraginta
1203 5662 1282 5725 octo
1305 5666 1342 5727 et
1365 5659 1529 5754 medium,
1554 5661 1589 5724 et
1612 5654 1740 5722 abinde
1767 5653 1968 5722 rebolbente
1990 5655 2031 5721 ,in
2055 5660 2157 5739 parte
2191 5653 2340 5723 meridie
2365 5615 2419 5724 iu·

567 5822 621 5882 sla
648 5833 729 5900 sepe
753 5815 794 5880 de
820 5817 895 5900 ipsa
921 5816 1026 5882 robus
1049 5817 1132 5880 sunt
1155 5816 1247 5899 passi
1275 5813 1427 5900 triginta
1450 5817 1608 5901 septem,
1641 5814 1770 5882 abinde
1796 5819 1964 5900 pergente
1983 5816 2019 5882 in
2038 5833 2120 5901 pars
2143 5815 2294 5883 orientis
2320 5816 2416 5886 iusta
