<?xml version="1.0" encoding="UTF-8"?>
<!DOCTYPE html PUBLIC "-//W3C//DTD XHTML 1.0 Transitional//EN"
    "http://www.w3.org/TR/xhtml1/DTD/xhtml1-transitional.dtd">
<html xmlns="http://www.w3.org/1999/xhtml" xml:lang="en" lang="en">
 <head>
  <title>
</title>
<meta http-equiv="Content-Type" content="text/html;charset=utf-8" />
  <meta name='ocr-system' content='tesseract 3.04.00' />
  <meta name='ocr-capabilities' content='ocr_page ocr_carea ocr_par ocr_line ocrx_word'/>
</head>
<body>
  <div class='ocr_page' id='page_1' title='image "./codexdiplomatic04aragoog_0205.png"; bbox 0 0 5456 7096; ppageno 0'>
   <div class='ocr_carea' id='block_1_1' title="bbox 998 513 2102 626">
    <p class='ocr_par' dir='ltr' id='par_1_1' title="bbox 998 513 2102 626">
     <span class='ocr_line' id='line_1_1' title="bbox 998 513 2102 626; baseline 0.003 -30"><span class='ocrx_word' id='word_1_1' title='bbox 998 521 1450 626; x_wconf 74' lang='lat' dir='ltr'><strong>orunourrrcos</strong></span> <span class='ocrx_word' id='word_1_2' title='bbox 2030 513 2102 600; x_wconf 76' lang='lat' dir='ltr'><strong>ros</strong></span> 
     </span>
    </p>
   </div>
   <div class='ocr_carea' id='block_1_2' title="bbox 299 749 2158 2831">
    <p class='ocr_par' dir='ltr' id='par_1_2' title="bbox 299 749 2158 2831">
     <span class='ocr_line' id='line_1_2' title="bbox 305 749 2150 842; baseline 0.001 -21"><span class='ocrx_word' id='word_1_3' title='bbox 305 752 414 821; x_wconf 86' lang='lat' dir='ltr'><strong>abore</strong></span> <span class='ocrx_word' id='word_1_4' title='bbox 437 749 492 819; x_wconf 88' lang='lat' dir='ltr'><strong>vel</strong></span> <span class='ocrx_word' id='word_1_5' title='bbox 516 749 640 818; x_wconf 88' lang='lat' dir='ltr'><strong>toliere</strong></span> <span class='ocrx_word' id='word_1_6' title='bbox 663 750 832 836; x_wconf 87' lang='lat' dir='ltr'><strong>potuerit,</strong></span> <span class='ocrx_word' id='word_1_7' title='bbox 856 753 892 818; x_wconf 91' lang='lat' dir='ltr'><strong>et</strong></span> <span class='ocrx_word' id='word_1_8' title='bbox 915 766 1035 818; x_wconf 90' lang='lat' dir='ltr'><strong>omnes</strong></span> <span class='ocrx_word' id='word_1_9' title='bbox 1058 752 1271 840; x_wconf 80' lang='lat' dir='ltr'><strong>frugesque</strong></span> <span class='ocrx_word' id='word_1_10' title='bbox 1295 753 1345 820; x_wconf 90' lang='lat' dir='ltr'><strong>ibi</strong></span> <span class='ocrx_word' id='word_1_11' title='bbox 1370 751 1531 840; x_wconf 81' lang='lat' dir='ltr'>fecerint,</span> <span class='ocrx_word' id='word_1_12' title='bbox 1556 757 1668 822; x_wconf 92' lang='lat' dir='ltr'><strong>totum</strong></span> <span class='ocrx_word' id='word_1_13' title='bbox 1694 755 1775 824; x_wconf 91' lang='lat' dir='ltr'><strong>illut</strong></span> <span class='ocrx_word' id='word_1_14' title='bbox 1797 754 1864 824; x_wconf 87' lang='lat' dir='ltr'><strong>sivi</strong></span> <span class='ocrx_word' id='word_1_15' title='bbox 1891 757 2036 842; x_wconf 87' lang='lat' dir='ltr'><strong>abeant,</strong></span> <span class='ocrx_word' id='word_1_16' title='bbox 2060 757 2150 842; x_wconf 89' lang='lat' dir='ltr'><strong>quia</strong></span> 
     </span>
     <span class='ocr_line' id='line_1_3' title="bbox 303 861 2149 994; baseline 0.004 -28"><span class='ocrx_word' id='word_1_17' title='bbox 303 917 367 988; x_wconf 90' lang='lat' dir='ltr'><strong>pro</strong></span> <span class='ocrx_word' id='word_1_18' title='bbox 392 916 536 968; x_wconf 85' lang='lat' dir='ltr'><strong>censum</strong></span> <span class='ocrx_word' id='word_1_19' title='bbox 561 899 604 968; x_wconf 89' lang='lat' dir='ltr'><strong>de</strong></span> <span class='ocrx_word' id='word_1_20' title='bbox 628 900 704 987; x_wconf 90' lang='lat' dir='ltr'><strong>ipse</strong></span> <span class='ocrx_word' id='word_1_21' title='bbox 727 904 824 968; x_wconf 87' lang='lat' dir='ltr'><strong>terre</strong></span> <span class='ocrx_word' id='word_1_22' title='bbox 847 900 948 968; x_wconf 91' lang='lat' dir='ltr'><strong>modo</strong></span> <span class='ocrx_word' id='word_1_23' title='bbox 971 901 1057 971; x_wconf 89' lang='lat' dir='ltr'><strong>dare</strong></span> <span class='ocrx_word' id='word_1_24' title='bbox 1081 903 1181 970; x_wconf 90' lang='lat' dir='ltr'><strong>nobis</strong></span> <span class='ocrx_word' id='word_1_25' title='bbox 1205 903 1335 991; x_wconf 87' lang='lat' dir='ltr'><strong>viginti</strong></span> <span class='ocrx_word' id='word_1_26' title='bbox 1359 861 1701 990; x_wconf 47' lang='lat' dir='ltr'><strong>quantuor&#39;tarenos</strong></span> <span class='ocrx_word' id='word_1_27' title='bbox 1725 924 1852 974; x_wconf 86' lang='lat' dir='ltr'><strong>aurcos</strong></span> <span class='ocrx_word' id='word_1_28' title='bbox 1875 908 1999 993; x_wconf 78' lang='lat' dir='ltr'><strong>bonoS,</strong></span> <span class='ocrx_word' id='word_1_29' title='bbox 2023 911 2060 976; x_wconf 92' lang='lat' dir='ltr'><strong>et</strong></span> <span class='ocrx_word' id='word_1_30' title='bbox 2084 925 2149 994; x_wconf 91' lang='lat' dir='ltr'><strong>per</strong></span> 
     </span>
     <span class='ocr_line' id='line_1_4' title="bbox 299 1056 2152 1145; baseline 0.002 -21"><span class='ocrx_word' id='word_1_31' title='bbox 299 1059 414 1126; x_wconf 88' lang='lat' dir='ltr'><strong>omnis</strong></span> <span class='ocrx_word' id='word_1_32' title='bbox 436 1075 571 1126; x_wconf 89' lang='lat' dir='ltr'><strong>annum</strong></span> <span class='ocrx_word' id='word_1_33' title='bbox 594 1057 638 1124; x_wconf 90' lang='lat' dir='ltr'><strong>de</strong></span> <span class='ocrx_word' id='word_1_34' title='bbox 665 1058 732 1124; x_wconf 93' lang='lat' dir='ltr'><strong>isto</strong></span> <span class='ocrx_word' id='word_1_35' title='bbox 756 1073 876 1125; x_wconf 89' lang='lat' dir='ltr'><strong>mense</strong></span> <span class='ocrx_word' id='word_1_36' title='bbox 899 1058 1071 1124; x_wconf 89' lang='lat' dir='ltr'><strong>hoctuber</strong></span> <span class='ocrx_word' id='word_1_37' title='bbox 1095 1056 1229 1125; x_wconf 89' lang='lat' dir='ltr'><strong>debunt</strong></span> <span class='ocrx_word' id='word_1_38' title='bbox 1252 1057 1338 1126; x_wconf 88' lang='lat' dir='ltr'><strong>dare</strong></span> <span class='ocrx_word' id='word_1_39' title='bbox 1363 1057 1400 1123; x_wconf 93' lang='lat' dir='ltr'><strong>in</strong></span> <span class='ocrx_word' id='word_1_40' title='bbox 1427 1062 1530 1144; x_wconf 87' lang='lat' dir='ltr'><strong>parte</strong></span> <span class='ocrx_word' id='word_1_41' title='bbox 1554 1059 1789 1145; x_wconf 79' lang='lat' dir='ltr'><strong>suprascripti</strong></span> <span class='ocrx_word' id='word_1_42' title='bbox 1815 1059 2023 1128; x_wconf 89' lang='lat' dir='ltr'><strong>monasterii</strong></span> <span class='ocrx_word' id='word_1_43' title='bbox 2048 1059 2152 1128; x_wconf 90' lang='lat' dir='ltr'><strong>sirni-</strong></span> 
     </span>
     <span class='ocr_line' id='line_1_5' title="bbox 303 1209 2151 1300; baseline 0.002 -23"><span class='ocrx_word' id='word_1_44' title='bbox 303 1210 387 1278; x_wconf 89' lang='lat' dir='ltr'><strong>liter</strong></span> <span class='ocrx_word' id='word_1_45' title='bbox 412 1211 544 1296; x_wconf 86' lang='lat' dir='ltr'><strong>viginti</strong></span> <span class='ocrx_word' id='word_1_46' title='bbox 569 1209 749 1295; x_wconf 90' lang='lat' dir='ltr'><strong>quadtuor</strong></span> <span class='ocrx_word' id='word_1_47' title='bbox 774 1212 918 1278; x_wconf 89' lang='lat' dir='ltr'><strong>tarenos</strong></span> <span class='ocrx_word' id='word_1_48' title='bbox 941 1226 1069 1277; x_wconf 89' lang='lat' dir='ltr'><strong>aureos</strong></span> <span class='ocrx_word' id='word_1_49' title='bbox 1092 1211 1212 1297; x_wconf 73' lang='lat' dir='ltr'><strong>boum,</strong></span> <span class='ocrx_word' id='word_1_50' title='bbox 1231 1215 1270 1278; x_wconf 90' lang='lat' dir='ltr'><strong>ut</strong></span> <span class='ocrx_word' id='word_1_51' title='bbox 1285 1212 1364 1278; x_wconf 90' lang='lat' dir='ltr'><strong>sine</strong></span> <span class='ocrx_word' id='word_1_52' title='bbox 1379 1211 1502 1280; x_wconf 89' lang='lat' dir='ltr'><strong>iuncta</strong></span> <span class='ocrx_word' id='word_1_53' title='bbox 1518 1211 1659 1280; x_wconf 81' lang='lat' dir='ltr'><strong>vadant:</strong></span> <span class='ocrx_word' id='word_1_54' title='bbox 1678 1230 1700 1279; x_wconf 92' lang='lat' dir='ltr'><strong>a</strong></span> <span class='ocrx_word' id='word_1_55' title='bbox 1716 1211 1881 1297; x_wconf 88' lang='lat' dir='ltr'><strong>completi</strong></span> <span class='ocrx_word' id='word_1_56' title='bbox 1899 1213 1967 1300; x_wconf 91' lang='lat' dir='ltr'><strong>ipsi</strong></span> <span class='ocrx_word' id='word_1_57' title='bbox 1991 1213 2151 1299; x_wconf 89' lang='lat' dir='ltr'><strong>quinque</strong></span> 
     </span>
     <span class='ocr_line' id='line_1_6' title="bbox 305 1359 2153 1448; baseline -0.001 -18"><span class='ocrx_word' id='word_1_58' title='bbox 305 1363 394 1430; x_wconf 90' lang='lat' dir='ltr'><strong>anni</strong></span> <span class='ocrx_word' id='word_1_59' title='bbox 418 1362 555 1430; x_wconf 88' lang='lat' dir='ltr'><strong>liceant</strong></span> <span class='ocrx_word' id='word_1_60' title='bbox 577 1359 647 1446; x_wconf 88' lang='lat' dir='ltr'><strong>ipsi</strong></span> <span class='ocrx_word' id='word_1_61' title='bbox 670 1359 911 1446; x_wconf 80' lang='lat' dir='ltr'><strong>prenominati</strong></span> <span class='ocrx_word' id='word_1_62' title='bbox 935 1363 971 1426; x_wconf 91' lang='lat' dir='ltr'><strong>et</strong></span> <span class='ocrx_word' id='word_1_63' title='bbox 995 1376 1116 1426; x_wconf 91' lang='lat' dir='ltr'><strong>eorum</strong></span> <span class='ocrx_word' id='word_1_64' title='bbox 1140 1359 1319 1448; x_wconf 79' lang='lat' dir='ltr'><strong>aradibus,</strong></span> <span class='ocrx_word' id='word_1_65' title='bbox 1343 1365 1379 1429; x_wconf 89' lang='lat' dir='ltr'><strong>et</strong></span> <span class='ocrx_word' id='word_1_66' title='bbox 1403 1361 1564 1428; x_wconf 88' lang='lat' dir='ltr'><strong>homines</strong></span> <span class='ocrx_word' id='word_1_67' title='bbox 1586 1363 1648 1447; x_wconf 90' lang='lat' dir='ltr'><strong>qui</strong></span> <span class='ocrx_word' id='word_1_68' title='bbox 1673 1363 1724 1429; x_wconf 91' lang='lat' dir='ltr'><strong>ibi</strong></span> <span class='ocrx_word' id='word_1_69' title='bbox 1747 1363 1923 1448; x_wconf 82' lang='lat' dir='ltr'><strong>miserint,</strong></span> <span class='ocrx_word' id='word_1_70' title='bbox 1948 1361 2056 1430; x_wconf 87' lang='lat' dir='ltr'><strong>liceat</strong></span> <span class='ocrx_word' id='word_1_71' title='bbox 2080 1361 2153 1430; x_wconf 89' lang='lat' dir='ltr'><strong>iliis</strong></span> 
     </span>
     <span class='ocr_line' id='line_1_7' title="bbox 307 1511 2151 1601; baseline 0 -19"><span class='ocrx_word' id='word_1_72' title='bbox 307 1515 390 1583; x_wconf 88' lang='lat' dir='ltr'><strong>inde</strong></span> <span class='ocrx_word' id='word_1_73' title='bbox 414 1513 516 1584; x_wconf 88' lang='lat' dir='ltr'><strong>exire</strong></span> <span class='ocrx_word' id='word_1_74' title='bbox 539 1531 620 1580; x_wconf 90' lang='lat' dir='ltr'><strong>cum</strong></span> <span class='ocrx_word' id='word_1_75' title='bbox 643 1531 754 1580; x_wconf 90' lang='lat' dir='ltr'><strong>causa</strong></span> <span class='ocrx_word' id='word_1_76' title='bbox 777 1531 844 1580; x_wconf 89' lang='lat' dir='ltr'><strong>sua</strong></span> <span class='ocrx_word' id='word_1_77' title='bbox 867 1511 1013 1581; x_wconf 88' lang='lat' dir='ltr'><strong>mobilia</strong></span> <span class='ocrx_word' id='word_1_78' title='bbox 1037 1511 1115 1579; x_wconf 90' lang='lat' dir='ltr'><strong>sine</strong></span> <span class='ocrx_word' id='word_1_79' title='bbox 1139 1512 1344 1597; x_wconf 89' lang='lat' dir='ltr'><strong>dationem,</strong></span> <span class='ocrx_word' id='word_1_80' title='bbox 1369 1516 1404 1580; x_wconf 92' lang='lat' dir='ltr'><strong>et</strong></span> <span class='ocrx_word' id='word_1_81' title='bbox 1428 1513 1503 1600; x_wconf 90' lang='lat' dir='ltr'><strong>ipse</strong></span> <span class='ocrx_word' id='word_1_82' title='bbox 1528 1517 1624 1580; x_wconf 88' lang='lat' dir='ltr'><strong>terre</strong></span> <span class='ocrx_word' id='word_1_83' title='bbox 1647 1512 1813 1582; x_wconf 89' lang='lat' dir='ltr'><strong>relaxent</strong></span> <span class='ocrx_word' id='word_1_84' title='bbox 1837 1516 1875 1583; x_wconf 90' lang='lat' dir='ltr'><strong>in</strong></span> <span class='ocrx_word' id='word_1_85' title='bbox 1899 1519 2001 1600; x_wconf 87' lang='lat' dir='ltr'><strong>parte</strong></span> <span class='ocrx_word' id='word_1_86' title='bbox 2024 1533 2151 1601; x_wconf 89' lang='lat' dir='ltr'><strong>supra·</strong></span> 
     </span>
     <span class='ocr_line' id='line_1_8' title="bbox 309 1663 2154 1755; baseline -0.001 -19"><span class='ocrx_word' id='word_1_87' title='bbox 309 1669 432 1755; x_wconf 89' lang='lat' dir='ltr'><strong>scripti</strong></span> <span class='ocrx_word' id='word_1_88' title='bbox 457 1666 679 1736; x_wconf 90' lang='lat' dir='ltr'><strong>monasterii.</strong></span> <span class='ocrx_word' id='word_1_89' title='bbox 705 1665 802 1734; x_wconf 91' lang='lat' dir='ltr'><strong>Unde</strong></span> <span class='ocrx_word' id='word_1_90' title='bbox 827 1665 866 1733; x_wconf 94' lang='lat' dir='ltr'><strong>in</strong></span> <span class='ocrx_word' id='word_1_91' title='bbox 891 1683 932 1734; x_wconf 91' lang='lat' dir='ltr'><strong>eo</strong></span> <span class='ocrx_word' id='word_1_92' title='bbox 955 1665 1073 1734; x_wconf 87' lang='lat' dir='ltr'><strong>tinore</strong></span> <span class='ocrx_word' id='word_1_93' title='bbox 1096 1685 1160 1752; x_wconf 89' lang='lat' dir='ltr'><strong>per</strong></span> <span class='ocrx_word' id='word_1_94' title='bbox 1187 1663 1436 1734; x_wconf 87' lang='lat' dir='ltr'><strong>convenientia</strong></span> <span class='ocrx_word' id='word_1_95' title='bbox 1459 1665 1594 1754; x_wconf 87' lang='lat' dir='ltr'><strong>guadia</strong></span> <span class='ocrx_word' id='word_1_96' title='bbox 1616 1665 1717 1733; x_wconf 90' lang='lat' dir='ltr'><strong>nobis</strong></span> <span class='ocrx_word' id='word_1_97' title='bbox 1741 1667 1928 1754; x_wconf 88' lang='lat' dir='ltr'><strong>dederunt,</strong></span> <span class='ocrx_word' id='word_1_98' title='bbox 1953 1669 1989 1735; x_wconf 92' lang='lat' dir='ltr'><strong>et</strong></span> <span class='ocrx_word' id='word_1_99' title='bbox 2012 1667 2154 1736; x_wconf 73' lang='lat' dir='ltr'><strong>fideius-</strong></span> 
     </span>
     <span class='ocr_line' id='line_1_9' title="bbox 306 1818 2155 1907; baseline 0 -19"><span class='ocrx_word' id='word_1_100' title='bbox 306 1837 419 1888; x_wconf 84' lang='lat' dir='ltr'><strong>sorem</strong></span> <span class='ocrx_word' id='word_1_101' title='bbox 443 1821 545 1888; x_wconf 91' lang='lat' dir='ltr'><strong>ncbis</strong></span> <span class='ocrx_word' id='word_1_102' title='bbox 569 1823 764 1907; x_wconf 85' lang='lat' dir='ltr'><strong>posuerunt</strong></span> <span class='ocrx_word' id='word_1_103' title='bbox 788 1818 914 1907; x_wconf 87' lang='lat' dir='ltr'><strong>seipsis</strong></span> <span class='ocrx_word' id='word_1_104' title='bbox 937 1819 1214 1906; x_wconf 82' lang='lat' dir='ltr'><strong>prenominatos;</strong></span> <span class='ocrx_word' id='word_1_105' title='bbox 1240 1821 1277 1886; x_wconf 87' lang='lat' dir='ltr'><strong>et</strong></span> <span class='ocrx_word' id='word_1_106' title='bbox 1300 1837 1364 1905; x_wconf 91' lang='lat' dir='ltr'><strong>per</strong></span> <span class='ocrx_word' id='word_1_107' title='bbox 1388 1821 1464 1905; x_wconf 88' lang='lat' dir='ltr'><strong>ipsa</strong></span> <span class='ocrx_word' id='word_1_108' title='bbox 1486 1818 1621 1904; x_wconf 85' lang='lat' dir='ltr'><strong>guadia</strong></span> <span class='ocrx_word' id='word_1_109' title='bbox 1645 1819 1817 1904; x_wconf 83' lang='lat' dir='ltr'><strong>obligavit</strong></span> <span class='ocrx_word' id='word_1_110' title='bbox 1840 1838 1877 1888; x_wconf 89' lang='lat' dir='ltr'><strong>se</strong></span> <span class='ocrx_word' id='word_1_111' title='bbox 1905 1825 1940 1888; x_wconf 91' lang='lat' dir='ltr'><strong>et</strong></span> <span class='ocrx_word' id='word_1_112' title='bbox 1973 1822 2047 1888; x_wconf 89' lang='lat' dir='ltr'><strong>suis</strong></span> <span class='ocrx_word' id='word_1_113' title='bbox 2077 1839 2155 1889; x_wconf 87' lang='lat' dir='ltr'><strong>erc·</strong></span> 
     </span>
     <span class='ocr_line' id='line_1_10' title="bbox 308 1969 2155 2060; baseline 0 -20"><span class='ocrx_word' id='word_1_114' title='bbox 308 1972 425 2060; x_wconf 83' lang='lat' dir='ltr'><strong>dibus,</strong></span> <span class='ocrx_word' id='word_1_115' title='bbox 451 1977 491 2040; x_wconf 92' lang='lat' dir='ltr'><strong>ut</strong></span> <span class='ocrx_word' id='word_1_116' title='bbox 514 1973 545 2040; x_wconf 94' lang='lat' dir='ltr'><strong>si</strong></span> <span class='ocrx_word' id='word_1_117' title='bbox 570 1973 692 2041; x_wconf 88' lang='lat' dir='ltr'><strong>omnia</strong></span> <span class='ocrx_word' id='word_1_118' title='bbox 714 1971 958 2060; x_wconf 86' lang='lat' dir='ltr'><strong>suprascripta</strong></span> <span class='ocrx_word' id='word_1_119' title='bbox 983 1988 1055 2036; x_wconf 92' lang='lat' dir='ltr'><strong>non</strong></span> <span class='ocrx_word' id='word_1_120' title='bbox 1081 1969 1359 2056; x_wconf 90' lang='lat' dir='ltr'><strong>adimpleberint</strong></span> <span class='ocrx_word' id='word_1_121' title='bbox 1383 1971 1421 2037; x_wconf 93' lang='lat' dir='ltr'><strong>in</strong></span> <span class='ocrx_word' id='word_1_122' title='bbox 1444 1975 1547 2057; x_wconf 87' lang='lat' dir='ltr'><strong>parts</strong></span> <span class='ocrx_word' id='word_1_123' title='bbox 1570 1970 1702 2038; x_wconf 90' lang='lat' dir='ltr'><strong>exdicti</strong></span> <span class='ocrx_word' id='word_1_124' title='bbox 1728 1973 1938 2040; x_wconf 89' lang='lat' dir='ltr'><strong>monasterii</strong></span> <span class='ocrx_word' id='word_1_125' title='bbox 1964 1977 2001 2040; x_wconf 86' lang='lat' dir='ltr'><strong>et</strong></span> <span class='ocrx_word' id='word_1_126' title='bbox 2024 1971 2155 2059; x_wconf 87' lang='lat' dir='ltr'><strong>aliquit</strong></span> 
     </span>
     <span class='ocr_line' id='line_1_11' title="bbox 307 2091 2153 2216; baseline -0.002 -18"><span class='ocrx_word' id='word_1_127' title='bbox 307 2129 391 2198; x_wconf 88' lang='lat' dir='ltr'><strong>inde</strong></span> <span class='ocrx_word' id='word_1_128' title='bbox 414 2128 712 2216; x_wconf 84' lang='lat' dir='ltr'><strong>contradixerint,</strong></span> <span class='ocrx_word' id='word_1_129' title='bbox 737 2091 836 2198; x_wconf 65' lang='lat' dir='ltr'><strong>¹Tunc</strong></span> <span class='ocrx_word' id='word_1_130' title='bbox 859 2149 922 2216; x_wconf 92' lang='lat' dir='ltr'><strong>per</strong></span> <span class='ocrx_word' id='word_1_131' title='bbox 951 2129 1032 2215; x_wconf 91' lang='lat' dir='ltr'><strong>ipsa</strong></span> <span class='ocrx_word' id='word_1_132' title='bbox 1048 2124 1184 2214; x_wconf 85' lang='lat' dir='ltr'><strong>guadia</strong></span> <span class='ocrx_word' id='word_1_133' title='bbox 1199 2143 1407 2210; x_wconf 89' lang='lat' dir='ltr'><strong>componere</strong></span> <span class='ocrx_word' id='word_1_134' title='bbox 1423 2124 1598 2212; x_wconf 88' lang='lat' dir='ltr'><strong>obligavit</strong></span> <span class='ocrx_word' id='word_1_135' title='bbox 1615 2124 1740 2212; x_wconf 90' lang='lat' dir='ltr'><strong>seipsis</strong></span> <span class='ocrx_word' id='word_1_136' title='bbox 1757 2126 1994 2212; x_wconf 88' lang='lat' dir='ltr'><strong>prenominati</strong></span> <span class='ocrx_word' id='word_1_137' title='bbox 2019 2131 2153 2214; x_wconf 86' lang='lat' dir='ltr'><strong>petrus,</strong></span> 
     </span>
     <span class='ocr_line' id='line_1_12' title="bbox 307 2277 2157 2370; baseline -0.002 -18"><span class='ocrx_word' id='word_1_138' title='bbox 307 2286 344 2352; x_wconf 86' lang='lat' dir='ltr'><strong>et</strong></span> <span class='ocrx_word' id='word_1_139' title='bbox 366 2281 499 2370; x_wconf 92' lang='lat' dir='ltr'><strong>nicola,</strong></span> <span class='ocrx_word' id='word_1_140' title='bbox 523 2287 559 2352; x_wconf 88' lang='lat' dir='ltr'><strong>et</strong></span> <span class='ocrx_word' id='word_1_141' title='bbox 583 2287 716 2370; x_wconf 89' lang='lat' dir='ltr'><strong>petrus,</strong></span> <span class='ocrx_word' id='word_1_142' title='bbox 744 2288 780 2351; x_wconf 92' lang='lat' dir='ltr'><strong>et</strong></span> <span class='ocrx_word' id='word_1_143' title='bbox 803 2284 878 2350; x_wconf 89' lang='lat' dir='ltr'><strong>suis</strong></span> <span class='ocrx_word' id='word_1_144' title='bbox 901 2281 1091 2349; x_wconf 88' lang='lat' dir='ltr'><strong>heredibus</strong></span> <span class='ocrx_word' id='word_1_145' title='bbox 1115 2281 1153 2343; x_wconf 91' lang='lat' dir='ltr'><strong>in</strong></span> <span class='ocrx_word' id='word_1_146' title='bbox 1178 2284 1279 2366; x_wconf 88' lang='lat' dir='ltr'><strong>parte</strong></span> <span class='ocrx_word' id='word_1_147' title='bbox 1304 2279 1437 2346; x_wconf 85' lang='lat' dir='ltr'><strong>exdicti</strong></span> <span class='ocrx_word' id='word_1_148' title='bbox 1457 2279 1664 2347; x_wconf 88' lang='lat' dir='ltr'><strong>monasterii</strong></span> <span class='ocrx_word' id='word_1_149' title='bbox 1683 2277 1812 2365; x_wconf 82' lang='lat' dir='ltr'><strong>viginti</strong></span> <span class='ocrx_word' id='word_1_150' title='bbox 1829 2277 1932 2347; x_wconf 91' lang='lat' dir='ltr'><strong>solidi</strong></span> <span class='ocrx_word' id='word_1_151' title='bbox 1949 2282 2051 2348; x_wconf 87' lang='lat' dir='ltr'><strong>aurei</strong></span> <span class='ocrx_word' id='word_1_152' title='bbox 2076 2298 2157 2349; x_wconf 91' lang='lat' dir='ltr'><strong>con·</strong></span> 
     </span>
     <span class='ocr_line' id='line_1_13' title="bbox 309 2421 2158 2524; baseline -0.003 -17"><span class='ocrx_word' id='word_1_153' title='bbox 309 2436 486 2524; x_wconf 85' lang='lat' dir='ltr'><strong>stantini,</strong></span> <span class='ocrx_word' id='word_1_154' title='bbox 509 2437 602 2524; x_wconf 89' lang='lat' dir='ltr'><strong>quod</strong></span> <span class='ocrx_word' id='word_1_155' title='bbox 626 2437 754 2524; x_wconf 84' lang='lat' dir='ltr'><strong>scripsi</strong></span> <span class='ocrx_word' id='word_1_156' title='bbox 778 2455 844 2523; x_wconf 80' lang='lat' dir='ltr'><strong>ego</strong></span> <span class='ocrx_word' id='word_1_157' title='bbox 868 2435 930 2524; x_wconf 92' lang='lat' dir='ltr'><strong>qui</strong></span> <span class='ocrx_word' id='word_1_158' title='bbox 956 2451 1066 2522; x_wconf 88' lang='lat' dir='ltr'><strong>supra</strong></span> <span class='ocrx_word' id='word_1_159' title='bbox 1089 2432 1264 2502; x_wconf 88' lang='lat' dir='ltr'><strong>iohannes</strong></span> <span class='ocrx_word' id='word_1_160' title='bbox 1287 2432 1442 2500; x_wconf 85' lang='lat' dir='ltr'><strong>clericus</strong></span> <span class='ocrx_word' id='word_1_161' title='bbox 1464 2431 1507 2499; x_wconf 93' lang='lat' dir='ltr'><strong>ed</strong></span> <span class='ocrx_word' id='word_1_162' title='bbox 1531 2431 1720 2500; x_wconf 86' lang='lat' dir='ltr'><strong>advocator</strong></span> <span class='ocrx_word' id='word_1_163' title='bbox 1744 2430 1805 2518; x_wconf 93' lang='lat' dir='ltr'><strong>qui</strong></span> <span class='ocrx_word' id='word_1_164' title='bbox 1823 2436 1860 2500; x_wconf 89' lang='lat' dir='ltr'><strong>ct</strong></span> <span class='ocrx_word' id='word_1_165' title='bbox 1882 2421 2012 2502; x_wconf 84' lang='lat' dir='ltr'><strong>scriba</strong></span> <span class='ocrx_word' id='word_1_166' title='bbox 2029 2435 2158 2521; x_wconf 79' lang='lat' dir='ltr'><strong>prefati</strong></span> 
     </span>
     <span class='ocr_line' id='line_1_14' title="bbox 309 2591 530 2660; baseline 0.009 -4"><span class='ocrx_word' id='word_1_167' title='bbox 309 2591 530 2660; x_wconf 77' lang='lat' dir='ltr'><strong>monasterii.</strong></span> 
     </span>
     <span class='ocr_line' id='line_1_15' title="bbox 356 2714 1141 2831; baseline 0.003 -21"><span class='ocrx_word' id='word_1_168' title='bbox 356 2714 385 2831; x_wconf 88' lang='lat'>†</span> <span class='ocrx_word' id='word_1_169' title='bbox 410 2745 486 2831; x_wconf 83' lang='lat' dir='ltr'><strong>Ego</strong></span> <span class='ocrx_word' id='word_1_170' title='bbox 510 2744 656 2814; x_wconf 87' lang='lat' dir='ltr'><strong>alderisi</strong></span> <span class='ocrx_word' id='word_1_171' title='bbox 680 2745 843 2814; x_wconf 88' lang='lat' dir='ltr'><strong>notarius</strong></span> <span class='ocrx_word' id='word_1_172' title='bbox 868 2763 924 2812; x_wconf 92' lang='lat' dir='ltr'><strong>me</strong></span> <span class='ocrx_word' id='word_1_173' title='bbox 948 2743 1141 2813; x_wconf 88' lang='lat' dir='ltr'><strong>subscribsi</strong></span> 
     </span>
    </p>
   </div>
   <div class='ocr_carea' id='block_1_3' title="bbox 359 2868 941 2986">
    <p class='ocr_par' dir='ltr' id='par_1_3' title="bbox 359 2868 941 2986">
     <span class='ocr_line' id='line_1_16' title="bbox 359 2868 941 2986; baseline 0.005 -23"><span class='ocrx_word' id='word_1_174' title='bbox 359 2868 390 2982; x_wconf 94' lang='lat'>†</span> <span class='ocrx_word' id='word_1_175' title='bbox 414 2898 489 2984; x_wconf 81' lang='lat' dir='ltr'><strong>Ego</strong></span> <span class='ocrx_word' id='word_1_176' title='bbox 513 2904 636 2986; x_wconf 89' lang='lat' dir='ltr'><strong>petrus</strong></span> <span class='ocrx_word' id='word_1_177' title='bbox 658 2919 714 2968; x_wconf 90' lang='lat' dir='ltr'><strong>me</strong></span> <span class='ocrx_word' id='word_1_178' title='bbox 737 2899 941 2986; x_wconf 87' lang='lat' dir='ltr'><strong>subscripsi.</strong></span> 
     </span>
    </p>
   </div>
   <div class='ocr_carea' id='block_1_4' title="bbox 1061 3521 1414 3633">
    <p class='ocr_par' dir='ltr' id='par_1_4' title="bbox 1061 3521 1414 3633">
     <span class='ocr_line' id='line_1_17' title="bbox 1061 3521 1414 3633; baseline -0.011 0"><span class='ocrx_word' id='word_1_179' title='bbox 1061 3521 1414 3633; x_wconf 78' lang='lat' dir='ltr'><strong>CMLxxxr.</strong></span> 
     </span>
    </p>
   </div>
   <div class='ocr_carea' id='block_1_5' title="bbox 991 3811 1384 3921">
    <p class='ocr_par' dir='ltr' id='par_1_5' title="bbox 991 3811 1384 3921">
     <span class='ocr_line' id='line_1_18' title="bbox 991 3811 1384 3921; baseline -0.013 0"><span class='ocrx_word' id='word_1_180' title='bbox 991 3811 993 3819; x_wconf 74' lang='grc'><em>’</em></span> <span class='ocrx_word' id='word_1_181' title='bbox 1095 3847 1151 3921; x_wconf 88' lang='grc' dir='ltr'><strong>Α.</strong></span> <span class='ocrx_word' id='word_1_182' title='bbox 1177 3846 1231 3919; x_wconf 85' lang='lat' dir='ltr'><strong>n.</strong></span> <span class='ocrx_word' id='word_1_183' title='bbox 1262 3844 1384 3919; x_wconf 86' lang='lat'>1041.</span> 
     </span>
    </p>
   </div>
   <div class='ocr_carea' id='block_1_6' title="bbox 318 4086 2233 5751">
    <p class='ocr_par' dir='ltr' id='par_1_6' title="bbox 318 4086 2233 5751">
     <span class='ocr_line' id='line_1_19' title="bbox 369 4086 2169 4228; baseline -0.002 -24"><span class='ocrx_word' id='word_1_184' title='bbox 369 4086 404 4228; x_wconf 82' lang='lat'><em>†</em></span> <span class='ocrx_word' id='word_1_185' title='bbox 431 4107 470 4204; x_wconf 90' lang='lat' dir='ltr'><strong>ln</strong></span> <span class='ocrx_word' id='word_1_186' title='bbox 495 4137 638 4206; x_wconf 90' lang='lat' dir='ltr'><strong>nomine</strong></span> <span class='ocrx_word' id='word_1_187' title='bbox 661 4137 797 4205; x_wconf 92' lang='lat' dir='ltr'><strong>domini</strong></span> <span class='ocrx_word' id='word_1_188' title='bbox 821 4136 986 4204; x_wconf 86' lang='lat' dir='ltr'><strong>vicesimo</strong></span> <span class='ocrx_word' id='word_1_189' title='bbox 1009 4139 1136 4221; x_wconf 87' lang='lat' dir='ltr'><strong>quarto</strong></span> <span class='ocrx_word' id='word_1_190' title='bbox 1151 4153 1246 4204; x_wconf 85' lang='lat' dir='ltr'><strong>anno</strong></span> <span class='ocrx_word' id='word_1_191' title='bbox 1262 4134 1486 4221; x_wconf 78' lang='lat' dir='ltr'><strong>principatus</strong></span> <span class='ocrx_word' id='word_1_192' title='bbox 1504 4133 1622 4202; x_wconf 88' lang='lat' dir='ltr'><strong>domni</strong></span> <span class='ocrx_word' id='word_1_193' title='bbox 1640 4133 1752 4200; x_wconf 89' lang='lat' dir='ltr'><strong>nostri</strong></span> <span class='ocrx_word' id='word_1_194' title='bbox 1777 4133 1971 4221; x_wconf 82' lang='lat' dir='ltr'><strong>guaimari,</strong></span> <span class='ocrx_word' id='word_1_195' title='bbox 1988 4136 2025 4201; x_wconf 90' lang='lat' dir='ltr'><strong>et</strong></span> <span class='ocrx_word' id='word_1_196' title='bbox 2040 4137 2169 4220; x_wconf 86' lang='lat' dir='ltr'><strong>quarto</strong></span> 
     </span>
     <span class='ocr_line' id='line_1_20' title="bbox 318 4285 2170 4376; baseline -0.003 -16"><span class='ocrx_word' id='word_1_197' title='bbox 318 4307 416 4360; x_wconf 88' lang='lat' dir='ltr'><strong>anno</strong></span> <span class='ocrx_word' id='word_1_198' title='bbox 440 4287 666 4376; x_wconf 85' lang='lat' dir='ltr'><strong>principatus</strong></span> <span class='ocrx_word' id='word_1_199' title='bbox 689 4287 767 4357; x_wconf 91' lang='lat' dir='ltr'><strong>eius</strong></span> <span class='ocrx_word' id='word_1_200' title='bbox 790 4305 916 4374; x_wconf 89' lang='lat' dir='ltr'><strong>capue,</strong></span> <span class='ocrx_word' id='word_1_201' title='bbox 939 4291 976 4355; x_wconf 87' lang='lat' dir='ltr'><strong>et</strong></span> <span class='ocrx_word' id='word_1_202' title='bbox 999 4289 1107 4355; x_wconf 93' lang='lat' dir='ltr'><strong>tertio</strong></span> <span class='ocrx_word' id='word_1_203' title='bbox 1130 4304 1225 4355; x_wconf 92' lang='lat' dir='ltr'><strong>anno</strong></span> <span class='ocrx_word' id='word_1_204' title='bbox 1247 4287 1398 4356; x_wconf 87' lang='lat' dir='ltr'><strong>docatus</strong></span> <span class='ocrx_word' id='word_1_205' title='bbox 1422 4287 1501 4355; x_wconf 90' lang='lat' dir='ltr'><strong>eius</strong></span> <span class='ocrx_word' id='word_1_206' title='bbox 1524 4285 1646 4356; x_wconf 85' lang='lat' dir='ltr'><strong>amalfi</strong></span> <span class='ocrx_word' id='word_1_207' title='bbox 1660 4289 1697 4354; x_wconf 91' lang='lat' dir='ltr'><strong>et</strong></span> <span class='ocrx_word' id='word_1_208' title='bbox 1720 4287 1884 4373; x_wconf 89' lang='lat' dir='ltr'><strong>sirrenti,</strong></span> <span class='ocrx_word' id='word_1_209' title='bbox 1901 4287 2054 4372; x_wconf 86' lang='lat' dir='ltr'><strong>glorioso</strong></span> <span class='ocrx_word' id='word_1_210' title='bbox 2070 4291 2170 4374; x_wconf 88' lang='lat' dir='ltr'><strong>prin-</strong></span> 
     </span>
     <span class='ocr_line' id='line_1_21' title="bbox 321 4437 2166 4530; baseline -0.001 -21"><span class='ocrx_word' id='word_1_211' title='bbox 321 4441 413 4530; x_wconf 90' lang='lat' dir='ltr'><strong>cipe,</strong></span> <span class='ocrx_word' id='word_1_212' title='bbox 436 4459 558 4509; x_wconf 90' lang='lat' dir='ltr'><strong>mense</strong></span> <span class='ocrx_word' id='word_1_213' title='bbox 581 4442 792 4526; x_wconf 85' lang='lat' dir='ltr'><strong>sebtember,</strong></span> <span class='ocrx_word' id='word_1_214' title='bbox 817 4438 955 4507; x_wconf 90' lang='lat' dir='ltr'><strong>decima</strong></span> <span class='ocrx_word' id='word_1_215' title='bbox 979 4437 1189 4507; x_wconf 89' lang='lat' dir='ltr'><strong>indictione.</strong></span> <span class='ocrx_word' id='word_1_216' title='bbox 1215 4442 1290 4526; x_wconf 85' lang='lat' dir='ltr'><strong>Ego</strong></span> <span class='ocrx_word' id='word_1_217' title='bbox 1305 4441 1483 4508; x_wconf 87' lang='lat' dir='ltr'><strong>iohannes</strong></span> <span class='ocrx_word' id='word_1_218' title='bbox 1499 4441 1609 4508; x_wconf 91' lang='lat' dir='ltr'><strong>abbas</strong></span> <span class='ocrx_word' id='word_1_219' title='bbox 1625 4439 1834 4510; x_wconf 87' lang='lat' dir='ltr'><strong>monasterii</strong></span> <span class='ocrx_word' id='word_1_220' title='bbox 1851 4443 1972 4508; x_wconf 88' lang='lat' dir='ltr'><strong>sancte</strong></span> <span class='ocrx_word' id='word_1_221' title='bbox 1988 4441 2085 4526; x_wconf 86' lang='lat' dir='ltr'><strong>sofle,</strong></span> <span class='ocrx_word' id='word_1_222' title='bbox 2103 4442 2166 4528; x_wconf 90' lang='lat' dir='ltr'><strong>qui</strong></span> 
     </span>
     <span class='ocr_line' id='line_1_22' title="bbox 318 4588 2233 4677; baseline -0.003 -13"><span class='ocrx_word' id='word_1_223' title='bbox 318 4615 341 4664; x_wconf 90' lang='lat' dir='ltr'><strong>a</strong></span> <span class='ocrx_word' id='word_1_224' title='bbox 365 4597 457 4662; x_wconf 90' lang='lat' dir='ltr'><strong>nobo</strong></span> <span class='ocrx_word' id='word_1_225' title='bbox 479 4593 687 4662; x_wconf 85' lang='lat' dir='ltr'><strong>fundamine</strong></span> <span class='ocrx_word' id='word_1_226' title='bbox 714 4588 917 4660; x_wconf 83' lang='lat' dir='ltr'><strong>construxit</strong></span> <span class='ocrx_word' id='word_1_227' title='bbox 939 4589 1143 4677; x_wconf 75' lang='lat' dir='ltr'><strong>guaiferius</strong></span> <span class='ocrx_word' id='word_1_228' title='bbox 1166 4609 1282 4660; x_wconf 88' lang='lat' dir='ltr'><strong>comes</strong></span> <span class='ocrx_word' id='word_1_229' title='bbox 1307 4594 1344 4660; x_wconf 90' lang='lat' dir='ltr'><strong>in</strong></span> <span class='ocrx_word' id='word_1_230' title='bbox 1368 4595 1472 4660; x_wconf 90' lang='lat' dir='ltr'><strong>rebus</strong></span> <span class='ocrx_word' id='word_1_231' title='bbox 1496 4612 1562 4661; x_wconf 89' lang='lat' dir='ltr'><strong>sua</strong></span> <span class='ocrx_word' id='word_1_232' title='bbox 1590 4596 1689 4662; x_wconf 89' lang='lat' dir='ltr'><strong>intus</strong></span> <span class='ocrx_word' id='word_1_233' title='bbox 1713 4597 1807 4662; x_wconf 90' lang='lat' dir='ltr'><strong>cibes</strong></span> <span class='ocrx_word' id='word_1_234' title='bbox 1832 4593 1972 4662; x_wconf 89' lang='lat' dir='ltr'><strong>salerno</strong></span> <span class='ocrx_word' id='word_1_235' title='bbox 1996 4591 2169 4660; x_wconf 88' lang='lat' dir='ltr'><strong>inlocum</strong></span> <span class='ocrx_word' id='word_1_236' title='bbox 2230 4663 2233 4671; x_wconf 62' lang='grc'><strong>,</strong></span> 
     </span>
     <span class='ocr_line' id='line_1_23' title="bbox 318 4744 2169 4832; baseline -0.002 -18"><span class='ocrx_word' id='word_1_237' title='bbox 318 4747 479 4832; x_wconf 86' lang='lat' dir='ltr'><strong>nucerio,</strong></span> <span class='ocrx_word' id='word_1_238' title='bbox 504 4749 588 4814; x_wconf 91' lang='lat' dir='ltr'><strong>ante</strong></span> <span class='ocrx_word' id='word_1_239' title='bbox 611 4745 803 4830; x_wconf 87' lang='lat' dir='ltr'><strong>subscripti</strong></span> <span class='ocrx_word' id='word_1_240' title='bbox 827 4747 934 4811; x_wconf 88' lang='lat' dir='ltr'><strong>testes</strong></span> <span class='ocrx_word' id='word_1_241' title='bbox 957 4744 1167 4813; x_wconf 89' lang='lat' dir='ltr'><strong>coniunctus</strong></span> <span class='ocrx_word' id='word_1_242' title='bbox 1190 4763 1268 4811; x_wconf 88' lang='lat' dir='ltr'><strong>sum</strong></span> <span class='ocrx_word' id='word_1_243' title='bbox 1292 4765 1373 4813; x_wconf 88' lang='lat' dir='ltr'><strong>oum</strong></span> <span class='ocrx_word' id='word_1_244' title='bbox 1397 4747 1607 4831; x_wconf 89' lang='lat' dir='ltr'><strong>stephanum</strong></span> <span class='ocrx_word' id='word_1_245' title='bbox 1639 4747 1814 4832; x_wconf 87' lang='lat' dir='ltr'><strong>presbiter</strong></span> <span class='ocrx_word' id='word_1_246' title='bbox 1847 4745 1960 4813; x_wconf 88' lang='lat' dir='ltr'><strong>tilium</strong></span> <span class='ocrx_word' id='word_1_247' title='bbox 1990 4744 2169 4830; x_wconf 89' lang='lat' dir='ltr'><strong>quondam</strong></span> 
     </span>
     <span class='ocr_line' id='line_1_24' title="bbox 320 4896 2167 4986; baseline -0.002 -19"><span class='ocrx_word' id='word_1_248' title='bbox 320 4899 446 4969; x_wconf 89' lang='lat' dir='ltr'><strong>donati</strong></span> <span class='ocrx_word' id='word_1_249' title='bbox 470 4897 659 4985; x_wconf 88' lang='lat' dir='ltr'><strong>presbiteri</strong></span> <span class='ocrx_word' id='word_1_250' title='bbox 684 4896 835 4984; x_wconf 91' lang='lat' dir='ltr'><strong>plurime</strong></span> <span class='ocrx_word' id='word_1_251' title='bbox 859 4896 1097 4984; x_wconf 87' lang='lat' dir='ltr'><strong>causationes,</strong></span> <span class='ocrx_word' id='word_1_252' title='bbox 1113 4896 1205 4982; x_wconf 92' lang='lat' dir='ltr'><strong>quod</strong></span> <span class='ocrx_word' id='word_1_253' title='bbox 1223 4916 1304 4964; x_wconf 90' lang='lat' dir='ltr'><strong>cum</strong></span> <span class='ocrx_word' id='word_1_254' title='bbox 1322 4899 1404 4967; x_wconf 87' lang='lat' dir='ltr'><strong>illut</strong></span> <span class='ocrx_word' id='word_1_255' title='bbox 1419 4900 1532 4985; x_wconf 91' lang='lat' dir='ltr'><strong>abuit,</strong></span> <span class='ocrx_word' id='word_1_256' title='bbox 1549 4899 1593 4966; x_wconf 91' lang='lat' dir='ltr'><strong>de</strong></span> <span class='ocrx_word' id='word_1_257' title='bbox 1610 4899 1679 4967; x_wconf 89' lang='lat' dir='ltr'><strong>due</strong></span> <span class='ocrx_word' id='word_1_258' title='bbox 1696 4900 1794 4986; x_wconf 91' lang='lat' dir='ltr'><strong>pecie</strong></span> <span class='ocrx_word' id='word_1_259' title='bbox 1811 4898 1854 4966; x_wconf 88' lang='lat' dir='ltr'><strong>de</strong></span> <span class='ocrx_word' id='word_1_260' title='bbox 1884 4901 1980 4965; x_wconf 89' lang='lat' dir='ltr'><strong>terra</strong></span> <span class='ocrx_word' id='word_1_261' title='bbox 2005 4917 2086 4964; x_wconf 89' lang='lat' dir='ltr'><strong>oum</strong></span> <span class='ocrx_word' id='word_1_262' title='bbox 2112 4897 2167 4964; x_wconf 91' lang='lat' dir='ltr'><strong>in·</strong></span> 
     </span>
     <span class='ocr_line' id='line_1_25' title="bbox 320 5048 2170 5139; baseline -0.001 -20"><span class='ocrx_word' id='word_1_263' title='bbox 320 5051 474 5139; x_wconf 87' lang='lat' dir='ltr'><strong>sititum,</strong></span> <span class='ocrx_word' id='word_1_264' title='bbox 498 5052 591 5138; x_wconf 84' lang='lat' dir='ltr'><strong>quod</strong></span> <span class='ocrx_word' id='word_1_265' title='bbox 614 5069 697 5138; x_wconf 90' lang='lat' dir='ltr'><strong>pars</strong></span> <span class='ocrx_word' id='word_1_266' title='bbox 721 5051 836 5118; x_wconf 91' lang='lat' dir='ltr'><strong>nostri</strong></span> <span class='ocrx_word' id='word_1_267' title='bbox 860 5048 1070 5117; x_wconf 89' lang='lat' dir='ltr'><strong>monasterii</strong></span> <span class='ocrx_word' id='word_1_268' title='bbox 1088 5051 1171 5117; x_wconf 89' lang='lat' dir='ltr'><strong>abet</strong></span> <span class='ocrx_word' id='word_1_269' title='bbox 1187 5051 1225 5116; x_wconf 90' lang='lat' dir='ltr'><strong>in</strong></span> <span class='ocrx_word' id='word_1_270' title='bbox 1242 5050 1375 5118; x_wconf 85' lang='lat' dir='ltr'><strong>finibus</strong></span> <span class='ocrx_word' id='word_1_271' title='bbox 1398 5051 1555 5138; x_wconf 84' lang='lat' dir='ltr'><strong>nucerio,</strong></span> <span class='ocrx_word' id='word_1_272' title='bbox 1583 5052 1642 5118; x_wconf 92' lang='lat' dir='ltr'><strong>ubi</strong></span> <span class='ocrx_word' id='word_1_273' title='bbox 1667 5052 1857 5119; x_wconf 90' lang='lat' dir='ltr'><strong>corbarum</strong></span> <span class='ocrx_word' id='word_1_274' title='bbox 1880 5049 2026 5117; x_wconf 89' lang='lat' dir='ltr'><strong>dicitur:</strong></span> <span class='ocrx_word' id='word_1_275' title='bbox 2053 5051 2170 5138; x_wconf 90' lang='lat' dir='ltr'><strong>prima</strong></span> 
     </span>
     <span class='ocr_line' id='line_1_26' title="bbox 321 5201 2170 5302; baseline -0.001 -31"><span class='ocrx_word' id='word_1_276' title='bbox 321 5206 437 5292; x_wconf 89' lang='lat' dir='ltr'><strong>pecia,</strong></span> <span class='ocrx_word' id='word_1_277' title='bbox 461 5204 522 5271; x_wconf 90' lang='lat' dir='ltr'><strong>ubi</strong></span> <span class='ocrx_word' id='word_1_278' title='bbox 539 5204 671 5272; x_wconf 92' lang='lat' dir='ltr'><strong>dicitur</strong></span> <span class='ocrx_word' id='word_1_279' title='bbox 686 5224 708 5273; x_wconf 88' lang='lat' dir='ltr'><strong>a</strong></span> <span class='ocrx_word' id='word_1_280' title='bbox 725 5201 762 5269; x_wconf 91' lang='lat' dir='ltr'><strong>iu</strong></span> <span class='ocrx_word' id='word_1_281' title='bbox 778 5201 956 5288; x_wconf 90' lang='lat' dir='ltr'><strong>labellum,</strong></span> <span class='ocrx_word' id='word_1_282' title='bbox 974 5206 1010 5270; x_wconf 89' lang='lat' dir='ltr'><strong>et</strong></span> <span class='ocrx_word' id='word_1_283' title='bbox 1026 5202 1100 5270; x_wconf 91' lang='lat' dir='ltr'><strong>alia</strong></span> <span class='ocrx_word' id='word_1_284' title='bbox 1116 5203 1229 5289; x_wconf 90' lang='lat' dir='ltr'><strong>pecia,</strong></span> <span class='ocrx_word' id='word_1_285' title='bbox 1248 5204 1308 5270; x_wconf 93' lang='lat' dir='ltr'><strong>ubi</strong></span> <span class='ocrx_word' id='word_1_286' title='bbox 1326 5205 1459 5272; x_wconf 92' lang='lat' dir='ltr'><strong>dicitur</strong></span> <span class='ocrx_word' id='word_1_287' title='bbox 1483 5224 1505 5272; x_wconf 89' lang='lat' dir='ltr'><strong>a</strong></span> <span class='ocrx_word' id='word_1_288' title='bbox 1528 5206 1566 5274; x_wconf 96' lang='lat' dir='ltr'><strong>lu</strong></span> <span class='ocrx_word' id='word_1_289' title='bbox 1589 5223 1787 5292; x_wconf 79' lang='lat' dir='ltr'><strong>maganum.</strong></span> <span class='ocrx_word' id='word_1_290' title='bbox 1805 5203 1903 5302; x_wconf 75' lang='lat' dir='ltr'><strong>Unde</strong></span> <span class='ocrx_word' id='word_1_291' title='bbox 1928 5205 2003 5290; x_wconf 88' lang='lat' dir='ltr'><strong>ipse</strong></span> <span class='ocrx_word' id='word_1_292' title='bbox 2027 5203 2170 5289; x_wconf 86' lang='lat' dir='ltr'><strong>stepha·</strong></span> 
     </span>
     <span class='ocr_line' id='line_1_27' title="bbox 322 5357 2170 5446; baseline -0.002 -19"><span class='ocrx_word' id='word_1_293' title='bbox 322 5377 393 5428; x_wconf 90' lang='lat' dir='ltr'><strong>nus</strong></span> <span class='ocrx_word' id='word_1_294' title='bbox 415 5361 590 5445; x_wconf 89' lang='lat' dir='ltr'><strong>presbiter</strong></span> <span class='ocrx_word' id='word_1_295' title='bbox 614 5359 721 5446; x_wconf 84' lang='lat' dir='ltr'><strong>dixit,</strong></span> <span class='ocrx_word' id='word_1_296' title='bbox 745 5362 785 5425; x_wconf 90' lang='lat' dir='ltr'><strong>ut</strong></span> <span class='ocrx_word' id='word_1_297' title='bbox 809 5357 892 5426; x_wconf 92' lang='lat' dir='ltr'><strong>inde</strong></span> <span class='ocrx_word' id='word_1_298' title='bbox 915 5360 1019 5426; x_wconf 89' lang='lat' dir='ltr'><strong>abere</strong></span> <span class='ocrx_word' id='word_1_299' title='bbox 1042 5363 1145 5426; x_wconf 89' lang='lat' dir='ltr'><strong>carta</strong></span> <span class='ocrx_word' id='word_1_300' title='bbox 1161 5358 1207 5426; x_wconf 90' lang='lat' dir='ltr'><strong>da</strong></span> <span class='ocrx_word' id='word_1_301' title='bbox 1224 5359 1388 5445; x_wconf 89' lang='lat' dir='ltr'><strong>partibus</strong></span> <span class='ocrx_word' id='word_1_302' title='bbox 1410 5360 1523 5426; x_wconf 90' lang='lat' dir='ltr'><strong>nostri</strong></span> <span class='ocrx_word' id='word_1_303' title='bbox 1548 5359 1754 5426; x_wconf 90' lang='lat' dir='ltr'><strong>monasterii</strong></span> <span class='ocrx_word' id='word_1_304' title='bbox 1780 5363 1816 5427; x_wconf 89' lang='lat' dir='ltr'><strong>et</strong></span> <span class='ocrx_word' id='word_1_305' title='bbox 1840 5359 1940 5425; x_wconf 90' lang='lat' dir='ltr'><strong>modo</strong></span> <span class='ocrx_word' id='word_1_306' title='bbox 1962 5357 2064 5423; x_wconf 89' lang='lat' dir='ltr'><strong>nobis</strong></span> <span class='ocrx_word' id='word_1_307' title='bbox 2091 5358 2170 5443; x_wconf 88' lang='lat' dir='ltr'><strong>ipsa</strong></span> 
     </span>
     <span class='ocr_line' id='line_1_28' title="bbox 320 5510 2171 5600; baseline -0.002 -21"><span class='ocrx_word' id='word_1_308' title='bbox 320 5517 424 5582; x_wconf 88' lang='lat' dir='ltr'><strong>carta</strong></span> <span class='ocrx_word' id='word_1_309' title='bbox 449 5513 596 5600; x_wconf 86' lang='lat' dir='ltr'><strong>negabit</strong></span> <span class='ocrx_word' id='word_1_310' title='bbox 611 5517 647 5580; x_wconf 88' lang='lat' dir='ltr'><strong>ct</strong></span> <span class='ocrx_word' id='word_1_311' title='bbox 663 5510 769 5598; x_wconf 90' lang='lat' dir='ltr'><strong>dixit,</strong></span> <span class='ocrx_word' id='word_1_312' title='bbox 788 5515 828 5580; x_wconf 92' lang='lat' dir='ltr'><strong>ut</strong></span> <span class='ocrx_word' id='word_1_313' title='bbox 847 5510 929 5578; x_wconf 91' lang='lat' dir='ltr'><strong>inde</strong></span> <span class='ocrx_word' id='word_1_314' title='bbox 947 5528 1018 5577; x_wconf 93' lang='lat' dir='ltr'><strong>non</strong></span> <span class='ocrx_word' id='word_1_315' title='bbox 1034 5513 1153 5597; x_wconf 88' lang='lat' dir='ltr'><strong>abere,</strong></span> <span class='ocrx_word' id='word_1_316' title='bbox 1173 5517 1212 5580; x_wconf 90' lang='lat' dir='ltr'><strong>ut</strong></span> <span class='ocrx_word' id='word_1_317' title='bbox 1236 5511 1421 5580; x_wconf 87' lang='lat' dir='ltr'><strong>ostendere</strong></span> <span class='ocrx_word' id='word_1_318' title='bbox 1444 5515 1592 5598; x_wconf 87' lang='lat' dir='ltr'><strong>poteret.</strong></span> <span class='ocrx_word' id='word_1_319' title='bbox 1617 5511 1716 5579; x_wconf 86' lang='lat' dir='ltr'><strong>Unde</strong></span> <span class='ocrx_word' id='word_1_320' title='bbox 1740 5512 1841 5578; x_wconf 94' lang='lat' dir='ltr'><strong>modo</strong></span> <span class='ocrx_word' id='word_1_321' title='bbox 1864 5510 2171 5580; x_wconf 90' lang='lat' dir='ltr'><strong>combenientibus</strong></span> 
     </span>
     <span class='ocr_line' id='line_1_29' title="bbox 323 5657 2177 5751; baseline -0.001 -19"><span class='ocrx_word' id='word_1_322' title='bbox 323 5664 419 5732; x_wconf 89' lang='lat' dir='ltr'><strong>inter</strong></span> <span class='ocrx_word' id='word_1_323' title='bbox 442 5665 544 5732; x_wconf 88' lang='lat' dir='ltr'><strong>nobis</strong></span> <span class='ocrx_word' id='word_1_324' title='bbox 568 5663 714 5732; x_wconf 87' lang='lat' dir='ltr'><strong>donabit</strong></span> <span class='ocrx_word' id='word_1_325' title='bbox 737 5663 821 5730; x_wconf 90' lang='lat' dir='ltr'><strong>inde</strong></span> <span class='ocrx_word' id='word_1_326' title='bbox 844 5662 877 5730; x_wconf 92' lang='lat' dir='ltr'><strong>ei</strong></span> <span class='ocrx_word' id='word_1_327' title='bbox 902 5663 981 5749; x_wconf 88' lang='lat' dir='ltr'><strong>ipsa</strong></span> <span class='ocrx_word' id='word_1_328' title='bbox 1014 5657 1263 5750; x_wconf 88' lang='lat' dir='ltr'><strong>compositione</strong></span> <span class='ocrx_word' id='word_1_329' title='bbox 1296 5668 1333 5732; x_wconf 91' lang='lat' dir='ltr'><strong>et</strong></span> <span class='ocrx_word' id='word_1_330' title='bbox 1365 5665 1480 5731; x_wconf 90' lang='lat' dir='ltr'><strong>omnis</strong></span> <span class='ocrx_word' id='word_1_331' title='bbox 1513 5663 1703 5751; x_wconf 86' lang='lat' dir='ltr'><strong>calumnie,</strong></span> <span class='ocrx_word' id='word_1_332' title='bbox 1741 5664 1834 5731; x_wconf 92' lang='lat' dir='ltr'><strong>unde</strong></span> <span class='ocrx_word' id='word_1_333' title='bbox 1869 5681 2017 5750; x_wconf 89' lang='lat' dir='ltr'><strong>querere</strong></span> <span class='ocrx_word' id='word_1_334' title='bbox 2055 5669 2177 5750; x_wconf 88' lang='lat' dir='ltr'><strong>potue-</strong></span> 
     </span>
    </p>
   </div>
   <div class='ocr_carea' id='block_1_7' title="bbox 321 5813 2179 5904">
    <p class='ocr_par' dir='ltr' id='par_1_7' title="bbox 321 5813 2179 5904">
     <span class='ocr_line' id='line_1_30' title="bbox 321 5813 2179 5904; baseline -0.001 -21"><span class='ocrx_word' id='word_1_335' title='bbox 321 5817 373 5884; x_wconf 89' lang='lat' dir='ltr'><strong>rit</strong></span> <span class='ocrx_word' id='word_1_336' title='bbox 397 5815 491 5885; x_wconf 92' lang='lat' dir='ltr'><strong>inter</strong></span> <span class='ocrx_word' id='word_1_337' title='bbox 516 5816 593 5902; x_wconf 90' lang='lat' dir='ltr'><strong>ipsa</strong></span> <span class='ocrx_word' id='word_1_338' title='bbox 618 5817 723 5884; x_wconf 88' lang='lat' dir='ltr'><strong>rebus</strong></span> <span class='ocrx_word' id='word_1_339' title='bbox 746 5835 809 5902; x_wconf 91' lang='lat' dir='ltr'><strong>per</strong></span> <span class='ocrx_word' id='word_1_340' title='bbox 832 5816 1055 5902; x_wconf 88' lang='lat' dir='ltr'><strong>subsceptum</strong></span> <span class='ocrx_word' id='word_1_341' title='bbox 1074 5813 1260 5902; x_wconf 83' lang='lat' dir='ltr'><strong>launegilt.</strong></span> <span class='ocrx_word' id='word_1_342' title='bbox 1279 5817 1324 5883; x_wconf 87' lang='lat' dir='ltr'><strong>Et</strong></span> <span class='ocrx_word' id='word_1_343' title='bbox 1340 5817 1399 5884; x_wconf 92' lang='lat' dir='ltr'><strong>iile</strong></span> <span class='ocrx_word' id='word_1_344' title='bbox 1416 5833 1479 5902; x_wconf 94' lang='lat' dir='ltr'><strong>pro</strong></span> <span class='ocrx_word' id='word_1_345' title='bbox 1494 5815 1619 5885; x_wconf 85' lang='lat' dir='ltr'><strong>taliter</strong></span> <span class='ocrx_word' id='word_1_346' title='bbox 1634 5836 1698 5904; x_wconf 88' lang='lat' dir='ltr'><strong>per</strong></span> <span class='ocrx_word' id='word_1_347' title='bbox 1724 5834 1813 5887; x_wconf 91' lang='lat' dir='ltr'><strong>vona</strong></span> <span class='ocrx_word' id='word_1_348' title='bbox 1835 5816 2099 5886; x_wconf 87' lang='lat' dir='ltr'><strong>combenientia</strong></span> <span class='ocrx_word' id='word_1_349' title='bbox 2123 5833 2179 5882; x_wconf 86' lang='lat' dir='ltr'><strong>re-</strong></span> 
     </span>
    </p>
   </div>
   <div class='ocr_carea' id='block_1_8' title="bbox 0 0 2761 7092">
    <p class='ocr_par' dir='ltr' id='par_1_8' title="bbox 0 0 2761 7092">
     <span class='ocr_line' id='line_1_31' title="bbox 0 0 2761 7092; baseline 0 0"><span class='ocrx_word' id='word_1_350' title='bbox 0 0 2761 7092; x_wconf 95' lang='lat' dir='ltr'><strong> </strong></span> 
     </span>
    </p>
   </div>
  </div>
 </body>
</html>
