5456 7096
1033 516 1439 592 DlPLOMATlCUS
2042 519 2113 593 153

306 744 383 810 tum
406 744 443 810 et
467 740 628 810 inolitum
653 743 736 812 illut
759 741 826 810 tibi
849 744 1030 812 nominato
1053 695 1360 829 benundedimus‚
1385 741 1478 810 uude
1501 742 1704 829 nullamque
1736 743 1835 809 uobis
1851 745 2045 813 nominatis
2068 764 2151 833 ger·
2231 757 2238 770 ·

303 871 445 980 manis,
470 913 536 964 nec
560 900 687 982 quarte
710 895 752 964 de
778 895 950 965 uxoribus
972 900 1106 983 nostre,
1130 896 1183 963 vel
1202 897 1239 962 in
1256 895 1381 980 quabis
1398 901 1498 981 parte
1515 895 1669 964 hexinde
1687 897 1962 982 resarbabimus,
1980 901 2047 982 set,
2062 899 2159 966 sicut

307 1043 479 1132 diximus,
505 1047 543 1115 in
567 1046 750 1134 integrum
775 1047 858 1115 illut
880 1047 945 1115 tibi
971 1047 1274 1124 benundedimus‚
1299 1067 1406 1134 quam
1430 1052 1466 1116 et
1488 1048 1768 1116 benundedimus
1785 1048 1851 1116 tibi
1875 1066 1939 1117 nos
1963 1031 2165 1135 supradicti

310 1197 481 1268 iohannes
504 1205 540 1266 et
563 1199 721 1268 ademari
750 1217 822 1266 una
849 1196 951 1284 pecia
973 1198 1017 1267 de
1039 1203 1138 1268 terra
1161 1199 1281 1287 ibique
1304 1204 1501 1289 propinquo
1524 1201 1560 1268 in
1578 1202 1651 1289 ipso
1669 1201 1781 1270 locum
1797 1201 2049 1289 catamaurici,
2067 1201 2161 1289 quod

308 1349 410 1420 nobis
426 1355 479 1418 est
496 1352 713 1437 pertinentes
738 1353 844 1420 abere
868 1371 930 1438 per
954 1350 1127 1420 cartulam
1151 1351 1351 1438 parabolis
1366 1353 1412 1420 da
1430 1351 1614 1438 iaquintus
1632 1351 1726 1418 filius
1743 1351 1919 1438 quondam
1935 1352 2091 1439 geraldi.
2116 1355 2162 1422 Et

310 1501 388 1572 idco
410 1522 475 1572 nos
498 1504 695 1590 supradicti
720 1504 892 1574 iohannes
915 1506 953 1573 ct
974 1503 1132 1573 ademari
1158 1521 1245 1571 vone
1268 1507 1387 1571 nostre
1410 1505 1617 1587 voluntatis,
1643 1505 1880 1573 unianimiter
1907 1507 2057 1594 parique
2074 1525 2166 1576 con·

310 1673 467 1744 sensum,
492 1661 576 1726 ante
601 1656 667 1742 ipsi
683 1657 919 1744 suprascripti
936 1657 1044 1724 testes
1059 1673 1121 1741 per
1138 1673 1206 1724 anc
1219 1657 1396 1724 cartulam
1413 1657 1691 1738 benundedimus
1704 1662 1812 1744 atque
1828 1659 1874 1728 ad
1890 1677 2030 1746 semper
2048 1662 2162 1728 aben·

310 1810 393 1882 dum
431 1811 717 1878 confirmavimus
756 1807 821 1876 tibi
855 1807 1021 1878 iamdicto
1060 1810 1270 1876 machenolfi
1294 1813 1368 1876 tota
1391 1814 1427 1876 et
1450 1809 1574 1878 inclita
1599 1812 1675 1896 ipsa
1698 1814 1827 1896 pecie,
1861 1809 1954 1898 quod
1982 1811 2083 1878 modo
2107 1811 2163 1880 di·

310 1965 442 2064 ximus,
466 1965 508 2032 dc
531 1963 730 2052 predictum
754 1965 869 2032 locum
891 1963 1126 2034 catamaurici
1150 1981 1212 2049 per
1235 1961 1317 2031 linis
1340 1966 1377 2030 et
1400 1962 1602 2030 mensurie:
1627 1964 1672 2030 ab
1696 1963 1878 2033 occidente
1901 1965 1972 2031 line
1997 1972 2161 2052 tuaque,

312 2118 393 2190 inde
416 2117 510 2206 passi
533 2117 716 2204 quinque:
741 2139 762 2188 a
786 2115 1048 2186 sebtembrionis
1072 2116 1142 2183 fine
1166 2115 1339 2202 bisantii,
1364 2115 1445 2186 iude
1468 2116 1562 2202 passi
1585 2117 1841 2202 quadtuordeci
1861 2141 1869 2184 :
1893 2122 1930 2185 et
1954 2121 2000 2186 ab
2023 2119 2163 2187 oriente

310 2273 381 2346 fine
398 2269 557 2359 ,garasan
581 2275 617 2338 el
640 2271 683 2338 de
704 2270 869 2358 germani
893 2269 974 2356 sui,
998 2270 1083 2338 sunt
1105 2271 1199 2354 passi
1222 2271 1401 2356 quinque:
1428 2275 1463 2338 et
1482 2291 1510 2339 a
1533 2271 1680 2339 meridie
1716 2272 1786 2340 dne
1822 2271 2033 2340 machonolli
2056 2277 2092 2341 et
2118 2271 2163 2340 dc

309 2427 472 2516 germani
496 2423 567 2510 sui,
592 2428 628 2492 et
651 2425 890 2510 coniungente
912 2441 950 2491 se
972 2427 1009 2492 at
1032 2421 1109 2509 ipsa
1131 2425 1276 2510 propria
1298 2423 1368 2490 line
1392 2423 1474 2490 inde
1498 2424 1594 2509 passi
1618 2425 1835 2511 quindecim3
1863 2428 1976 2492 totum
1994 2429 2033 2494 at
2058 2425 2161 2494 luxlo

309 2593 454 2664 passum
491 2574 651 2646 ominum
687 2579 741 2644 est
763 2577 1031 2644 mensuratum:
1057 2575 1301 2660 suprascripta
1325 2577 1430 2643 rebus
1453 2593 1516 2661 per
1539 2576 1781 2662 suprascripte
1807 2577 1893 2644 linis
1917 2577 2161 2647 et'mensurie

311 2745 392 2796 cum
414 2725 536 2799 omnia
557 2727 656 2796 intro
679 2745 716 2796 se
739 2729 928 2796 abentibus
951 2725 1184 2812 omnibusque
1207 2727 1281 2794 suis
1304 2725 1544 2812 pertinentiis
1561 2733 1597 2796 et
1620 2746 1701 2796 cum
1725 2727 1804 2796 bice
1825 2729 1869 2796 de
1896 2730 1955 2797 bia
1983 2749 2049 2799 sua
2074 2729 2156 2799 illut

311 2879 379 2954 tibi
414 2879 597 2948 nominato
633 2879 926 2948 benundedimus.
950 2880 1049 2948 Unde
1071 2878 1276 2965 nullamque
1299 2879 1397 2946 nobis
1422 2877 1613 2950 nominatis
1644 2885 1850 2968 germanis,
1888 2881 1944 2951 vel
1971 2883 2009 2950 in
2034 2886 2164 2969 quabis

251 3121 255 3130 Ι
311 3036 412 3122 parte
435 3031 592 3104 hexinde
615 3031 884 3118 riserbabimus‚
908 3033 1029 3102 lamen
1052 3049 1118 3118 ego
1141 3031 1313 3100 iohannes
1336 3037 1371 3099 et
1393 3050 1473 3099 cum
1492 3036 1623 3118 quarta
1641 3049 1752 3100 uxore
1771 3053 1862 3120 mea,
1879 3030 2161 3118 sioutdiximuS,

311 3205 334 3256 u
356 3186 517 3255 funditus
540 3183 620 3256 illut
642 3185 706 3252 tibi
730 3182 1027 3268 benundedimus,
1051 3182 1096 3252 ad
1119 3184 1291 3252 securiter
1314 3187 1350 3250 el
1374 3183 1525 3254 firmiter
1542 3181 1666 3253 amodo
1683 3188 1719 3251 et
1736 3202 1877 3268 semper
1893 3191 1930 3252 tu
1951 3185 2159 3252 nominatus

312 3341 346 3406 et
371 3341 449 3405 tuos
471 3335 606 3422 credes,
628 3341 665 3403 ct
687 3333 745 3404 cui
768 3334 908 3404 cartula
932 3335 999 3404 ista
1017 3336 1093 3404 bice
1110 3341 1226 3404 vestra
1245 3337 1282 3404 in
1299 3354 1443 3406 manum
1459 3334 1631 3422 paruerit,
1651 3334 1733 3402 illut
1748 3336 1942 3422 abendam,
1976 3337 2162 3406 dominan-

312 3495 406 3584 dum,
432 3497 681 3586 possidendum
703 3500 740 3566 et
762 3494 882 3565 omnia
904 3494 1034 3564 exinde
1057 3494 1256 3562 faciendum
1280 3493 1372 3579 quod
1398 3489 1592 3574 volueritis,
1617 3491 1750 3575 absque
1773 3487 1869 3555 omni
1897 3493 2018 3556 nostra
2042 3491 2102 3557 liet
2118 3489 2161 3560 de

312 3647 443 3715 nostris
466 3648 632 3717 eredibus
657 3649 712 3716 vel
735 3647 778 3717 de
800 3645 1054 3731 cuiuscumque
1077 3645 1259 3712 ominibus
1282 3641 1536 3710 contrarietate
1555 3641 1607 3710 vel
1627 3641 1869 3727 requisitione.
1895 3641 1939 3710 Et
1955 3659 2018 3728 pro
2032 3643 2161 3710 confir-

314 3801 482 3870 mandam
505 3805 542 3869 et
564 3799 853 3870 staviliscendam
876 3803 970 3868 hanc
994 3800 1150 3867 nostram
1174 3779 1424 3867 bindiotionem
1444 3813 1507 3864 nos
1523 3797 1696 3866 nominati
1721 3797 1885 3885 germani
1913 3796 2115 3883 recepimus
2139 3817 2162 3866 a

314 3956 350 4023 lc
374 3955 558 4023 nominato
582 3955 812 4039 macbenollo,
831 3953 929 4026 idest
951 3952 1031 4022 auri
1057 3951 1125 4020 lari
1143 3951 1223 4020 voni
1241 3969 1387 4020 numero
1403 3951 1579 4038 quadtuor
1596 3952 1633 4018 in
1650 3953 1763 4020 omnis
1780 3951 2051 4038 deliveratione,
2069 3951 2164 4020 sicut

314 4107 409 4176 inter
432 4110 534 4176 nobis
556 4107 749 4177 combenit.
767 4109 815 4175 De
838 4125 910 4194 qua
933 4123 995 4192 per
1019 4107 1111 4174 bona
1133 4105 1394 4173 combenientia
1416 4122 1481 4170 nos
1503 4103 1701 4190 supradicti
1744 4104 1907 4192 germani
1931 4103 2065 4191 guallia
2090 4104 2157 4172 tibi

313 4261 453 4332 exdiclo
476 4258 685 4329 machenolli
708 4259 881 4346 dedimus
907 4265 943 4327 et
967 4259 1198 4326 mediatorem
1224 4255 1289 4326 tibi
1314 4257 1492 4342 posuimus
1509 4257 1681 4324 iohannes
1698 4255 1793 4323 lilius
1807 4256 1987 4342 quondam
2006 4253 2159 4323 iohanni

314 4414 519 4505 gualperti3
543 4420 578 4484 ct
601 4432 663 4502 per
689 4415 766 4501 ipsa
789 4413 924 4501 guadia
947 4411 1184 4498 obligavimus
1209 4427 1271 4476 nos
1295 4413 1331 4478 el
1356 4410 1485 4476 nostris
1507 4407 1672 4476 eredibus
1694 4406 1819 4475 amodo
1836 4409 1872 4474 et
1888 4406 1984 4472 omni
2002 4409 2160 4488 ternpore

315 4569 560 4640 antistandum
583 4573 618 4636 et
640 4565 897 4636 defensandum
923 4567 990 4634 tibi
1016 4564 1137 4649 tuique
1161 4562 1324 4632 eredibus
1349 4559 1475 4628 inclita
1498 4558 1707 4646 supradicta
1722 4565 1847 4627 nostra
1865 4557 2093 4626 bendictione
2114 4555 2160 4624 da

313 4741 399 4809 pars
422 4723 595 4792 uxoribus
620 4723 751 4791 nostris
777 4723 812 4790 et
836 4719 882 4790 da
904 4718 1019 4790 omnis
1042 4719 1177 4786 omines
1200 4716 1365 4802 omnique
1388 4713 1562 4800 partibus,
1586 4719 1723 4781 etcum
1748 4714 1824 4779 bico
1841 4711 1883 4777 de
1900 4711 1957 4776 bie
1973 4729 2055 4796 sue;
2069 4709 2164 4795 quod

316 4879 347 4946 si
371 4877 506 4956 taliter,
533 4879 574 4944 ul
596 4876 761 4963 superius
784 4873 930 4962 legitur,
955 4871 1036 4940 illut
1059 4869 1125 4938 tibi
1149 4867 1273 4955 tuique
1296 4867 1461 4936 eredibus
1485 4884 1555 4932 non
1579 4863 1892 4950 adimpleverimus
1915 4869 1952 4930 ct
1977 4859 2020 4929 de
2037 4880 2163 4946 supra·

315 5033 450 5120 scripta
485 5035 607 5100 nostra
630 5026 849 5097 bindictione
871 5021 1193 5093 contradixerinrus
1217 5037 1279 5105 per
1302 5016 1427 5104 quabis
1452 5017 1680 5100 rationibus,
1712 5020 1798 5080 tunc
1822 5012 1975 5097 primum
1999 5013 2159 5080 omnium

317 5187 459 5272 questio
481 5189 518 5254 et
542 5184 704 5254 causatio
727 5184 851 5249 nostra
873 5184 909 5249 et
931 5177 974 5246 de
996 5173 1125 5244 nostris
1148 5171 1314 5240 eredibus
1337 5175 1501 5239 atversus
1518 5185 1576 5233 vos
1592 5173 1628 5235 et
1643 5167 1770 5233 vestris
1786 5164 1950 5232 eredibus
1967 5163 2015 5230 sit
2032 5163 2167 5231 exinde

317 5343 432 5410 tacita
454 5347 491 5408 et
514 5339 654 5423 bacua3
678 5340 714 5404 et
737 5353 799 5422 per
824 5335 900 5420 ipsa
923 5329 1057 5418 guadio
1078 5323 1316 5413 obligavimus
1339 5339 1403 5388 nos
1426 5324 1461 5388 et
1485 5319 1615 5386 nostris
1637 5318 1803 5385 eredibus
1828 5323 1866 5383 at
1882 5314 2165 5401 componendum

316 5493 383 5563 tibi
408 5491 533 5579 tuique
554 5487 735 5574 eredibus,
759 5505 823 5554 seu
846 5485 903 5552 cui
927 5479 1065 5576 cartula
1079 5481 1148 5550 ista
1165 5479 1241 5546 vice
1260 5479 1375 5545 vestra
1390 5473 1428 5540 in
1445 5490 1589 5542 manum
1608 5471 1784 5557 paruerit,
1800 5469 1920 5537 decem
1939 5469 2018 5538 auri
2035 5467 2166 5534 solidos

226 5698 232 5709 ·
314 5645 575 5718 constantines.
601 5643 647 5710 Et
670 5639 794 5710 taliter
821 5636 977 5707 scribere
999 5632 1204 5719 rogavimus
1227 5633 1262 5696 te
1288 5631 1408 5714 petrus
1432 5623 1706 5712 protonotarius
1729 5627 1846 5692 actum
1872 5624 1980 5690 huius
2005 5620 2165 5689 nuceria.

360 5773 391 5889 †
416 5818 483 5888 ego
505 5793 730 5886 guandelleri

360 5927 392 6046 †
416 5975 482 6046 ego
505 5952 718 6024 romoaldus.

472 6141 541 6202 Tou.
563 6156 603 6202 vr.
