5456 7096
1023 503 1435 581 DIPLOMATIOUS
2041 512 2104 588 ibi

300 733 383 803 sieri
392 754 472 804 mus
495 737 718 822 potestatem,
739 734 793 803 vei
812 736 842 803 si
859 737 954 803 hano
976 733 1262 802 convenientiam
1287 733 1427 802 irritam
1453 734 1568 802 facere
1584 735 1916 822 presumpserimus‚
1932 737 1968 802 et
1982 735 2027 803 ab
2043 735 2157 801 omni-

301 891 369 957 bus
392 890 597 959 bominibus
620 886 744 960 eadem
769 889 953 959 ecclesiam
978 906 1050 956 non
1073 886 1388 972 defensaverimus,
1406 889 1447 954 ut
1470 890 1655 973 componat
1678 885 1776 954 vobis
1798 886 1997 973 vestrisque
2019 887 2159 955 heredi·

304 1047 371 1112 bus
395 1053 533 1123 centurn
558 1043 688 1113 solidos
712 1044 933 1126 constantini
959 1061 1005 1111 ex
1028 1060 1117 1111 auro
1140 1041 1238 1125 boni,
1263 1045 1298 1106 et
1321 1041 1398 1124 ipsa
1422 1037 1593 1106 iamdicta
1615 1036 1765 1105 ecelesia
1788 1055 1851 1123 per
1869 1036 2004 1103 invitus
2021 1035 2064 1102 de
2080 1053 2158 1104 eam

306 1197 406 1264 robis
430 1197 631 1282 vestrisque
652 1196 843 1264 heredibus
866 1193 1041 1263 defensori
1065 1194 1212 1262 siamus,
1237 1194 1281 1259 Et
1304 1192 1383 1277 ipsa
1407 1189 1579 1258 iamdicta
1603 1190 1755 1276 cartula,
1781 1205 1850 1275 que
1873 1193 1927 1256 est
1950 1191 2160 1258 nostratra·

303 1349 455 1432 ditione,
477 1350 574 1416 omni
600 1353 757 1433 tempore
781 1348 920 1414 firmam
945 1351 981 1413 et
1004 1344 1168 1413 stabilem
1191 1345 1415 1429 permaneat.
1441 1342 1552 1417 Quam
1579 1345 1614 1410 te
1639 1357 1887 1409 rosemannum
1912 1338 2101 1407 diaconum
2123 1342 2160 1408 et

306 1505 487 1572 notarium
513 1504 608 1569 bano
631 1498 805 1568 cartulam
829 1501 953 1564 nostre
977 1497 1185 1564 traditionis
1210 1496 1394 1563 ascribere
1419 1495 1637 1582 rogavimus,
1662 1513 1702 1563 eo
1737 1493 1829 1580 quod
1866 1492 1935 1561 fuit
1969 1495 2097 1560 Actum
2120 1493 2159 1559 in

305 1653 457 1722 civitate
480 1654 647 1740 Luceria,
672 1654 791 1720 Mense
815 1657 851 1720 et
876 1649 1076 1717 indictione
1101 1646 1334 1734 superscripsi
1359 1647 1522 1717 feliciter.
1557 1648 1703 1730 insuper
1738 1648 1774 1712 et
1809 1645 2023 1730 quicumque
2057 1646 2161 1712 homo

306 1809 372 1875 boc
395 1806 488 1893 quod
512 1809 675 1894 superius
699 1805 844 1892 iegitur,
869 1805 924 1872 vel
950 1823 995 1872 ex
1021 1821 1062 1870 eo
1086 1819 1266 1869 remouere
1290 1797 1558 1886 presumpserit,
1583 1798 1653 1866 aud
1672 1799 1823 1866 violator
1841 1799 2016 1883 extiterit,
2030 1799 2164 1866 habeat

310 1960 599 2030 maledictionem
624 1979 645 2026 a
668 1961 771 2046 patre
793 1963 830 2025 et
852 1957 926 2026 illio
948 1961 983 2026 et
1007 1956 1149 2044 spiritu,
1174 1959 1210 2023 et
1234 1957 1419 2038 separatus
1442 1953 1488 2021 sit
1511 1955 1556 2022 ab
1579 1954 1676 2020 omni
1700 1951 1879 2023 consortio
1892 1951 2161 2018 cristianorum.
2220 2012 2222 2014 .

360 2085 390 2201 †
416 2115 490 2199 Ego
514 2113 575 2197 qui
600 2131 708 2198 supra
732 2114 903 2179 iohannes
927 2113 1089 2197 peccator
1113 2108 1295 2195 episcopus
1318 2112 1441 2176 sancte
1464 2107 1558 2176 sedis
1582 2107 1715 2176 lucarie

359 2239 389 2356 †
414 2270 488 2356 Ego
511 2269 574 2354 qui
599 2285 708 2352 supra
732 2264 952 2333 suidebertus
977 2262 1086 2330 ludex

359 2393 390 2509 †
417 2425 491 2509 Ego
515 2421 671 2489 bisantio
695 2420 986 2506 archipresbiter.

998 2703 1474 2716 ffl

920 2969 925 2974 ’
1053 2967 1411 3047 GMXXXIX·

1087 3261 1143 3335 A.
1173 3260 1227 3334 D.
1257 3253 1385 3336 1039.

364 3557 472 3625 Aliud
494 3557 682 3640 coemptor
704 3553 907 3640 supradicti
930 3549 1156 3636 diplomatis.

1132 3849 1353 3931 CMXL·

1092 4144 1150 4219 A.
1178 4103 1390 4222 1)(1039.

368 4384 403 4524 †
429 4437 468 4501 in
492 4435 635 4502 nomine
658 4432 791 4501 domini
816 4432 982 4500 bicesimo
1006 4431 1119 4518 primo
1144 4449 1239 4498 anno
1263 4431 1487 4518 principatus
1510 4431 1644 4501 salerni
1679 4433 1799 4502 domni
1837 4434 1952 4501 nostri
1989 4437 2173 4519 guaimari

322 4591 477 4678 glorioso
500 4589 680 4675 princeps,
705 4591 740 4656 et
762 4587 873 4674 primo
897 4604 991 4654 anno
1015 4583 1240 4671 principatus
1263 4586 1339 4655 eius
1362 4607 1486 4676 capue,
1502 4593 1538 4656 et
1555 4591 1670 4675 primo
1686 4607 1781 4657 anno
1797 4588 1950 4656 ducatus
1966 4589 2044 4656 eius
2060 4590 2174 4658 amal-

324 4744 361 4831 fl,
388 4761 508 4810 mense
531 4741 686 4829 magius²
710 4742 860 4826 septima
884 4740 1089 4806 indictione.
1116 4739 1401 4806 memoratorium
1426 4733 1558 4806 factum
1582 4759 1605 4807 a
1628 4759 1684 4807 me
1708 4739 1907 4810 romoaldus
1931 4739 2025 4807 filius
2060 4761 2173 4828 quon-

327 4896 409 4964 dam
434 4895 581 4964 iobunni
607 4894 728 4962 clerici
753 4893 796 4960 de
819 4893 970 4960 nuceria
993 4898 1077 4959 ante
1100 4892 1292 4976 subscripti
1315 4895 1423 4959 testes
1447 4892 1597 4960 tradidit
1624 4891 1711 4961 mihi
1728 4893 1877 4961 domnus
1893 4892 2042 4961 adelferi
2057 4894 2176 4962 diaco-

325 5067 393 5116 nus
416 5053 453 5117 et
476 5046 756 5134 archipresbiter
780 5049 816 5113 et
839 5047 950 5113 abbas
974 5047 1079 5112 rebus
1105 5028 1303 5155 pertinente
1326 5045 1472 5114 ecclesie
1497 5049 1614 5115 sancti
1633 5045 1806 5133 massimi,
1823 5047 1916 5133 quod
1934 5048 2008 5136 ipse
2026 5048 2175 5116 domnus

324 5204 434 5272 abbas
458 5201 604 5288 retinet,
629 5204 664 5267 et
687 5203 740 5268 est
766 5203 875 5267 rebus
898 5199 974 5286 ipsa
998 5198 1127 5267 baoiba
1151 5195 1188 5263 in
1216 5197 1336 5265 eodem
1360 5198 1434 5264 loco
1457 5198 1618 5286 nuceria,
1644 5199 1704 5266 ubi
1728 5200 1861 5267 dicitur
1885 5201 1929 5270 ad
1955 5220 2085 5288 oampu
2101 5221 2173 5272 ma-

326 5358 424 5444 goni,
450 5360 486 5424 et
508 5374 555 5424 ex
577 5354 673 5421 omni
699 5359 801 5440 parte
825 5354 902 5439 ipsa
926 5353 1026 5438 pecia
1050 5352 1194 5419 detera
1217 5353 1403 5420 abetflnis
1437 5351 1480 5419 de
1516 5354 1593 5437 ipsa
1626 5351 1801 5439 ecciesia3
1837 5353 1902 5422 tali
1937 5355 2062 5422 ordine
2097 5353 2179 5424 illut

324 5509 416 5577 mihi
440 5507 602 5594 tradidit,
628 5513 667 5574 ut
690 5505 814 5574 arnodo
838 5510 874 5574 et
898 5524 1008 5592 usque
1032 5506 1157 5572 nobem
1182 5504 1268 5572 anni
1294 5501 1376 5569 iiiut
1398 5521 1456 5571 eos
1479 5506 1601 5571 tenere
1623 5507 1660 5571 et
1682 5503 1878 5592 dominare,
1902 5511 1938 5574 et
1956 5507 2036 5574 illut
2052 5525 2111 5575 eos
2125 5508 2176 5576 ia·

326 5663 467 5746 borare,
493 5666 528 5728 et
552 5661 751 5746 peremnis
776 5677 911 5728 annum
935 5657 1016 5728 illut
1039 5657 1230 5743 seminare,
1256 5655 1348 5723 sicut
1371 5653 1552 5738 meruerit,
1578 5659 1613 5721 et
1636 5672 1698 5741 per
1722 5655 1836 5722 omnis
1852 5673 1987 5724 annum
2002 5657 2179 5727 faciamus

326 5831 388 5900 per
413 5816 571 5899 tempore
594 5811 637 5880 de
661 5813 738 5882 aire
762 5813 935 5882 iaciamus
959 5830 1022 5878 nos
1046 5813 1137 5878 scire
1162 5810 1235 5897 ipse
1259 5808 1410 5874 domnus
1433 5807 1556 5892 abbas
1582 5805 1635 5874 vel
1660 5825 1742 5893 pars
1765 5807 1807 5875 de
1832 5807 1909 5894 ipsa
1942 5809 2092 5878 ecclesia
2106 5859 2117 5897 ,
2142 5815 2181 5878 ut
