5456 7096
629 510 676 584 82
1028 545 1032 554 ·
1272 505 1752 582 cobdxonvttnsts

578 757 600 806 a
625 739 729 822 parte
744 731 902 806 'orientis
925 737 996 806 due
1021 735 1192 804 similiter
1215 736 1331 856 ipsius
1355 735 1514 821 ecclesie,
1531 737 1568 804 et
1584 731 1667 803 inde
1684 738 1770 804 suut
1785 735 1881 822 passi
1901 753 2013 821 usque
2030 733 2108 820 ipsa
2123 733 2182 803 ria
2204 733 2324 821 priore
2340 734 2429 804 fines

582 891 730 978 centum
755 889 996 976 sebtuaginta,
1023 893 1138 958 totum
1163 887 1206 956 ad
1231 889 1323 957 iusto
1346 908 1487 1006 missum
1513 889 1624 957 omini
1648 892 1907 974 mensuratum3
1923 889 1993 956 ista
2012 905 2095 956 vero
2110 890 2210 957 terra
2225 907 2306 955 cum
2329 908 2431 976 quer·
2566 935 2581 964 .

583 1039 712 1109 tietum
736 1047 772 1112 et
798 1045 949 1111 bacuum
974 1061 1041 1110 uno
1063 1009 1222 1112 leniente
1243 1063 1307 1130 per
1330 1037 1502 1113 iamdicta
1526 1045 1709 1111 mensurio
1733 1047 1844 1110 totum
1868 1046 1904 1109 et
1919 1041 2084 1108 inclitum
2101 1013 2195 1128 illut,
2210 1061 2291 1110 cum
2306 1011 2427 1110 omnia

524 1205 528 1214 '
589 1197 696 1280 adse
719 1197 940 1292 pertinentes
963 1203 1102 1266 etcum
1127 1199 1201 1265 vice
1225 1198 1267 1266 de
1292 1198 1370 1284 ipsa
1392 1201 1462 1286 via,
1488 1201 1645 1286 ipsorum
1671 1199 1846 1268 nominati
1864 1198 1909 1267 ad
1927 1197 2119 1266 tenendum
2136 1173 2172 1265 et
2195 1198 2428 1296 lavorandum

584 1355 619 1418 et
643 1351 908 1436 pastenandum
932 1350 1055 1437 aliqua
1080 1370 1164 1437 pars
1188 1329 1439 1420 abellanietum
1456 1369 1522 1439 ego
1538 1353 1746 1418 nominatus
1762 1352 1935 1419 iohannes
1948 1348 2110 1418 'clericus
2126 1368 2190 1437 pro
2206 1369 2290 1436 pars
2305 1353 2342 1417 et
2354 1352 2429 1418 vice
2523 1329 2533 1342 ⁵

584 1501 698 1588 ipsius
722 1504 869 1571 ecclesie
894 1521 956 1590 per
984 1503 1174 1570 iussionem
1200 1503 1312 1588 ipsius
1336 1502 1454 1569 domni
1480 1504 1599 1572 abbati
1616 1502 1765 1570 tradidit
1780 1501 1845 1570 tali
1862 1501 2000 1585 ordine,
2017 1504 2058 1567 11
2074 1499 2197 1568 11111
2219 1503 2256 1567 11
2278 1519 2429 1586 semper,
2521 1533 2524 1538 ·

589 1661 693 1724 natos
717 1661 900 1743 nascente,
926 1655 972 1760 ad
996 1675 1063 1740 sua
1087 1659 1122 1722 et
1146 1655 1188 1722 de
1206 1595 2366 1742 111111111111111111111111111111111111111111111111,
2390 1658 2427 1722 11

586 1806 685 1874 sebee
710 1811 747 1892 et
769 1805 884 1873 omnis
909 1825 971 1874 sue
997 1808 1168 1877 utilitatis
1193 1812 1287 1878 iusta
1313 1812 1453 1877 ratione
1477 1807 1606 1876 ibidem
1630 1810 1780 1895 saciant,
1797 1813 1833 1876 et
1848 1809 1890 1878 11
1908 1810 1983 1895 ipsa
2002 1811 2111 1875 rebus
2129 1808 2225 1876 infra
2240 1809 2317 1893 ipsa
2332 1821 2428 1874 meu·

445 1971 449 1978 ·
582 1957 686 2025 suria
711 1961 947 2066 pastenarent
972 1959 1101 2028 ibidem
1126 1959 1380 2028 abellanietum
1399 1980 1421 2028 a
1438 1977 1521 2046 pars
1537 1961 1799 2050 sebtemtrionis
1816 1961 1859 2027 de
1876 1959 2059 2047 longitudo
2075 1980 2097 2028 a
2114 1965 2216 2046 parte
2232 1965 2268 2026 11
2282 1958 2428 2043 dapars

548 2133 560 2156 ·
583 2111 790 2197 occidentis
815 2115 851 2179 et
874 2131 897 2180 a
920 2089 1023 2198 parte
1041 2113 1190 2180 orientis
1207 2112 1288 2180 illut
1305 2113 1396 2200 quod
1414 2119 1643 2198 pasteuamus
1660 2114 1916 2216 abellanietum
1933 2115 2025 2202 passi
2044 2115 2248 2200 sexaginta,
2265 2113 2360 2181 etde
2378 2115 2430 2182 la·
2487 2163 2492 2174 .

583 2265 711 2350 titudo,
727 2269 901 2350 quantum
918 2271 971 2330 est
988 2264 1066 2350 ipsa
1082 2269 1193 2352 terra,
1211 2271 1259 2352 et,
1278 2268 1338 2333 ubi
1355 2255 1584 2352 pastenamus
1600 2271 1675 2352 ipso
1691 2267 1958 2353 abellanietum,
1983 2267 2081 2336 siant
2095 2268 2141 2336 da
2159 2287 2232 2335 una
2248 2267 2373 2355 planta
2392 2271 2429 2336 in
2458 2315 2465 2328 .

584 2416 884 2536 alia011lensurati
909 2417 1007 2503 passi
1034 2395 1165 2504 decem,
1194 2423 1229 2486 et
1254 2417 1291 2484 in
1317 2419 1397 2486 illut
1419 2422 1511 2506 quod
1536 2401 1765 2508 pastenamus
1789 2425 1865 2510 ipso
1887 2420 2154 2508 abellanietum,
2171 2421 2280 2489 luerit
2301 2422 2432 2488 ibidem

586 2571 744 2657 quertie,
761 2571 930 2676 similiter
947 2575 1044 2641 siant
1060 2573 1104 2642 da
1123 2573 1199 2660 ipsa
1215 2545 1356 2660 quartia
1376 2525 1489 2662 usque
1506 2578 1630 2664 planta
1646 2578 1688 2646 de
1707 2579 1781 2664 ipse
1797 2577 1958 2646 abellane
1974 2579 2066 2664 quod
2081 2585 2310 2664 pastenamus
2333 2581 2431 2667 passi

586 2720 654 2791 alii
678 2723 824 2810 decem,
858 2731 894 2793 et
917 2727 994 2812 ipso
1015 2727 1231 2812 quertietum
1255 2728 1302 2798 da
1326 2729 1402 2815 ipso
1426 2732 1679 2799 abellanietum
1704 2730 1741 2798 in
1766 2751 1875 2818 supra
1898 2749 2006 2818 usque
2031 2734 2109 2818 ipsa
2132 2736 2191 2801 via
2223 2732 2430 2802 annualiter

594 2884 785 2972 cultemuS,
811 2887 904 2954 siout
926 2890 1112 2974 meruerit,
1136 2891 1171 2955 et
1195 2893 1330 2974 quante
1353 2889 1476 2976 glandi
1502 2889 1625 2957 amodo
1649 2893 1685 2956 et
1709 2905 1846 2973 semper
1868 2888 1911 2954 de
1933 2893 2007 2955 tota
2030 2888 2109 2972 ipsa
2132 2887 2347 2956 tradictione
2370 2905 2432 2956 an·

588 3037 747 3105 11111111
764 3037 990 3125 collexerint,
1008 3040 1153 3108 tertiam
1173 3039 1254 3108 inde
1272 3040 1400 3108 darent
1415 3041 1459 3109 ad
1473 3058 1556 3126 pars
1572 3039 1695 3125 ipsine,
1710 3057 1770 3106 seu
1786 3038 1989 3107 admissum
2007 3038 2119 3124 ipsius
2144 2997 2301 3124 ecclesie,
2319 3054 2432 3124 quan·

585 3189 628 3257 do
653 3189 726 3257 illis
753 3196 789 3258 et
812 3192 886 3258 suis
911 3192 1075 3260 eredibus
1098 3209 1181 3259 eum
1206 3193 1298 3260 scire
1323 3192 1476 3302 fecerint
1492 3209 1555 3278 pro
1572 3191 1817 3279 recipiendum
1831 3192 1908 3278 ipso
1922 3191 2089 3277 trudiurn,
2106 3197 2142 3258 et
2157 3191 2225 3258 due
2242 3191 2347 3258 sortis
2364 3191 2429 3258 sivi

586 3342 736 3428 abeapt,
761 3345 799 3411 et
821 3348 955 3428 quante
979 3343 1143 3412 abellane
1166 3344 1208 3412 11
1232 3345 1307 3430 ipso
1330 3344 1582 3414 abellanietum
1606 3347 1697 3432 quod
1722 3345 1792 3413 illis
1817 3345 2060 3432 pastenaverit
2075 3344 2119 3412 de
2143 3347 2237 3448 bone
2253 3342 2430 3428 abellane,

594 3497 718 3565 amodo
734 3503 771 3567 et
788 3517 900 3585 usque
918 3499 1036 3566 decem
1055 3500 1143 3567 anni
1161 3497 1325 3583 completi
1346 3498 1475 3584 ibidem
1493 3497 1715 3584 collexerint,
1734 3501 1847 3566 totum
1862 3513 1925 3566 sue
1941 3499 2014 3564 sint
2030 3497 2227 3584 potestatis,
2245 3499 2282 3562 et
2295 3493 2430 3562 nullam

589 3653 748 3719 sortione
771 3605 856 3718 inde
882 3651 927 3719 ad
950 3669 1034 3737 pars
1059 3652 1170 3737 ipsius
1194 3652 1341 3720 ecclesie
1357 3651 1479 3742 deant,
1496 3655 1531 3719 et
1546 3653 1681 3735 quante
1699 3625 1860 3734 abellane
1876 3651 1921 3718 de
1938 3651 2004 3736 ipsi
2021 3651 2143 3717 decem
2161 3649 2249 3717 anni
2268 3649 2430 3718 inantea

585 3803 684 3869 omui
708 3783 864 3888 tempore
890 3802 1097 3871 annualiter
1122 3803 1252 3870 ibidem
1276 3803 1495 3888 collexerint,
1519 3803 1662 3871 tertiam
1685 3807 1787 3902 parte
1804 3804 1846 3871 de
1864 3803 1938 3888 ipse
1953 3801 2117 3870 abellaue
2133 3803 2239 3870 secke
2256 3801 2366 3871 deant
2383 3802 2430 3871 ad

591 3955 667 4042 ipso
690 3955 841 4022 missum
866 3955 978 4040 ipsius
1001 3955 1148 4023 ecclesie
1172 3959 1209 4023 et
1231 3956 1299 4025 due
1323 3957 1429 4024 sortis
1453 3956 1535 4024 inde
1559 3956 1630 4025 illis
1653 3958 1720 4026 sivi
1745 3960 1886 4034 abeant
1912 3959 1949 4024 et
1972 3957 2096 4024 amodo
2119 3917 2168 4024 et¹
2185 3973 2297 4042 usque
2328 3962 2431 4043 quat-

596 4107 791 4176 tuordecim
816 4111 904 4177 anni
930 4071 1102 4196 completi·
1121 4110 1253 4178 abeant
1277 4109 1350 4176 illis
1374 4110 1428 4178 vel
1453 4111 1527 4177 suis
1549 4110 1714 4177 eredibus
1738 4113 1776 4178 in
1793 4110 1874 4178 illut
1891 4110 1982 4198 quod
1998 4112 2282 4197 pastenaberint,
2300 4095 2435 4179 abella·

593 4243 733 4328 nietum
758 4263 957 4347 operatum,
982 4265 1018 4330 et
1040 4261 1224 4351 cultatum,
1248 4265 1284 4332 et
1300 4267 1438 4330 surtum
1454 4264 1497 4331 de
1514 4282 1620 4350 super
1636 4268 1672 4331 et
1688 4265 1875 4350 desubter,
1892 4261 1984 4332 sicut
1999 4263 2042 4332 de
2058 4266 2177 4332 111111
2195 4281 2308 4332 11111
2332 4263 2434 4332 locus

593 4411 667 4498 ipse
690 4415 881 4499 meruerit,
906 4417 947 4481 ut
971 4415 1061 4486 bene
1085 4388 1220 4502 paread
1245 4415 1389 4504 sactum,
1413 4423 1449 4486 et
1472 4417 1598 4485 obinde
1622 4417 1659 4482 in
1684 4419 1791 4486 antea
1806 4416 1905 4482 omni
1922 4419 2077 4502 tempore
2093 4416 2345 4502 suprascripta
2360 4419 2435 4484 tra-

584 4517 696 4636 dictio
720 4588 783 4656 per
808 4569 978 4640 iamdicta
1001 4571 1184 4640 mensuria
1206 4573 1354 4672 teneant
1374 4570 1447 4637 illis
1470 4573 1506 4638 et
1530 4570 1605 4636 suis
1627 4568 1791 4637 eredibus
1815 4568 1861 4636 ad
1885 4567 2116 4638 lavorandum
2130 4573 2165 4637 et
2183 4568 2431 4652 srudiaudum‚

584 4725 621 4791 et
644 4723 793 4808 omines,
817 4741 920 4810 quem
946 4723 1018 4792 illis
1042 4725 1172 4792 ibidem
1198 4726 1336 4792 miserit
1358 4724 1403 4793 ad
1420 4723 1613 4792 tenendum
1629 4728 1665 4792 11
1680 4724 1914 4793 lavorandum
1931 4729 1966 4793 et
1982 4723 2313 4810 colligendum-ipse
2337 4723 2436 4791 abel·

588 4870 670 4941 laue
693 4879 729 4942 11
754 4875 829 4960 ipse
852 4874 998 4962 glande,
1017 4865 1086 4961 'per
1109 4874 1173 4943 illa
1196 4877 1337 4944 ratione
1360 4846 1589 4944 dibideudum
1606 4851 1910 4956 annualitercum
1927 4895 2009 4963 pars
2027 4876 2139 4962 ipsius
2162 4874 2321 4960 ecclesie,
2339 4877 2447 4942 sicut.

587 5043 698 5113 supra
722 5027 868 5114 legitur,
887 5027 1017 5115 etipse
1039 5029 1202 5116 missum,
1226 5028 1369 5114 quando
1386 5029 1482 5097 ibide
1498 5023 1673 5098 direirerit
1688 5047 1750 5114 pro
1768 5029 2010 5116 recipiendum
2035 5031 2112 5115 ipsa
2136 5029 2253 5096 studia
2278 5030 2434 5095 sortione

586 5179 703 5268 ipsius
727 5179 898 5280 ecclesie,
913 5182 987 5249 illis
1011 5187 1047 5250 et
1069 5184 1144 5250 suis
1167 5182 1332 5251 eredibus
1355 5179 1563 5251 annualiter
1587 5183 1722 5248 nutrire
1745 5181 1939 5252 secundum
1963 5182 2104 5249 illorum
2128 5181 2379 5269 possivilitate;
2398 5191 2436 5254 et

587 5353 656 5420 que
681 5301 806 5404 amo’to
823 5340 860 5410 et
877 5353 1013 5421 semper
1030 5335 1068 5402 in
1085 5335 1163 5420 ipsa
1180 5333 1398 5403 tradictione
1413 5335 1622 5438 annualiter
1638 5333 1911 5430 seminaberint,
1927 5335 2035 5403 deaut
2052 5334 2134 5422 inde
2149 5335 2194 5402 ad
2210 5353 2300 5422 pars
2322 5336 2434 5423 ipsius
2530 5409 2537 5424 ,

591 5489 741 5558 ecclesie
765 5487 973 5558 annualiter
997 5488 1209 5558 terraticum
1233 5490 1427 5558 seeundum
1452 5489 1741 5558 consuetudinem
1766 5490 1809 5558 de
1833 5491 1911 5577 ipso
1935 5490 2068 5576 locum,
2094 5495 2129 5556 et
2151 5490 2256 5574 quale
2279 5493 2435 5576 tempore

493 5615 508 5636 ⁶
586 5640 632 5708 ad
658 5640 727 5728 ipsi
745 5635 1042 5740 'quodtuordecim
1067 5644 1153 5710 anni
1182 5645 1219 5711 in
1244 5646 1352 5710 antea
1375 5645 1449 5711 tota
1475 5642 1551 5728 ipsa
1573 5642 1739 5710 tradictio
1762 5647 1884 5710 tenere
1910 5649 1946 5712 11
1972 5644 2136 5712 lavorare
2160 5661 2231 5711 non
2256 5647 2434 5715 boluerint

585 5788 656 5858 illis
682 5791 734 5860 vel
752 5791 828 5858 suis
847 5791 1026 5942 eredibus,
1045 5791 1170 5861 inolita
1187 5793 1265 5880 ipsa
1280 5793 1446 5863 tradictio
1463 5792 1623 5900 lavorata
1642 5799 1678 5862 et
1695 5793 1831 5862 cultata
1849 5797 2037 5864 remittant
2053 5797 2098 5864 da
2116 5801 2290 5883 potestate
2313 5798 2426 5885 ipsius
