5402 7088
1247 459 1426 570 connx'
1455 439 1723 570 rivausrs

1406 900 1578 983 CMX.

1330 1197 1388 1273 A.
1416 1196 1471 1274 D.
1502 1193 1630 1274 1036.

604 1435 704 1575 †ln
729 1483 873 1553 nomine
895 1482 1027 1552 domini
1052 1484 1177 1552 octabo
1200 1483 1335 1551 decimo
1365 1502 1460 1552 anno
1490 1485 1717 1572 principatus
1745 1484 1864 1552 domni
1894 1485 2006 1552 nostri
2038 1481 2232 1570 guaimarii
2260 1477 2404 1567 gloriosi

554 1635 741 1724 principis,
758 1633 825 1702 tilii
849 1633 1027 1720 quondam
1051 1633 1171 1701 domni
1194 1633 1405 1722 guaimarii,
1430 1655 1551 1705 mense
1575 1637 1728 1726 magius,
1746 1642 1876 1724 quarta
1892 1637 2099 1708 indictione.
2118 1635 2404 1704 memoratorium

551 1788 687 1858 factum
710 1808 734 1857 a
757 1789 860 1856 nobis
882 1786 1059 1854 mastalus
1082 1791 1118 1854 et
1141 1805 1223 1854 urso
1245 1787 1422 1875 germani,
1447 1788 1513 1856 fllii
1538 1791 1712 1876 quondam
1739 1789 1886 1858 iohanni
1909 1791 1952 1858 de
1975 1788 2137 1890 mastalo,
2161 1790 2198 1854 et
2221 1803 2345 1856 manso
2367 1791 2405 1855 et

550 1942 678 2011 comite
702 1941 886 2030 germani,
911 1939 977 2009 dlii
1001 1940 1180 2026 quondam
1205 1942 1366 2028 iohanni,
1389 1946 1426 2010 et
1449 1941 1557 2010 disiiu
1582 1947 1618 2012 et
1634 1962 1716 2012 urso
1739 1944 1815 2012 veri
1840 1944 2016 2030 germani,
2043 1941 2109 2010 filii
2133 1939 2310 2028 qnondam
2333 1958 2405 2008 ser-

547 2096 601 2184 gii
620 2094 792 2164 tarudulu
817 2101 852 2164 et
867 2113 989 2163 sumus
1005 2094 1217 2183 atrianensi,
1235 2113 1276 2163 eo
1291 2095 1383 2182 quod
1408 2099 1492 2164 ante
1508 2095 1702 2182 subscripti
1721 2101 1838 2174 testes,
1857 2099 1976 2166 tamen
1993 2112 2057 2162 nos
2073 2095 2245 2163 nominati
2270 2099 2403 2163 mauta-

545 2246 601 2317 lus
624 2252 660 2317 et
684 2268 765 2317 urso
789 2249 924 2316 vicibus
948 2254 1066 2315 nostre
1090 2252 1126 2314 et
1149 2267 1211 2334 pro
1235 2247 1311 2315 vice
1334 2246 1377 2315 de
1400 2247 1466 2314 filii
1494 2247 1674 2333 quondam
1704 2249 1895 2334 mansoni,
1927 2248 1992 2352 qui
2012 2245 2081 2316 luit
2103 2264 2317 2334 germanum
2341 2265 2403 2314 no-

543 2404 671 2488 strum,
698 2401 911 2472 tradidimus
934 2403 1066 2471 stefani
1091 2400 1278 2488 presbiteri
1303 2401 1377 2467 filio
1400 2400 1579 2486 quondam
1606 2399 1749 2469 iohanni
1775 2401 1955 2487 monachi,
1977 2399 2039 2487 qui
2056 2400 2124 2468 fuit
2148 2401 2401 2485 sirrantinum‚

545 2557 713 2625 ecclesia*
729 2557 855 2624 nostra
878 2557 1117 2641 pertinentem
1148 2552 1356 2622 vccabulum
1381 2551 1495 2622 sancti
1521 2553 1668 2621 iohanni
1693 2553 1948 2640 erbangelista,
1972 2573 2040 2642 que
2063 2558 2269 2623 constructa
2292 2553 2401 2622 estin

543 2707 658 2776 locum
682 2706 795 2780 beteri
812 2709 881 2776 ista
896 2710 998 2792 parte
1020 2705 1127 2772 dubio
1151 2703 1293 2791 boneia,
1310 2719 1391 2770 cum
1414 2701 1529 2788 cellis,
1553 2709 1589 2772 et
1604 2704 1710 2790 casis,
1727 2709 1763 2772 et
1779 2706 1885 2772 rebus
1900 2705 2139 2791 pertinentem
2156 2701 2269 2792 ipsius
2293 2703 2402 2772 eccle·

545 2859 599 2927 sie
622 2859 686 2962 tali
713 2857 868 2945 ordine,
901 2861 942 2924 ut
971 2856 1094 2928 amodo
1117 2861 1153 2925 et
1175 2858 1296 2926 cuntis
1319 2857 1444 2926 diebus
1468 2857 1539 2926 vite
1563 2862 1624 2926 tue
1648 2859 1726 2946 ipsa
1748 2859 1898 2928 ecclesia
1928 2859 2084 2928 officient
2113 2862 2149 2927 et
2171 2858 2328 2928 officiare
2350 2859 2403 2928 fa·

550 3012 652 3082 ciant
674 3014 733 3082 die
755 3015 946 3100 noctuque,
971 3013 1064 3080 sicut
1086 3011 1186 3080 decet
1208 3013 1393 3099 presbyter
1417 3011 1570 3082 billanos
1583 3062 1594 3101 ,
1618 3017 1654 3081 et
1677 3011 1714 3078 in
1738 3015 1812 3100 ipse
1836 3013 1930 3080 cellis
1953 3015 1990 3080 et
2012 3012 2104 3082 casis
2127 3011 2239 3082 licead
2270 3013 2400 3084 ibidem

547 3168 706 3236 residere
728 3175 764 3236 et
789 3165 942 3254 avitare,
966 3171 1003 3235 et
1023 3171 1141 3236 vestre
1166 3165 1339 3235 utilitatis
1361 3166 1492 3235 ibidem
1515 3168 1632 3236 faeere
1656 3169 1751 3235 iusta
1775 3167 1927 3254 ratione,
1951 3164 2085 3251 etipsa
2108 3166 2213 3242 rebus
2236 3120 2397 3238 annuali·

495 3365 497 3369 -
549 3325 606 3390 ter
628 3322 710 3389 abtc
733 3327 889 3406 tempore
914 3320 1076 3390 lavorare
1101 3327 1135 3388 et
1159 3319 1296 3387 euitare
1322 3325 1370 3405 et,
1395 3320 1456 3386 ubi
1483 3317 1668 3404 meruerit,
1689 3317 1842 3404 cludere,
1859 3320 2036 3403 quatenus
2060 3319 2250 3402 proficiant
2273 3323 2309 3388 et
2328 3337 2398 3386 non

544 3474 761 3560 dispereant,
787 3479 823 3542 et
847 3449 976 3541 vonum
1003 3474 1132 3560 paread
1158 3474 1357 3542 lavoratum
1381 3479 1418 3540 et
1443 3473 1638 3557 cultatum,
1662 3474 1698 3538 et
1724 3468 1823 3536 modo
1846 3487 1991 3556 presens
2014 3469 2111 3538 dedit
2134 3471 2209 3556 ipse
2234 3473 2397 3542 stefanus

545 3630 722 3715 presbiter
756 3631 795 3697 in
820 3631 896 3715 ipsa
919 3627 1069 3696 ecclesia
1093 3645 1204 3695 unum
1230 3625 1319 3694 liber
1343 3627 1472 3693 comite
1496 3626 1539 3694 de
1561 3626 1748 3694 circoitum
1771 3645 1920 3713 annum,
1937 3631 1974 3694 et
1997 3623 2102 3694 stetid
2127 3625 2256 3694 ibidem
2281 3628 2398 3696 lacere

545 3801 655 3851 unum
679 3784 938 3852 antiianarinm
962 3782 1005 3849 de
1028 3789 1143 3868 nocte,
1169 3783 1230 3868 qui
1255 3799 1326 3847 non
1349 3783 1397 3849 sit
1420 3785 1604 3865 notatum,
1629 3785 1666 3848 et
1690 3782 1771 3866 quis
1794 3779 1878 3866 quid
1904 3782 1941 3848 in
1968 3782 2043 3868 ipsa
2066 3781 2217 3850 ecclesia
2240 3783 2398 3852 intrare·

552 3934 618 4019 rit,
635 3953 697 4002 sue
713 3936 762 4000 sit
779 3935 944 4018 potestati
962 3931 1163 4000 laciendum
1181 3931 1273 4017 quod
1291 3930 1457 3999 voluerit.
1475 3907 1629 4016 tantum,
1642 3934 1673 3999 si
1687 3931 1724 3998 in
1740 3933 1815 4019 ipsa
1832 3933 1980 4001 ccclesia
1993 3928 2099 4002 talem
2112 3953 2256 4003 oausam
2272 3939 2333 4023 qui
2352 3937 2398 4006 ad

546 4091 798 4155 ornamentum
815 4087 862 4153 sit
879 4082 921 4152 de
938 4085 1017 4172 ipsa
1032 4083 1193 4172 ecclesia,
1210 4103 1347 4170 semper
1363 4085 1410 4151 sit
1432 4083 1474 4150 de
1492 4083 1500 4149 i
1504 4103 1568 4169 psa
1583 4081 1733 4150 ccclesia
1749 4083 1793 4152 ad
1812 4083 2003 4152 tenendum
2027 4088 2063 4152 et
2080 4085 2290 4173 regendum,
2311 4087 2395 4156 dum

546 4240 626 4308 illut
652 4242 746 4308 sicut
769 4245 805 4308 ct
828 4240 905 4326 ipso
927 4239 1031 4326 aliut,
1056 4243 1092 4306 et
1114 4237 1230 4306 omnis
1254 4236 1410 4323 frugium
1434 4241 1469 4303 et
1484 4236 1633 4322 larome,
1650 4236 1741 4322 quod
1764 4237 1908 4324 deipsis
1934 4239 2040 4306 rebus
2063 4236 2272 4308 annualiter
2295 4243 2396 4311 exie·

544 4397 619 4481 rit,
644 4398 756 4463 totum
781 4413 844 4461 sue
867 4395 916 4461 sit
938 4392 1128 4479 potestati,
1154 4391 1356 4460 faciendum
1380 4391 1474 4476 quod
1496 4390 1667 4477 voluerit,
1692 4395 1727 4459 et
1749 4410 1812 4478 per
1835 4393 1950 4459 omnis
1973 4411 2108 4462 annum
2132 4395 2172 4462 in
2196 4361 2393 4468 festivitate

544 4550 659 4617 sancti
678 4547 826 4615 iohanni
844 4545 1091 4632 evbangelista
1114 4545 1223 4615 deant
1246 4543 1349 4612 nobis
1372 4543 1426 4612 vel
1441 4544 1487 4613 ad
1503 4547 1635 4612 nostris
1659 4544 1825 4613 eredibus
1843 4563 1989 4614 censum
2005 4547 2048 4616 de
2066 4548 2144 4636 ipsa
2159 4551 2308 4623 ecclesia
2325 4570 2397 4622 ana

544 4697 717 4784 singnula
740 4698 866 4766 cubita
888 4698 930 4764 de
953 4716 1069 4784 cerea,
1095 4702 1131 4765 et
1153 4715 1216 4784 per
1239 4696 1353 4765 omnis
1377 4714 1510 4764 annum
1528 4716 1589 4784 per
1606 4701 1763 4784 tempore
1786 4697 1830 4766 de
1854 4701 1922 4768 ube
1945 4718 2017 4768 ana
2039 4699 2208 4789 singnula
2230 4709 2399 4778 canestra

541 4850 585 4920 de
608 4852 676 4919 ube
697 4854 733 4919 et
755 4868 828 4918 ana
850 4849 1017 4938 singnula
1039 4853 1207 4918 canestra
1229 4846 1272 4916 de
1294 4855 1462 4917 castanea
1485 4849 1530 4916 ad
1553 4851 1753 4918 canistrum
1776 4851 1972 4938 mediocre,
1996 4857 2032 4921 et
2055 4871 2096 4922 oc
2119 4856 2253 4945 stetid,
2278 4863 2318 4926 ut
2344 4859 2391 4930 ad

542 5003 602 5072 die
624 5004 709 5071 oviti
733 5004 789 5069 sui
813 5002 899 5070 dare
922 5001 958 5068 in
985 5000 1067 5086 ipsa
1090 5000 1239 5070 ecclesia
1262 5000 1305 5068 de
1321 5002 1437 5069 omnis
1459 5020 1563 5071 suum
1587 5003 1711 5073 movile
1736 5023 1845 5073 unam
1869 5008 2012 5075 tertiam
2035 5012 2188 5096 partem,
2213 5015 2248 5078 et
2272 5011 2397 5084 inclite

425 5181 447 5196 ν
544 5155 615 5223 due
638 5155 758 5240 sortis,
782 5152 875 5238 quod
899 5152 981 5219 inde
1004 5158 1180 5240 remanet,
1204 5151 1341 5223 saciant
1365 5154 1446 5223 inde
1470 5154 1530 5224 1116
1546 5161 1581 5224 et
1601 5155 1678 5225 eius
1700 5159 1834 5247 eredes,
1853 5159 1907 5228 vel
1930 5163 2065 5230 omines
2088 5165 2146 5230 cui
2171 5163 2232 5233 ille
2258 5167 2296 5234 in
2321 5186 2397 5238 ma·

543 5324 631 5375 num
657 5303 902 5392 commiserit,
939 5307 1057 5374 omnia
1088 5306 1179 5392 quod
1204 5306 1385 5385 voluerit;
1418 5308 1463 5376 ad
1487 5307 1544 5375 die
1568 5325 1648 5375 vero
1674 5310 1787 5378 hoviti
1813 5312 1868 5378 sui
1892 5311 2017 5384 inclita
2042 5313 2120 5402 ipsa
2141 5315 2293 5386 ecclesia
2315 5335 2397 5386 cum

543 5461 618 5547 ipse
634 5459 733 5528 cellis
749 5463 785 5527 et
796 5460 891 5527 casis
906 5461 942 5525 et
956 5475 1037 5524 cum
1054 5455 1132 5543 ipsa
1152 5457 1259 5524 rebus
1274 5459 1511 5544 pertinentem
1528 5461 1639 5544 ipsius
1654 5463 1801 5530 ecclesie
1817 5469 1947 5532 etcum
1963 5470 2077 5534 totum
2102 5467 2195 5553 illut,
2221 5485 2295 5555 que
2319 5469 2395 5556 ipse

543 5614 719 5706 presbiter
744 5611 875 5680 ibidem
900 5612 1037 5679 miserit
1062 5613 1098 5678 et
1115 5609 1160 5678 ad
1176 5611 1262 5677 obiti
1285 5612 1340 5678 sui
1361 5613 1409 5678 ibi
1433 5612 1633 5700 reliquerit,
1664 5616 1860 5701 perveniad
1884 5619 1929 5687 ad
1952 5622 2122 5705 potestate
2146 5625 2269 5691 nostra
2292 5627 2329 5691 et
2352 5623 2396 5692 de

544 5767 681 5834 nostris
704 5764 883 5851 eredibuS,
907 5764 1109 5834 faciendum
1134 5763 1264 5834 exinde
1288 5765 1408 5834 omnia
1432 5767 1524 5854 quod
1548 5768 1760 5837 voluerimus
1773 5821 1784 5858 ,
1808 5776 1843 5852 et
1866 5792 1929 5860 pro
1951 5773 2115 5842 omnibus
2137 5779 2397 5866 suprascriptis
