<?xml version="1.0" encoding="UTF-8"?>
<!DOCTYPE html PUBLIC "-//W3C//DTD XHTML 1.0 Transitional//EN"
    "http://www.w3.org/TR/xhtml1/DTD/xhtml1-transitional.dtd">
<html xmlns="http://www.w3.org/1999/xhtml" xml:lang="en" lang="en">
 <head>
  <title>
</title>
<meta http-equiv="Content-Type" content="text/html;charset=utf-8" />
  <meta name='ocr-system' content='tesseract 3.04.00' />
  <meta name='ocr-capabilities' content='ocr_page ocr_carea ocr_par ocr_line ocrx_word'/>
</head>
<body>
  <div class='ocr_page' id='page_1' title='image "./codexdiplomatic04aragoog_0149.png"; bbox 0 0 5456 7096; ppageno 0'>
   <div class='ocr_carea' id='block_1_1' title="bbox 1033 543 2123 626">
    <p class='ocr_par' dir='ltr' id='par_1_1' title="bbox 1033 543 2123 626">
     <span class='ocr_line' id='line_1_1' title="bbox 1033 543 2123 626; baseline 0.005 -10"><span class='ocrx_word' id='word_1_1' title='bbox 1033 543 1445 623; x_wconf 78' lang='lat' dir='ltr'>DIPLOMATICUS</span> <span class='ocrx_word' id='word_1_2' title='bbox 1859 610 1864 621; x_wconf 91' lang='lat'><em>.</em></span> <span class='ocrx_word' id='word_1_3' title='bbox 2035 551 2123 626; x_wconf 76' lang='lat' dir='ltr'>‘loll</span> 
     </span>
    </p>
   </div>
   <div class='ocr_carea' id='block_1_2' title="bbox 227 767 2266 5622">
    <p class='ocr_par' dir='ltr' id='par_1_2' title="bbox 227 767 2249 2693">
     <span class='ocr_line' id='line_1_2' title="bbox 316 767 2171 862; baseline 0.003 -24"><span class='ocrx_word' id='word_1_4' title='bbox 316 767 414 860; x_wconf 88' lang='grc'><strong>66161</strong></span> <span class='ocrx_word' id='word_1_5' title='bbox 437 767 609 838; x_wconf 90' lang='grc'><strong>16166661</strong></span> <span class='ocrx_word' id='word_1_6' title='bbox 633 768 677 837; x_wconf 89' lang='grc'><strong>16</strong></span> <span class='ocrx_word' id='word_1_7' title='bbox 700 767 819 838; x_wconf 90' lang='grc'><strong>16666</strong></span> <span class='ocrx_word' id='word_1_8' title='bbox 836 771 1073 839; x_wconf 90' lang='grc'><strong>6666616666</strong></span> <span class='ocrx_word' id='word_1_9' title='bbox 1090 772 1190 856; x_wconf 87' lang='grc'><strong>66616</strong></span> <span class='ocrx_word' id='word_1_10' title='bbox 1213 771 1256 840; x_wconf 90' lang='grc'><strong>16</strong></span> <span class='ocrx_word' id='word_1_11' title='bbox 1278 777 1375 844; x_wconf 87' lang='lat' dir='ltr'>terra</span> <span class='ocrx_word' id='word_1_12' title='bbox 1390 795 1471 844; x_wconf 92' lang='lat' dir='ltr'>cum</span> <span class='ocrx_word' id='word_1_13' title='bbox 1488 775 1643 846; x_wconf 77' lang='lat' dir='ltr'><strong>arbustis</strong></span> <span class='ocrx_word' id='word_1_14' title='bbox 1657 776 1785 844; x_wconf 90' lang='lat' dir='ltr'>vitatis</span> <span class='ocrx_word' id='word_1_15' title='bbox 1801 778 2040 862; x_wconf 76' lang='lat' dir='ltr'>pertinentem</span> <span class='ocrx_word' id='word_1_16' title='bbox 2057 774 2171 862; x_wconf 88' lang='lat' dir='ltr'>ipsius</span> 
     </span>
     <span class='ocr_line' id='line_1_3' title="bbox 319 922 2172 1024; baseline 0.002 -31"><span class='ocrx_word' id='word_1_17' title='bbox 319 922 508 1010; x_wconf 81' lang='lat' dir='ltr'>aecclesie,</span> <span class='ocrx_word' id='word_1_18' title='bbox 532 922 625 1009; x_wconf 89' lang='lat' dir='ltr'>quod</span> <span class='ocrx_word' id='word_1_19' title='bbox 649 923 731 992; x_wconf 86' lang='lat' dir='ltr'>abet</span> <span class='ocrx_word' id='word_1_20' title='bbox 754 923 792 990; x_wconf 93' lang='lat' dir='ltr'><strong>in</strong></span> <span class='ocrx_word' id='word_1_21' title='bbox 810 924 1103 1010; x_wconf 88' lang='lat' dir='ltr'>vocabulumque</span> <span class='ocrx_word' id='word_1_22' title='bbox 1119 924 1250 992; x_wconf 88' lang='lat' dir='ltr'>dicitur</span> <span class='ocrx_word' id='word_1_23' title='bbox 1268 925 1388 1004; x_wconf 87' lang='lat' dir='ltr'>aiella,</span> <span class='ocrx_word' id='word_1_24' title='bbox 1405 927 1467 995; x_wconf 92' lang='lat' dir='ltr'><strong>ubi</strong></span> <span class='ocrx_word' id='word_1_25' title='bbox 1482 927 1643 1014; x_wconf 89' lang='lat' dir='ltr'>plagarie</span> <span class='ocrx_word' id='word_1_26' title='bbox 1658 931 1755 1006; x_wconf 91' lang='lat' dir='ltr'>sunl,</span> <span class='ocrx_word' id='word_1_27' title='bbox 1775 927 1906 1015; x_wconf 90' lang='lat' dir='ltr'>inipso</span> <span class='ocrx_word' id='word_1_28' title='bbox 1930 930 2040 996; x_wconf 87' lang='lat' dir='ltr'>hactu</span> <span class='ocrx_word' id='word_1_29' title='bbox 2062 945 2172 1024; x_wconf 88' lang='grc'><strong>6666·</strong></span> 
     </span>
     <span class='ocr_line' id='line_1_4' title="bbox 227 1075 2172 1168; baseline 0.002 -24"><span class='ocrx_word' id='word_1_30' title='bbox 227 1144 230 1152; x_wconf 77' lang='grc'><strong>,</strong></span> <span class='ocrx_word' id='word_1_31' title='bbox 319 1075 387 1146; x_wconf 91' lang='lat' dir='ltr'>ria.</span> <span class='ocrx_word' id='word_1_32' title='bbox 416 1075 508 1164; x_wconf 92' lang='lat' dir='ltr'>quod</span> <span class='ocrx_word' id='word_1_33' title='bbox 532 1093 598 1164; x_wconf 89' lang='lat' dir='ltr'>ego</span> <span class='ocrx_word' id='word_1_34' title='bbox 622 1077 661 1144; x_wconf 90' lang='grc'><strong>16</strong></span> <span class='ocrx_word' id='word_1_35' title='bbox 684 1077 898 1146; x_wconf 84' lang='lat' dir='ltr'>beneficium</span> <span class='ocrx_word' id='word_1_36' title='bbox 924 1081 1026 1148; x_wconf 90' lang='lat' dir='ltr'>teneo</span> <span class='ocrx_word' id='word_1_37' title='bbox 1049 1097 1072 1147; x_wconf 90' lang='grc'><strong>6</strong></span> <span class='ocrx_word' id='word_1_38' title='bbox 1095 1097 1179 1163; x_wconf 87' lang='grc'><strong>6666</strong></span> <span class='ocrx_word' id='word_1_39' title='bbox 1204 1079 1317 1165; x_wconf 86' lang='grc'><strong>166166</strong></span> <span class='ocrx_word' id='word_1_40' title='bbox 1339 1079 1486 1148; x_wconf 84' lang='lat' dir='ltr'>ecclesie</span> <span class='ocrx_word' id='word_1_41' title='bbox 1509 1081 1704 1150; x_wconf 81' lang='lat' dir='ltr'>habentem</span> <span class='ocrx_word' id='word_1_42' title='bbox 1726 1099 1765 1149; x_wconf 89' lang='lat' dir='ltr'><strong>as</strong></span> <span class='ocrx_word' id='word_1_43' title='bbox 1787 1081 1876 1148; x_wconf 88' lang='grc'><strong>11666</strong></span> <span class='ocrx_word' id='word_1_44' title='bbox 1906 1087 1943 1148; x_wconf 91' lang='grc'><strong>61</strong></span> <span class='ocrx_word' id='word_1_45' title='bbox 1969 1096 2172 1168; x_wconf 88' lang='lat' dir='ltr'>mensuras,</span> 
     </span>
     <span class='ocr_line' id='line_1_5' title="bbox 319 1215 2249 1321; baseline -0.001 -19"><span class='ocrx_word' id='word_1_46' title='bbox 319 1250 342 1302; x_wconf 88' lang='lat' dir='ltr'><strong>a</strong></span> <span class='ocrx_word' id='word_1_47' title='bbox 366 1237 467 1320; x_wconf 83' lang='grc'><strong>66616</strong></span> <span class='ocrx_word' id='word_1_48' title='bbox 490 1225 753 1318; x_wconf 87' lang='grc'><strong>6661661616616</strong></span> <span class='ocrx_word' id='word_1_49' title='bbox 776 1233 846 1303; x_wconf 85' lang='lat' dir='ltr'>fine</span> <span class='ocrx_word' id='word_1_50' title='bbox 870 1234 931 1302; x_wconf 90' lang='lat' dir='ltr'><strong>bia</strong></span> <span class='ocrx_word' id='word_1_51' title='bbox 953 1233 1094 1320; x_wconf 78' lang='lat' dir='ltr'>Publica</span> <span class='ocrx_word' id='word_1_52' title='bbox 1117 1252 1186 1319; x_wconf 93' lang='lat' dir='ltr'>que</span> <span class='ocrx_word' id='word_1_53' title='bbox 1209 1233 1327 1320; x_wconf 91' lang='lat' dir='ltr'>pergit</span> <span class='ocrx_word' id='word_1_54' title='bbox 1350 1233 1397 1302; x_wconf 89' lang='lat' dir='ltr'><strong>ad</strong></span> <span class='ocrx_word' id='word_1_55' title='bbox 1421 1233 1496 1321; x_wconf 91' lang='grc'><strong>1666</strong></span> <span class='ocrx_word' id='word_1_56' title='bbox 1519 1235 1613 1302; x_wconf 89' lang='grc'><strong>16661</strong></span> <span class='ocrx_word' id='word_1_57' title='bbox 1631 1233 1729 1302; x_wconf 91' lang='lat' dir='ltr'>etad</span> <span class='ocrx_word' id='word_1_58' title='bbox 1747 1232 1815 1320; x_wconf 91' lang='grc'><strong>1661</strong></span> <span class='ocrx_word' id='word_1_59' title='bbox 1832 1215 1959 1318; x_wconf 88' lang='grc'><strong>666111,</strong></span> <span class='ocrx_word' id='word_1_60' title='bbox 1978 1237 2064 1302; x_wconf 90' lang='grc'><strong>6661</strong></span> <span class='ocrx_word' id='word_1_61' title='bbox 2089 1231 2173 1303; x_wconf 88' lang='grc'><strong>1616</strong></span> <span class='ocrx_word' id='word_1_62' title='bbox 2245 1247 2249 1254; x_wconf 93' lang='grc'><strong><em>·</em></strong></span> 
     </span>
     <span class='ocr_line' id='line_1_6' title="bbox 320 1384 2178 1474; baseline 0 -20"><span class='ocrx_word' id='word_1_63' title='bbox 320 1387 415 1473; x_wconf 88' lang='lat' dir='ltr'>passi</span> <span class='ocrx_word' id='word_1_64' title='bbox 440 1387 633 1474; x_wconf 85' lang='lat' dir='ltr'>sexaginta</span> <span class='ocrx_word' id='word_1_65' title='bbox 655 1391 744 1455; x_wconf 84' lang='lat' dir='ltr'>octo:</span> <span class='ocrx_word' id='word_1_66' title='bbox 770 1408 793 1456; x_wconf 91' lang='lat' dir='ltr'><strong>a</strong></span> <span class='ocrx_word' id='word_1_67' title='bbox 816 1393 918 1474; x_wconf 90' lang='grc'><strong>66616</strong></span> <span class='ocrx_word' id='word_1_68' title='bbox 941 1386 1134 1454; x_wconf 86' lang='grc'><strong>6661166116</strong></span> <span class='ocrx_word' id='word_1_69' title='bbox 1158 1387 1242 1471; x_wconf 82' lang='lat' dir='ltr'>fine,</span> <span class='ocrx_word' id='word_1_70' title='bbox 1259 1387 1354 1454; x_wconf 89' lang='lat' dir='ltr'>sicut</span> <span class='ocrx_word' id='word_1_71' title='bbox 1369 1385 1505 1454; x_wconf 92' lang='lat' dir='ltr'>termiti</span> <span class='ocrx_word' id='word_1_72' title='bbox 1522 1385 1596 1454; x_wconf 87' lang='lat' dir='ltr'>ficti</span> <span class='ocrx_word' id='word_1_73' title='bbox 1612 1389 1709 1470; x_wconf 90' lang='grc'><strong>6661,</strong></span> <span class='ocrx_word' id='word_1_74' title='bbox 1726 1386 1834 1456; x_wconf 90' lang='lat' dir='ltr'>habet</span> <span class='ocrx_word' id='word_1_75' title='bbox 1851 1384 1934 1453; x_wconf 89' lang='lat' dir='ltr'>inde</span> <span class='ocrx_word' id='word_1_76' title='bbox 1951 1387 2045 1472; x_wconf 86' lang='lat' dir='ltr'>passi</span> <span class='ocrx_word' id='word_1_77' title='bbox 2071 1385 2178 1472; x_wconf 92' lang='lat' dir='ltr'>quin·</span> 
     </span>
     <span class='ocr_line' id='line_1_7' title="bbox 321 1535 2175 1626; baseline -0.001 -19"><span class='ocrx_word' id='word_1_78' title='bbox 321 1539 500 1626; x_wconf 82' lang='lat' dir='ltr'>quaginta</span> <span class='ocrx_word' id='word_1_79' title='bbox 523 1543 612 1608; x_wconf 89' lang='lat' dir='ltr'>tres:</span> <span class='ocrx_word' id='word_1_80' title='bbox 636 1539 679 1607; x_wconf 92' lang='grc'><strong>16</strong></span> <span class='ocrx_word' id='word_1_81' title='bbox 703 1558 809 1626; x_wconf 87' lang='grc'><strong>66666</strong></span> <span class='ocrx_word' id='word_1_82' title='bbox 833 1543 948 1626; x_wconf 87' lang='grc'><strong>66616,</strong></span> <span class='ocrx_word' id='word_1_83' title='bbox 974 1539 1066 1624; x_wconf 92' lang='lat' dir='ltr'>quod</span> <span class='ocrx_word' id='word_1_84' title='bbox 1089 1545 1142 1607; x_wconf 91' lang='lat' dir='ltr'><strong>est</strong></span> <span class='ocrx_word' id='word_1_85' title='bbox 1166 1560 1188 1606; x_wconf 89' lang='lat' dir='ltr'><strong>a</strong></span> <span class='ocrx_word' id='word_1_86' title='bbox 1212 1538 1371 1624; x_wconf 90' lang='lat' dir='ltr'>meridie,</span> <span class='ocrx_word' id='word_1_87' title='bbox 1395 1539 1466 1606; x_wconf 85' lang='lat' dir='ltr'>line</span> <span class='ocrx_word' id='word_1_88' title='bbox 1482 1539 1594 1625; x_wconf 88' lang='lat' dir='ltr'>ipsius</span> <span class='ocrx_word' id='word_1_89' title='bbox 1609 1535 1755 1605; x_wconf 80' lang='lat' dir='ltr'>ecclesie</span> <span class='ocrx_word' id='word_1_90' title='bbox 1772 1537 1888 1604; x_wconf 88' lang='lat' dir='ltr'>sancti</span> <span class='ocrx_word' id='word_1_91' title='bbox 1906 1536 2070 1626; x_wconf 86' lang='lat' dir='ltr'>maximi,</span> <span class='ocrx_word' id='word_1_92' title='bbox 2089 1543 2175 1606; x_wconf 84' lang='lat' dir='ltr'>sunt</span> 
     </span>
     <span class='ocr_line' id='line_1_8' title="bbox 322 1689 2173 1778; baseline 0 -20"><span class='ocrx_word' id='word_1_93' title='bbox 322 1689 405 1758; x_wconf 87' lang='lat' dir='ltr'>inde</span> <span class='ocrx_word' id='word_1_94' title='bbox 431 1690 527 1777; x_wconf 90' lang='lat' dir='ltr'>passi</span> <span class='ocrx_word' id='word_1_95' title='bbox 549 1692 741 1778; x_wconf 87' lang='lat' dir='ltr'>sexaginta</span> <span class='ocrx_word' id='word_1_96' title='bbox 764 1695 848 1758; x_wconf 88' lang='lat' dir='ltr'>tres:</span> <span class='ocrx_word' id='word_1_97' title='bbox 874 1709 897 1760; x_wconf 88' lang='lat' dir='ltr'><strong>a</strong></span> <span class='ocrx_word' id='word_1_98' title='bbox 920 1696 1021 1777; x_wconf 90' lang='grc'><strong>66616</strong></span> <span class='ocrx_word' id='word_1_99' title='bbox 1044 1691 1193 1757; x_wconf 88' lang='grc'><strong>66166116</strong></span> <span class='ocrx_word' id='word_1_100' title='bbox 1216 1691 1284 1757; x_wconf 88' lang='lat' dir='ltr'>line</span> <span class='ocrx_word' id='word_1_101' title='bbox 1308 1690 1401 1756; x_wconf 90' lang='lat' dir='ltr'>sicut</span> <span class='ocrx_word' id='word_1_102' title='bbox 1424 1689 1507 1776; x_wconf 90' lang='lat' dir='ltr'>poiu</span> <span class='ocrx_word' id='word_1_103' title='bbox 1531 1689 1703 1756; x_wconf 78' lang='lat' dir='ltr'>discernit</span> <span class='ocrx_word' id='word_1_104' title='bbox 1725 1692 1761 1755; x_wconf 91' lang='lat' dir='ltr'><strong>et</strong></span> <span class='ocrx_word' id='word_1_105' title='bbox 1785 1689 1854 1756; x_wconf 84' lang='lat' dir='ltr'>line</span> <span class='ocrx_word' id='word_1_106' title='bbox 1878 1689 1923 1756; x_wconf 93' lang='grc'><strong>16</strong></span> <span class='ocrx_word' id='word_1_107' title='bbox 1954 1691 2032 1776; x_wconf 90' lang='grc'><strong>1666</strong></span> <span class='ocrx_word' id='word_1_108' title='bbox 2065 1690 2173 1758; x_wconf 89' lang='lat' dir='ltr'>eccle·</span> 
     </span>
     <span class='ocr_line' id='line_1_9' title="bbox 322 1841 2178 1930; baseline 0.001 -22"><span class='ocrx_word' id='word_1_109' title='bbox 322 1843 389 1928; x_wconf 90' lang='lat' dir='ltr'>sia,</span> <span class='ocrx_word' id='word_1_110' title='bbox 415 1847 501 1910; x_wconf 91' lang='lat' dir='ltr'>sunt</span> <span class='ocrx_word' id='word_1_111' title='bbox 523 1842 605 1910; x_wconf 92' lang='lat' dir='ltr'>inde</span> <span class='ocrx_word' id='word_1_112' title='bbox 629 1843 725 1929; x_wconf 90' lang='grc'><strong>66661</strong></span> <span class='ocrx_word' id='word_1_113' title='bbox 748 1842 1014 1930; x_wconf 82' lang='lat' dir='ltr'>quinquaginta</span> <span class='ocrx_word' id='word_1_114' title='bbox 1035 1842 1221 1929; x_wconf 89' lang='lat' dir='ltr'>quadtuor,</span> <span class='ocrx_word' id='word_1_115' title='bbox 1246 1846 1281 1909; x_wconf 93' lang='lat' dir='ltr'><strong>et</strong></span> <span class='ocrx_word' id='word_1_116' title='bbox 1304 1844 1446 1910; x_wconf 86' lang='lat' dir='ltr'>exiente</span> <span class='ocrx_word' id='word_1_117' title='bbox 1471 1861 1583 1928; x_wconf 89' lang='lat' dir='ltr'>usque</span> <span class='ocrx_word' id='word_1_118' title='bbox 1607 1842 1645 1908; x_wconf 90' lang='lat' dir='ltr'><strong>in</strong></span> <span class='ocrx_word' id='word_1_119' title='bbox 1668 1842 1747 1928; x_wconf 89' lang='grc'><strong>1666</strong></span> <span class='ocrx_word' id='word_1_120' title='bbox 1770 1843 1829 1910; x_wconf 85' lang='lat' dir='ltr'><strong>bia</strong></span> <span class='ocrx_word' id='word_1_121' title='bbox 1852 1841 1994 1927; x_wconf 87' lang='lat' dir='ltr'>publica</span> <span class='ocrx_word' id='word_1_122' title='bbox 2019 1863 2089 1929; x_wconf 92' lang='lat' dir='ltr'>que</span> <span class='ocrx_word' id='word_1_123' title='bbox 2124 1847 2178 1910; x_wconf 91' lang='lat' dir='ltr'><strong>est</strong></span> 
     </span>
     <span class='ocr_line' id='line_1_10' title="bbox 323 1992 2177 2080; baseline 0.003 -24"><span class='ocrx_word' id='word_1_124' title='bbox 323 1993 442 2079; x_wconf 88' lang='lat' dir='ltr'>priore</span> <span class='ocrx_word' id='word_1_125' title='bbox 464 1993 549 2077; x_wconf 76' lang='lat' dir='ltr'>fine,</span> <span class='ocrx_word' id='word_1_126' title='bbox 574 1996 686 2060; x_wconf 89' lang='grc'><strong>16166</strong></span> <span class='ocrx_word' id='word_1_127' title='bbox 710 1992 756 2062; x_wconf 91' lang='grc'><strong>61</strong></span> <span class='ocrx_word' id='word_1_128' title='bbox 780 1993 874 2060; x_wconf 89' lang='grc'><strong>16616</strong></span> <span class='ocrx_word' id='word_1_129' title='bbox 896 2011 1036 2080; x_wconf 88' lang='lat' dir='ltr'>passum</span> <span class='ocrx_word' id='word_1_130' title='bbox 1061 1992 1196 2060; x_wconf 87' lang='lat' dir='ltr'>homini</span> <span class='ocrx_word' id='word_1_131' title='bbox 1221 1997 1464 2062; x_wconf 89' lang='lat' dir='ltr'>mensuratum</span> <span class='ocrx_word' id='word_1_132' title='bbox 1490 2011 1552 2079; x_wconf 92' lang='lat' dir='ltr'><strong>per</strong></span> <span class='ocrx_word' id='word_1_133' title='bbox 1577 1992 1662 2062; x_wconf 90' lang='lat' dir='ltr'>istas</span> <span class='ocrx_word' id='word_1_134' title='bbox 1686 1994 1774 2061; x_wconf 87' lang='grc'><strong>11666</strong></span> <span class='ocrx_word' id='word_1_135' title='bbox 1797 1997 1832 2062; x_wconf 91' lang='grc'><strong>61</strong></span> <span class='ocrx_word' id='word_1_136' title='bbox 1864 2012 2049 2064; x_wconf 84' lang='lat' dir='ltr'>mensuras</span> <span class='ocrx_word' id='word_1_137' title='bbox 2073 1994 2177 2063; x_wconf 92' lang='lat' dir='ltr'>incli-</span> 
     </span>
     <span class='ocr_line' id='line_1_11' title="bbox 325 2143 2178 2234; baseline 0.002 -23"><span class='ocrx_word' id='word_1_138' title='bbox 325 2147 403 2211; x_wconf 88' lang='lat' dir='ltr'>tum</span> <span class='ocrx_word' id='word_1_139' title='bbox 428 2143 510 2212; x_wconf 92' lang='lat' dir='ltr'>illut</span> <span class='ocrx_word' id='word_1_140' title='bbox 533 2145 687 2214; x_wconf 88' lang='grc'><strong>166616</strong></span> <span class='ocrx_word' id='word_1_141' title='bbox 711 2163 749 2212; x_wconf 91' lang='lat' dir='ltr'>os</span> <span class='ocrx_word' id='word_1_142' title='bbox 772 2145 893 2231; x_wconf 92' lang='lat' dir='ltr'>plures</span> <span class='ocrx_word' id='word_1_143' title='bbox 916 2163 1029 2214; x_wconf 90' lang='lat' dir='ltr'>annos</span> <span class='ocrx_word' id='word_1_144' title='bbox 1052 2145 1134 2213; x_wconf 88' lang='lat' dir='ltr'>illut</span> <span class='ocrx_word' id='word_1_145' title='bbox 1157 2147 1276 2213; x_wconf 88' lang='lat' dir='ltr'>tenuit</span> <span class='ocrx_word' id='word_1_146' title='bbox 1298 2163 1361 2230; x_wconf 93' lang='lat' dir='ltr'><strong>per</strong></span> <span class='ocrx_word' id='word_1_147' title='bbox 1385 2144 1494 2213; x_wconf 90' lang='lat' dir='ltr'>alium</span> <span class='ocrx_word' id='word_1_148' title='bbox 1518 2147 1660 2214; x_wconf 89' lang='lat' dir='ltr'>brebem</span> <span class='ocrx_word' id='word_1_149' title='bbox 1683 2146 1934 2231; x_wconf 89' lang='grc'><strong>66666166166</strong></span> <span class='ocrx_word' id='word_1_150' title='bbox 1957 2147 2117 2234; x_wconf 88' lang='lat' dir='ltr'>ecclesie,</span> <span class='ocrx_word' id='word_1_151' title='bbox 2141 2150 2178 2216; x_wconf 93' lang='lat' dir='ltr'><strong>et</strong></span> 
     </span>
     <span class='ocr_line' id='line_1_12' title="bbox 326 2288 2177 2387; baseline 0.003 -24"><span class='ocrx_word' id='word_1_152' title='bbox 326 2297 427 2364; x_wconf 91' lang='lat' dir='ltr'>modo</span> <span class='ocrx_word' id='word_1_153' title='bbox 450 2317 514 2385; x_wconf 91' lang='lat' dir='ltr'><strong>per</strong></span> <span class='ocrx_word' id='word_1_154' title='bbox 539 2301 837 2369; x_wconf 90' lang='lat' dir='ltr'>combenientiam</span> <span class='ocrx_word' id='word_1_155' title='bbox 863 2318 925 2386; x_wconf 89' lang='lat' dir='ltr'><strong>per</strong></span> <span class='ocrx_word' id='word_1_156' title='bbox 950 2301 1017 2366; x_wconf 88' lang='lat' dir='ltr'>isto</span> <span class='ocrx_word' id='word_1_157' title='bbox 1040 2300 1183 2366; x_wconf 88' lang='lat' dir='ltr'>brebem</span> <span class='ocrx_word' id='word_1_158' title='bbox 1208 2296 1289 2365; x_wconf 92' lang='lat' dir='ltr'>illut</span> <span class='ocrx_word' id='word_1_159' title='bbox 1313 2296 1428 2365; x_wconf 89' lang='lat' dir='ltr'>eidem</span> <span class='ocrx_word' id='word_1_160' title='bbox 1445 2297 1593 2366; x_wconf 87' lang='lat' dir='ltr'>iohanni</span> <span class='ocrx_word' id='word_1_161' title='bbox 1611 2297 1742 2366; x_wconf 85' lang='lat' dir='ltr'>tradidi</span> <span class='ocrx_word' id='word_1_162' title='bbox 1759 2316 1842 2365; x_wconf 92' lang='lat' dir='ltr'>cum</span> <span class='ocrx_word' id='word_1_163' title='bbox 1858 2299 1933 2367; x_wconf 92' lang='lat' dir='ltr'>vice</span> <span class='ocrx_word' id='word_1_164' title='bbox 1948 2299 1991 2367; x_wconf 92' lang='lat' dir='ltr'>de</span> <span class='ocrx_word' id='word_1_165' title='bbox 2014 2300 2075 2367; x_wconf 89' lang='lat' dir='ltr'><strong>bia</strong></span> <span class='ocrx_word' id='word_1_166' title='bbox 2099 2288 2177 2387; x_wconf 80' lang='lat' dir='ltr'>sua,</span> 
     </span>
     <span class='ocr_line' id='line_1_13' title="bbox 324 2449 2173 2537; baseline 0.002 -21"><span class='ocrx_word' id='word_1_167' title='bbox 324 2467 397 2518; x_wconf 88' lang='grc'><strong>666</strong></span> <span class='ocrx_word' id='word_1_168' title='bbox 421 2468 557 2518; x_wconf 89' lang='grc'><strong>66666</strong></span> <span class='ocrx_word' id='word_1_169' title='bbox 583 2457 674 2520; x_wconf 86' lang='grc'><strong>66661</strong></span> <span class='ocrx_word' id='word_1_170' title='bbox 696 2456 837 2521; x_wconf 86' lang='grc'><strong>666166</strong></span> <span class='ocrx_word' id='word_1_171' title='bbox 861 2449 966 2518; x_wconf 84' lang='lat' dir='ltr'>iudex</span> <span class='ocrx_word' id='word_1_172' title='bbox 989 2451 1178 2519; x_wconf 86' lang='lat' dir='ltr'>advocator</span> <span class='ocrx_word' id='word_1_173' title='bbox 1203 2450 1315 2537; x_wconf 90' lang='lat' dir='ltr'>ipsius</span> <span class='ocrx_word' id='word_1_174' title='bbox 1338 2450 1498 2524; x_wconf 85' lang='lat' dir='ltr'>ecclesie.</span> <span class='ocrx_word' id='word_1_175' title='bbox 1523 2451 1590 2519; x_wconf 90' lang='lat' dir='ltr'>tali</span> <span class='ocrx_word' id='word_1_176' title='bbox 1607 2450 1807 2537; x_wconf 73' lang='lat' dir='ltr'>herbinam,</span> <span class='ocrx_word' id='word_1_177' title='bbox 1825 2455 1863 2519; x_wconf 90' lang='lat' dir='ltr'>ut</span> <span class='ocrx_word' id='word_1_178' title='bbox 1881 2452 2006 2520; x_wconf 90' lang='lat' dir='ltr'>amodo</span> <span class='ocrx_word' id='word_1_179' title='bbox 2023 2457 2058 2520; x_wconf 93' lang='lat' dir='ltr'><strong>et</strong></span> <span class='ocrx_word' id='word_1_180' title='bbox 2082 2469 2173 2520; x_wconf 91' lang='lat' dir='ltr'>sem-</span> 
     </span>
     <span class='ocr_line' id='line_1_14' title="bbox 324 2603 2173 2693; baseline 0.003 -23"><span class='ocrx_word' id='word_1_181' title='bbox 324 2621 385 2690; x_wconf 87' lang='lat' dir='ltr'><strong>per</strong></span> <span class='ocrx_word' id='word_1_182' title='bbox 403 2603 447 2674; x_wconf 88' lang='lat' dir='ltr'><strong>ad</strong></span> <span class='ocrx_word' id='word_1_183' title='bbox 462 2623 528 2673; x_wconf 89' lang='lat' dir='ltr'><strong>sua</strong></span> <span class='ocrx_word' id='word_1_184' title='bbox 544 2610 580 2674; x_wconf 91' lang='lat' dir='ltr'><strong>et</strong></span> <span class='ocrx_word' id='word_1_185' title='bbox 596 2605 639 2673; x_wconf 90' lang='lat' dir='ltr'>de</span> <span class='ocrx_word' id='word_1_186' title='bbox 655 2607 730 2672; x_wconf 92' lang='lat' dir='ltr'>suis</span> <span class='ocrx_word' id='word_1_187' title='bbox 747 2606 948 2689; x_wconf 88' lang='lat' dir='ltr'>heredibus,</span> <span class='ocrx_word' id='word_1_188' title='bbox 974 2612 1075 2674; x_wconf 88' lang='lat' dir='ltr'>natos</span> <span class='ocrx_word' id='word_1_189' title='bbox 1099 2613 1300 2693; x_wconf 88' lang='lat' dir='ltr'>nascentes,</span> <span class='ocrx_word' id='word_1_190' title='bbox 1324 2605 1398 2673; x_wconf 91' lang='lat' dir='ltr'>sint</span> <span class='ocrx_word' id='word_1_191' title='bbox 1421 2607 1604 2692; x_wconf 89' lang='lat' dir='ltr'>potestatis</span> <span class='ocrx_word' id='word_1_192' title='bbox 1628 2605 1708 2673; x_wconf 93' lang='lat' dir='ltr'>illut</span> <span class='ocrx_word' id='word_1_193' title='bbox 1731 2605 1917 2674; x_wconf 90' lang='lat' dir='ltr'>tenendum</span> <span class='ocrx_word' id='word_1_194' title='bbox 1932 2613 1968 2674; x_wconf 90' lang='lat' dir='ltr'><strong>et</strong></span> <span class='ocrx_word' id='word_1_195' title='bbox 1983 2607 2173 2678; x_wconf 88' lang='lat' dir='ltr'>dominan-</span> 
     </span>
    </p>

    <p class='ocr_par' dir='ltr' id='par_1_3' title="bbox 329 2713 2266 5622">
     <span class='ocr_line' id='line_1_15' title="bbox 329 2713 2266 2848; baseline 0.003 -24"><span class='ocrx_word' id='word_1_196' title='bbox 329 2755 426 2844; x_wconf 92' lang='lat' dir='ltr'>dum,</span> <span class='ocrx_word' id='word_1_197' title='bbox 462 2759 560 2826; x_wconf 86' lang='lat' dir='ltr'>sobee</span> <span class='ocrx_word' id='word_1_198' title='bbox 583 2765 619 2826; x_wconf 91' lang='lat' dir='ltr'><strong>et</strong></span> <span class='ocrx_word' id='word_1_199' title='bbox 643 2762 760 2826; x_wconf 91' lang='lat' dir='ltr'>omnis</span> <span class='ocrx_word' id='word_1_200' title='bbox 783 2778 846 2827; x_wconf 90' lang='lat' dir='ltr'><strong>sue</strong></span> <span class='ocrx_word' id='word_1_201' title='bbox 870 2758 1039 2828; x_wconf 82' lang='lat' dir='ltr'>utilitatis</span> <span class='ocrx_word' id='word_1_202' title='bbox 1063 2759 1113 2826; x_wconf 91' lang='lat' dir='ltr'><strong>ibi</strong></span> <span class='ocrx_word' id='word_1_203' title='bbox 1138 2759 1356 2828; x_wconf 89' lang='grc'><strong>1666666161</strong></span> <span class='ocrx_word' id='word_1_204' title='bbox 1379 2759 1532 2827; x_wconf 90' lang='grc'><strong>6611166</strong></span> <span class='ocrx_word' id='word_1_205' title='bbox 1548 2760 1599 2826; x_wconf 92' lang='lat' dir='ltr'><strong>ibi</strong></span> <span class='ocrx_word' id='word_1_206' title='bbox 1615 2761 1744 2847; x_wconf 84' lang='lat' dir='ltr'>lacere,</span> <span class='ocrx_word' id='word_1_207' title='bbox 1761 2765 1797 2826; x_wconf 92' lang='lat' dir='ltr'><strong>et</strong></span> <span class='ocrx_word' id='word_1_208' title='bbox 1813 2760 1888 2828; x_wconf 88' lang='lat' dir='ltr'>sibe</span> <span class='ocrx_word' id='word_1_209' title='bbox 1906 2758 1991 2848; x_wconf 91' lang='lat' dir='ltr'>illis,</span> <span class='ocrx_word' id='word_1_210' title='bbox 2009 2763 2085 2830; x_wconf 88' lang='lat' dir='ltr'>sibe</span> <span class='ocrx_word' id='word_1_211' title='bbox 2103 2779 2180 2831; x_wconf 93' lang='lat' dir='ltr'><strong>omo</strong></span> <span class='ocrx_word' id='word_1_212' title='bbox 2264 2713 2266 2718; x_wconf 23' lang='grc' dir='ltr'>Ι</span> 
     </span>
     <span class='ocr_line' id='line_1_16' title="bbox 332 2909 2180 3001; baseline 0.002 -23"><span class='ocrx_word' id='word_1_213' title='bbox 332 2911 424 2997; x_wconf 93' lang='lat' dir='ltr'>quod</span> <span class='ocrx_word' id='word_1_214' title='bbox 448 2909 498 2978; x_wconf 93' lang='lat' dir='ltr'><strong>ibi</strong></span> <span class='ocrx_word' id='word_1_215' title='bbox 522 2912 673 2997; x_wconf 89' lang='lat' dir='ltr'>miserit,</span> <span class='ocrx_word' id='word_1_216' title='bbox 700 2913 748 2980; x_wconf 93' lang='lat' dir='ltr'><strong>ibi</strong></span> <span class='ocrx_word' id='word_1_217' title='bbox 774 2913 930 2982; x_wconf 88' lang='lat' dir='ltr'>residere</span> <span class='ocrx_word' id='word_1_218' title='bbox 953 2919 990 2980; x_wconf 90' lang='lat' dir='ltr'><strong>et</strong></span> <span class='ocrx_word' id='word_1_219' title='bbox 1012 2911 1162 2998; x_wconf 89' lang='lat' dir='ltr'>abitare,</span> <span class='ocrx_word' id='word_1_220' title='bbox 1187 2917 1222 2979; x_wconf 90' lang='grc'><strong>61</strong></span> <span class='ocrx_word' id='word_1_221' title='bbox 1245 2912 1385 2980; x_wconf 91' lang='lat' dir='ltr'>salbum</span> <span class='ocrx_word' id='word_1_222' title='bbox 1409 2911 1488 2978; x_wconf 91' lang='lat' dir='ltr'>illut</span> <span class='ocrx_word' id='word_1_223' title='bbox 1509 2911 1638 2998; x_wconf 87' lang='grc'><strong>166666,</strong></span> <span class='ocrx_word' id='word_1_224' title='bbox 1663 2915 1698 2979; x_wconf 90' lang='grc'><strong>61</strong></span> <span class='ocrx_word' id='word_1_225' title='bbox 1720 2911 1805 2979; x_wconf 86' lang='grc'><strong>16116</strong></span> <span class='ocrx_word' id='word_1_226' title='bbox 1836 2913 1993 2980; x_wconf 87' lang='lat' dir='ltr'>arbustis</span> <span class='ocrx_word' id='word_1_227' title='bbox 2022 2913 2065 2981; x_wconf 92' lang='grc'><strong>16</strong></span> <span class='ocrx_word' id='word_1_228' title='bbox 2100 2913 2180 3001; x_wconf 90' lang='grc'><strong>1666</strong></span> 
     </span>
     <span class='ocr_line' id='line_1_17' title="bbox 329 3062 2180 3152; baseline 0.001 -20"><span class='ocrx_word' id='word_1_229' title='bbox 329 3063 526 3133; x_wconf 87' lang='lat' dir='ltr'>traditione</span> <span class='ocrx_word' id='word_1_230' title='bbox 550 3063 756 3134; x_wconf 86' lang='lat' dir='ltr'>annualiter</span> <span class='ocrx_word' id='word_1_231' title='bbox 780 3070 862 3152; x_wconf 88' lang='grc'><strong>6616</strong></span> <span class='ocrx_word' id='word_1_232' title='bbox 885 3069 1039 3150; x_wconf 89' lang='lat' dir='ltr'>tempore</span> <span class='ocrx_word' id='word_1_233' title='bbox 1062 3064 1243 3134; x_wconf 87' lang='lat' dir='ltr'>laboraret</span> <span class='ocrx_word' id='word_1_234' title='bbox 1265 3062 1307 3130; x_wconf 91' lang='lat' dir='ltr'>de</span> <span class='ocrx_word' id='word_1_235' title='bbox 1330 3081 1436 3150; x_wconf 90' lang='lat' dir='ltr'>super</span> <span class='ocrx_word' id='word_1_236' title='bbox 1459 3064 1559 3132; x_wconf 90' lang='lat' dir='ltr'>etde</span> <span class='ocrx_word' id='word_1_237' title='bbox 1582 3069 1727 3152; x_wconf 90' lang='lat' dir='ltr'>supter,</span> <span class='ocrx_word' id='word_1_238' title='bbox 1764 3065 1856 3133; x_wconf 91' lang='lat' dir='ltr'>sicut</span> <span class='ocrx_word' id='word_1_239' title='bbox 1879 3064 1975 3132; x_wconf 90' lang='grc'><strong>16666</strong></span> <span class='ocrx_word' id='word_1_240' title='bbox 2008 3065 2084 3152; x_wconf 90' lang='grc'><strong>1666</strong></span> <span class='ocrx_word' id='word_1_241' title='bbox 2109 3085 2180 3136; x_wconf 91' lang='lat' dir='ltr'>me·</span> 
     </span>
     <span class='ocr_line' id='line_1_18' title="bbox 331 3179 2181 3308; baseline 0.002 -24"><span class='ocrx_word' id='word_1_242' title='bbox 331 3221 462 3305; x_wconf 91' lang='lat' dir='ltr'>ruerit;</span> <span class='ocrx_word' id='word_1_243' title='bbox 486 3179 536 3304; x_wconf 84' lang='grc'><strong>61,</strong></span> <span class='ocrx_word' id='word_1_244' title='bbox 561 3219 622 3286; x_wconf 92' lang='lat' dir='ltr'><strong>ubi</strong></span> <span class='ocrx_word' id='word_1_245' title='bbox 647 3221 832 3308; x_wconf 82' lang='lat' dir='ltr'>meruerit,</span> <span class='ocrx_word' id='word_1_246' title='bbox 856 3219 1001 3288; x_wconf 87' lang='lat' dir='ltr'>arbores</span> <span class='ocrx_word' id='word_1_247' title='bbox 1023 3220 1059 3283; x_wconf 93' lang='lat' dir='ltr'><strong>et</strong></span> <span class='ocrx_word' id='word_1_248' title='bbox 1085 3215 1174 3284; x_wconf 88' lang='lat' dir='ltr'>vites</span> <span class='ocrx_word' id='word_1_249' title='bbox 1197 3216 1408 3303; x_wconf 87' lang='lat' dir='ltr'>planctaret,</span> <span class='ocrx_word' id='word_1_250' title='bbox 1433 3221 1469 3285; x_wconf 93' lang='grc'><strong>61</strong></span> <span class='ocrx_word' id='word_1_251' title='bbox 1492 3219 1705 3305; x_wconf 86' lang='lat' dir='ltr'>propagines</span> <span class='ocrx_word' id='word_1_252' title='bbox 1727 3219 1876 3289; x_wconf 89' lang='lat' dir='ltr'>traieret</span> <span class='ocrx_word' id='word_1_253' title='bbox 1897 3223 1935 3287; x_wconf 88' lang='lat' dir='ltr'><strong>et</strong></span> <span class='ocrx_word' id='word_1_254' title='bbox 1958 3219 2125 3307; x_wconf 85' lang='lat' dir='ltr'>surieret,</span> <span class='ocrx_word' id='word_1_255' title='bbox 2143 3227 2181 3290; x_wconf 90' lang='lat' dir='ltr'><strong>et</strong></span> 
     </span>
     <span class='ocr_line' id='line_1_19' title="bbox 332 3343 2182 3466; baseline 0.002 -26"><span class='ocrx_word' id='word_1_256' title='bbox 332 3373 383 3440; x_wconf 88' lang='lat' dir='ltr'><strong>sic</strong></span> <span class='ocrx_word' id='word_1_257' title='bbox 408 3374 491 3444; x_wconf 89' lang='lat' dir='ltr'>illut</span> <span class='ocrx_word' id='word_1_258' title='bbox 514 3375 669 3444; x_wconf 89' lang='grc'><strong>66116661</strong></span> <span class='ocrx_word' id='word_1_259' title='bbox 690 3374 897 3443; x_wconf 84' lang='lat' dir='ltr'>annualiter</span> <span class='ocrx_word' id='word_1_260' title='bbox 921 3377 956 3441; x_wconf 91' lang='lat' dir='ltr'><strong>et</strong></span> <span class='ocrx_word' id='word_1_261' title='bbox 978 3343 1205 3458; x_wconf 89' lang='lat' dir='ltr'>hoperarent,</span> <span class='ocrx_word' id='word_1_262' title='bbox 1230 3377 1270 3439; x_wconf 91' lang='lat' dir='ltr'>ut</span> <span class='ocrx_word' id='word_1_263' title='bbox 1293 3391 1430 3459; x_wconf 88' lang='lat' dir='ltr'>semper</span> <span class='ocrx_word' id='word_1_264' title='bbox 1447 3375 1485 3440; x_wconf 93' lang='lat' dir='ltr'><strong>in</strong></span> <span class='ocrx_word' id='word_1_265' title='bbox 1502 3375 1629 3443; x_wconf 90' lang='lat' dir='ltr'>melius</span> <span class='ocrx_word' id='word_1_266' title='bbox 1643 3375 1815 3461; x_wconf 87' lang='lat' dir='ltr'>proficiad</span> <span class='ocrx_word' id='word_1_267' title='bbox 1838 3381 1874 3443; x_wconf 91' lang='lat' dir='ltr'><strong>et</strong></span> <span class='ocrx_word' id='word_1_268' title='bbox 1890 3393 1960 3443; x_wconf 93' lang='lat' dir='ltr'><strong>non</strong></span> <span class='ocrx_word' id='word_1_269' title='bbox 1978 3375 2182 3466; x_wconf 85' lang='lat' dir='ltr'>disperead,</span> 
     </span>
     <span class='ocr_line' id='line_1_20' title="bbox 335 3498 2184 3615; baseline 0 -19"><span class='ocrx_word' id='word_1_270' title='bbox 335 3533 371 3598; x_wconf 92' lang='lat' dir='ltr'><strong>et</strong></span> <span class='ocrx_word' id='word_1_271' title='bbox 394 3529 524 3596; x_wconf 92' lang='lat' dir='ltr'>bonum</span> <span class='ocrx_word' id='word_1_272' title='bbox 549 3527 681 3615; x_wconf 90' lang='lat' dir='ltr'>paread</span> <span class='ocrx_word' id='word_1_273' title='bbox 705 3527 969 3596; x_wconf 83' lang='lat' dir='ltr'>laboratumet</span> <span class='ocrx_word' id='word_1_274' title='bbox 992 3524 1202 3611; x_wconf 81' lang='lat' dir='ltr'>studiatum3</span> <span class='ocrx_word' id='word_1_275' title='bbox 1225 3527 1261 3592; x_wconf 89' lang='grc'><strong>61</strong></span> <span class='ocrx_word' id='word_1_276' title='bbox 1285 3498 1491 3593; x_wconf 81' lang='lat' dir='ltr'>annualiter</span> <span class='ocrx_word' id='word_1_277' title='bbox 1514 3543 1577 3612; x_wconf 93' lang='lat' dir='ltr'><strong>per</strong></span> <span class='ocrx_word' id='word_1_278' title='bbox 1600 3525 1777 3594; x_wconf 85' lang='lat' dir='ltr'>vindemie</span> <span class='ocrx_word' id='word_1_279' title='bbox 1792 3527 1883 3595; x_wconf 90' lang='lat' dir='ltr'>scire</span> <span class='ocrx_word' id='word_1_280' title='bbox 1898 3527 2035 3596; x_wconf 88' lang='grc'><strong>1661661</strong></span> <span class='ocrx_word' id='word_1_281' title='bbox 2051 3547 2107 3597; x_wconf 90' lang='grc'><strong>66</strong></span> <span class='ocrx_word' id='word_1_282' title='bbox 2125 3529 2184 3599; x_wconf 92' lang='lat' dir='ltr'>vel</span> 
     </span>
     <span class='ocr_line' id='line_1_21' title="bbox 330 3675 2185 3773; baseline -0.002 -18"><span class='ocrx_word' id='word_1_283' title='bbox 330 3704 417 3773; x_wconf 91' lang='lat' dir='ltr'>pars</span> <span class='ocrx_word' id='word_1_284' title='bbox 440 3683 555 3772; x_wconf 89' lang='lat' dir='ltr'>ipsius</span> <span class='ocrx_word' id='word_1_285' title='bbox 579 3683 738 3770; x_wconf 86' lang='lat' dir='ltr'>ecclesie,</span> <span class='ocrx_word' id='word_1_286' title='bbox 754 3685 794 3749; x_wconf 90' lang='lat' dir='ltr'>ut</span> <span class='ocrx_word' id='word_1_287' title='bbox 806 3678 891 3746; x_wconf 90' lang='lat' dir='ltr'>illuc</span> <span class='ocrx_word' id='word_1_288' title='bbox 914 3694 1102 3765; x_wconf 86' lang='lat' dir='ltr'>pergamus</span> <span class='ocrx_word' id='word_1_289' title='bbox 1130 3675 1418 3765; x_wconf 85' lang='lat' dir='ltr'>autdirigamus</span> <span class='ocrx_word' id='word_1_290' title='bbox 1441 3678 1588 3748; x_wconf 90' lang='lat' dir='ltr'>missum</span> <span class='ocrx_word' id='word_1_291' title='bbox 1611 3683 1782 3756; x_wconf 88' lang='lat' dir='ltr'>nostrum,</span> <span class='ocrx_word' id='word_1_292' title='bbox 1808 3684 1844 3749; x_wconf 92' lang='lat' dir='ltr'><strong>et</strong></span> <span class='ocrx_word' id='word_1_293' title='bbox 1872 3679 1944 3748; x_wconf 88' lang='lat' dir='ltr'>illis</span> <span class='ocrx_word' id='word_1_294' title='bbox 1967 3681 2053 3748; x_wconf 89' lang='grc'><strong>16116</strong></span> <span class='ocrx_word' id='word_1_295' title='bbox 2077 3683 2185 3752; x_wconf 87' lang='lat' dir='ltr'>arbu-</span> 
     </span>
     <span class='ocr_line' id='line_1_22' title="bbox 329 3832 2185 3928; baseline -0.004 -17"><span class='ocrx_word' id='word_1_296' title='bbox 329 3844 395 3911; x_wconf 89' lang='lat' dir='ltr'>stis</span> <span class='ocrx_word' id='word_1_297' title='bbox 424 3842 466 3910; x_wconf 91' lang='lat' dir='ltr'>de</span> <span class='ocrx_word' id='word_1_298' title='bbox 491 3844 567 3928; x_wconf 88' lang='lat' dir='ltr'>ipsa</span> <span class='ocrx_word' id='word_1_299' title='bbox 589 3839 783 3910; x_wconf 87' lang='lat' dir='ltr'>traditione</span> <span class='ocrx_word' id='word_1_300' title='bbox 806 3839 879 3904; x_wconf 90' lang='lat' dir='ltr'>suis</span> <span class='ocrx_word' id='word_1_301' title='bbox 904 3835 1121 3922; x_wconf 89' lang='lat' dir='ltr'>temporibus</span> <span class='ocrx_word' id='word_1_302' title='bbox 1146 3834 1409 3906; x_wconf 86' lang='lat' dir='ltr'>vindemiarent</span> <span class='ocrx_word' id='word_1_303' title='bbox 1431 3837 1533 3906; x_wconf 88' lang='lat' dir='ltr'>etad</span> <span class='ocrx_word' id='word_1_304' title='bbox 1556 3836 1775 3922; x_wconf 89' lang='grc'><strong>661666166</strong></span> <span class='ocrx_word' id='word_1_305' title='bbox 1798 3839 2030 3922; x_wconf 84' lang='grc'><strong>6666666661;</strong></span> <span class='ocrx_word' id='word_1_306' title='bbox 2067 3839 2104 3903; x_wconf 90' lang='grc'><strong>61</strong></span> <span class='ocrx_word' id='word_1_307' title='bbox 2140 3832 2185 3902; x_wconf 90' lang='grc'><strong>16</strong></span> 
     </span>
     <span class='ocr_line' id='line_1_23' title="bbox 332 3985 2185 4080; baseline -0.003 -19"><span class='ocrx_word' id='word_1_308' title='bbox 332 3995 449 4063; x_wconf 89' lang='grc'><strong>66616</strong></span> <span class='ocrx_word' id='word_1_309' title='bbox 473 3997 596 4061; x_wconf 93' lang='lat' dir='ltr'>vinum</span> <span class='ocrx_word' id='word_1_310' title='bbox 621 3992 713 4080; x_wconf 90' lang='lat' dir='ltr'>quod</span> <span class='ocrx_word' id='word_1_311' title='bbox 737 3991 820 4059; x_wconf 91' lang='lat' dir='ltr'>inde</span> <span class='ocrx_word' id='word_1_312' title='bbox 844 3987 987 4077; x_wconf 86' lang='lat' dir='ltr'>exierit,</span> <span class='ocrx_word' id='word_1_313' title='bbox 1011 3988 1119 4057; x_wconf 88' lang='grc'><strong>161161</strong></span> <span class='ocrx_word' id='word_1_314' title='bbox 1144 4005 1228 4075; x_wconf 88' lang='grc'><strong>6666</strong></span> <span class='ocrx_word' id='word_1_315' title='bbox 1251 3986 1362 4074; x_wconf 88' lang='grc'><strong>166166</strong></span> <span class='ocrx_word' id='word_1_316' title='bbox 1385 3986 1531 4056; x_wconf 89' lang='lat' dir='ltr'>ecclesie</span> <span class='ocrx_word' id='word_1_317' title='bbox 1556 3989 1674 4074; x_wconf 92' lang='lat' dir='ltr'>ibique</span> <span class='ocrx_word' id='word_1_318' title='bbox 1697 3987 1742 4056; x_wconf 95' lang='grc'><strong>61</strong></span> <span class='ocrx_word' id='word_1_319' title='bbox 1767 3987 1987 4073; x_wconf 87' lang='grc'><strong>661666166</strong></span> <span class='ocrx_word' id='word_1_320' title='bbox 2011 3985 2185 4057; x_wconf 89' lang='grc'><strong>6611616·</strong></span> 
     </span>
     <span class='ocr_line' id='line_1_24' title="bbox 332 4135 2181 4234; baseline -0.005 -17"><span class='ocrx_word' id='word_1_321' title='bbox 332 4153 416 4234; x_wconf 90' lang='lat' dir='ltr'>tem,</span> <span class='ocrx_word' id='word_1_322' title='bbox 441 4150 477 4214; x_wconf 91' lang='lat' dir='ltr'><strong>et</strong></span> <span class='ocrx_word' id='word_1_323' title='bbox 500 4145 573 4214; x_wconf 93' lang='lat' dir='ltr'>illis</span> <span class='ocrx_word' id='word_1_324' title='bbox 596 4146 832 4233; x_wconf 88' lang='grc'><strong>6611616166,</strong></span> <span class='ocrx_word' id='word_1_325' title='bbox 858 4149 894 4214; x_wconf 93' lang='grc'><strong>61</strong></span> <span class='ocrx_word' id='word_1_326' title='bbox 917 4147 994 4230; x_wconf 89' lang='grc'><strong>1666</strong></span> <span class='ocrx_word' id='word_1_327' title='bbox 1018 4143 1172 4212; x_wconf 89' lang='grc'><strong>66611666</strong></span> <span class='ocrx_word' id='word_1_328' title='bbox 1197 4139 1308 4227; x_wconf 88' lang='lat' dir='ltr'>ipsius</span> <span class='ocrx_word' id='word_1_329' title='bbox 1329 4136 1475 4207; x_wconf 90' lang='lat' dir='ltr'>ecclesie</span> <span class='ocrx_word' id='word_1_330' title='bbox 1498 4138 1542 4206; x_wconf 90' lang='grc'><strong>(16</strong></span> <span class='ocrx_word' id='word_1_331' title='bbox 1565 4135 1640 4224; x_wconf 88' lang='grc'><strong>1666</strong></span> <span class='ocrx_word' id='word_1_332' title='bbox 1663 4138 1787 4205; x_wconf 83' lang='grc'><strong>61666</strong></span> <span class='ocrx_word' id='word_1_333' title='bbox 1800 4187 1811 4224; x_wconf 92' lang='grc'><strong>,</strong></span> <span class='ocrx_word' id='word_1_334' title='bbox 1845 4140 1912 4204; x_wconf 91' lang='lat' dir='ltr'>hoc</span> <span class='ocrx_word' id='word_1_335' title='bbox 1935 4140 1989 4206; x_wconf 90' lang='lat' dir='ltr'><strong>est</strong></span> <span class='ocrx_word' id='word_1_336' title='bbox 2012 4137 2181 4208; x_wconf 89' lang='lat' dir='ltr'>medieta-</span> 
     </span>
     <span class='ocr_line' id='line_1_25' title="bbox 335 4291 2176 4387; baseline -0.005 -19"><span class='ocrx_word' id='word_1_337' title='bbox 335 4305 419 4387; x_wconf 89' lang='lat' dir='ltr'>tem,</span> <span class='ocrx_word' id='word_1_338' title='bbox 445 4299 517 4368; x_wconf 91' lang='lat' dir='ltr'>illis</span> <span class='ocrx_word' id='word_1_339' title='bbox 539 4299 695 4386; x_wconf 90' lang='lat' dir='ltr'>reponad</span> <span class='ocrx_word' id='word_1_340' title='bbox 718 4317 781 4385; x_wconf 92' lang='lat' dir='ltr'><strong>per</strong></span> <span class='ocrx_word' id='word_1_341' title='bbox 805 4315 940 4366; x_wconf 88' lang='lat' dir='ltr'>annum</span> <span class='ocrx_word' id='word_1_342' title='bbox 964 4297 1003 4364; x_wconf 93' lang='lat' dir='ltr'><strong>in</strong></span> <span class='ocrx_word' id='word_1_343' title='bbox 1027 4296 1139 4364; x_wconf 92' lang='grc'><strong>661116</strong></span> <span class='ocrx_word' id='word_1_344' title='bbox 1162 4294 1312 4381; x_wconf 87' lang='lat' dir='ltr'>indeque</span> <span class='ocrx_word' id='word_1_345' title='bbox 1337 4293 1374 4359; x_wconf 92' lang='lat' dir='ltr'><strong>in</strong></span> <span class='ocrx_word' id='word_1_346' title='bbox 1398 4309 1555 4378; x_wconf 89' lang='lat' dir='ltr'>organea</span> <span class='ocrx_word' id='word_1_347' title='bbox 1578 4291 1624 4360; x_wconf 91' lang='grc'><strong>16</strong></span> <span class='ocrx_word' id='word_1_348' title='bbox 1647 4291 1782 4377; x_wconf 90' lang='lat' dir='ltr'>vinum,</span> <span class='ocrx_word' id='word_1_349' title='bbox 1799 4310 1868 4377; x_wconf 92' lang='lat' dir='ltr'>que</span> <span class='ocrx_word' id='word_1_350' title='bbox 1892 4291 2012 4380; x_wconf 90' lang='lat' dir='ltr'>ibique</span> <span class='ocrx_word' id='word_1_351' title='bbox 2030 4291 2176 4362; x_wconf 91' lang='lat' dir='ltr'>illorum</span> 
     </span>
     <span class='ocr_line' id='line_1_26' title="bbox 332 4444 2180 4540; baseline -0.004 -20"><span class='ocrx_word' id='word_1_352' title='bbox 332 4453 549 4539; x_wconf 90' lang='lat' dir='ltr'>dederimus,</span> <span class='ocrx_word' id='word_1_353' title='bbox 573 4469 641 4540; x_wconf 88' lang='lat' dir='ltr'>que</span> <span class='ocrx_word' id='word_1_354' title='bbox 665 4470 727 4538; x_wconf 89' lang='lat' dir='ltr'><strong>per</strong></span> <span class='ocrx_word' id='word_1_355' title='bbox 752 4451 822 4518; x_wconf 88' lang='lat' dir='ltr'>illis</span> <span class='ocrx_word' id='word_1_356' title='bbox 845 4449 893 4518; x_wconf 88' lang='lat' dir='ltr'><strong>sit</strong></span> <span class='ocrx_word' id='word_1_357' title='bbox 915 4452 1007 4520; x_wconf 89' lang='lat' dir='ltr'>bona</span> <span class='ocrx_word' id='word_1_358' title='bbox 1028 4449 1193 4517; x_wconf 89' lang='grc'><strong>66661616</strong></span> <span class='ocrx_word' id='word_1_359' title='bbox 1215 4453 1251 4516; x_wconf 87' lang='grc'><strong>61</strong></span> <span class='ocrx_word' id='word_1_360' title='bbox 1274 4445 1444 4532; x_wconf 90' lang='grc'><strong>61611616,</strong></span> <span class='ocrx_word' id='word_1_361' title='bbox 1468 4450 1504 4512; x_wconf 89' lang='grc'><strong>61</strong></span> <span class='ocrx_word' id='word_1_362' title='bbox 1528 4444 1756 4530; x_wconf 88' lang='grc'><strong>16666611666</strong></span> <span class='ocrx_word' id='word_1_363' title='bbox 1781 4445 1903 4512; x_wconf 91' lang='lat' dir='ltr'>vinum</span> <span class='ocrx_word' id='word_1_364' title='bbox 1927 4445 2037 4532; x_wconf 90' lang='lat' dir='ltr'>ipsius</span> <span class='ocrx_word' id='word_1_365' title='bbox 2068 4444 2180 4515; x_wconf 90' lang='lat' dir='ltr'>ecole-</span> 
     </span>
     <span class='ocr_line' id='line_1_27' title="bbox 330 4598 2177 4694; baseline -0.003 -18"><span class='ocrx_word' id='word_1_366' title='bbox 330 4609 383 4676; x_wconf 91' lang='lat' dir='ltr'><strong>sie</strong></span> <span class='ocrx_word' id='word_1_367' title='bbox 406 4607 560 4694; x_wconf 88' lang='lat' dir='ltr'>salbum,</span> <span class='ocrx_word' id='word_1_368' title='bbox 584 4605 695 4674; x_wconf 92' lang='lat' dir='ltr'>donec</span> <span class='ocrx_word' id='word_1_369' title='bbox 719 4605 801 4674; x_wconf 90' lang='lat' dir='ltr'>illut</span> <span class='ocrx_word' id='word_1_370' title='bbox 826 4603 907 4672; x_wconf 91' lang='lat' dir='ltr'>inde</span> <span class='ocrx_word' id='word_1_371' title='bbox 929 4601 1096 4672; x_wconf 89' lang='lat' dir='ltr'>tollamus</span> <span class='ocrx_word' id='word_1_372' title='bbox 1119 4604 1252 4687; x_wconf 89' lang='lat' dir='ltr'>absque</span> <span class='ocrx_word' id='word_1_373' title='bbox 1276 4601 1550 4687; x_wconf 86' lang='lat' dir='ltr'>degeneratione</span> <span class='ocrx_word' id='word_1_374' title='bbox 1573 4604 1609 4666; x_wconf 93' lang='lat' dir='ltr'><strong>et</strong></span> <span class='ocrx_word' id='word_1_375' title='bbox 1633 4598 1755 4686; x_wconf 85' lang='lat' dir='ltr'>ignem</span> <span class='ocrx_word' id='word_1_376' title='bbox 1769 4621 1779 4686; x_wconf 90' lang='lat'>;</span> <span class='ocrx_word' id='word_1_377' title='bbox 1814 4603 1850 4668; x_wconf 90' lang='lat' dir='ltr'><strong>et</strong></span> <span class='ocrx_word' id='word_1_378' title='bbox 1884 4600 1967 4668; x_wconf 90' lang='lat' dir='ltr'><strong>dum</strong></span> <span class='ocrx_word' id='word_1_379' title='bbox 2005 4618 2067 4687; x_wconf 94' lang='lat' dir='ltr'>pro</span> <span class='ocrx_word' id='word_1_380' title='bbox 2096 4603 2177 4688; x_wconf 88' lang='grc'><strong>1666</strong></span> 
     </span>
     <span class='ocr_line' id='line_1_28' title="bbox 334 4723 2178 4846; baseline -0.003 -16"><span class='ocrx_word' id='word_1_381' title='bbox 334 4761 515 4830; x_wconf 89' lang='lat' dir='ltr'>vindemia</span> <span class='ocrx_word' id='word_1_382' title='bbox 539 4779 602 4846; x_wconf 89' lang='lat' dir='ltr'><strong>per</strong></span> <span class='ocrx_word' id='word_1_383' title='bbox 624 4777 761 4827; x_wconf 88' lang='grc'><strong>66666</strong></span> <span class='ocrx_word' id='word_1_384' title='bbox 784 4759 833 4828; x_wconf 90' lang='lat' dir='ltr'><strong>ibi</strong></span> <span class='ocrx_word' id='word_1_385' title='bbox 858 4757 999 4826; x_wconf 88' lang='lat' dir='ltr'>steterit</span> <span class='ocrx_word' id='word_1_386' title='bbox 1022 4774 1107 4843; x_wconf 89' lang='lat' dir='ltr'>pars</span> <span class='ocrx_word' id='word_1_387' title='bbox 1130 4757 1243 4843; x_wconf 91' lang='lat' dir='ltr'>ipsius</span> <span class='ocrx_word' id='word_1_388' title='bbox 1266 4757 1425 4842; x_wconf 90' lang='lat' dir='ltr'>ecclesie,</span> <span class='ocrx_word' id='word_1_389' title='bbox 1443 4755 1515 4822; x_wconf 90' lang='lat' dir='ltr'>illis</span> <span class='ocrx_word' id='word_1_390' title='bbox 1530 4723 1593 4823; x_wconf 84' lang='grc'><strong>666</strong></span> <span class='ocrx_word' id='word_1_391' title='bbox 1609 4757 1747 4824; x_wconf 88' lang='grc'><strong>6616166</strong></span> <span class='ocrx_word' id='word_1_392' title='bbox 1762 4757 1956 4825; x_wconf 88' lang='grc'><strong>66666166</strong></span> <span class='ocrx_word' id='word_1_393' title='bbox 1972 4776 2075 4826; x_wconf 89' lang='grc'><strong>6666</strong></span> <span class='ocrx_word' id='word_1_394' title='bbox 2099 4775 2178 4846; x_wconf 90' lang='lat' dir='ltr'>pos·</span> 
     </span>
     <span class='ocr_line' id='line_1_29' title="bbox 333 4905 2181 5018; baseline -0.005 -32"><span class='ocrx_word' id='word_1_395' title='bbox 333 4916 543 4987; x_wconf 81' lang='lat' dir='ltr'>civilitatem</span> <span class='ocrx_word' id='word_1_396' title='bbox 566 4921 603 4985; x_wconf 90' lang='grc'><strong>61</strong></span> <span class='ocrx_word' id='word_1_397' title='bbox 628 4914 885 5003; x_wconf 89' lang='grc'><strong>661666161166</strong></span> <span class='ocrx_word' id='word_1_398' title='bbox 908 4912 1010 4979; x_wconf 92' lang='lat' dir='ltr'>nobis</span> <span class='ocrx_word' id='word_1_399' title='bbox 1032 4911 1147 4999; x_wconf 90' lang='lat' dir='ltr'>daret,</span> <span class='ocrx_word' id='word_1_400' title='bbox 1171 4910 1270 4978; x_wconf 91' lang='lat' dir='ltr'>sicud</span> <span class='ocrx_word' id='word_1_401' title='bbox 1293 4909 1506 4977; x_wconf 86' lang='lat' dir='ltr'>consuetudo</span> <span class='ocrx_word' id='word_1_402' title='bbox 1521 4912 1574 4977; x_wconf 90' lang='lat' dir='ltr'><strong>est</strong></span> <span class='ocrx_word' id='word_1_403' title='bbox 1597 4908 1635 4974; x_wconf 92' lang='lat' dir='ltr'><strong>in</strong></span> <span class='ocrx_word' id='word_1_404' title='bbox 1659 4909 1736 4993; x_wconf 91' lang='grc'><strong>1666</strong></span> <span class='ocrx_word' id='word_1_405' title='bbox 1751 4905 1878 4991; x_wconf 75' lang='lat' dir='ltr'>locum,</span> <span class='ocrx_word' id='word_1_406' title='bbox 1896 4907 1990 5018; x_wconf 87' lang='lat' dir='ltr'>etde</span> <span class='ocrx_word' id='word_1_407' title='bbox 2005 4905 2100 4994; x_wconf 92' lang='lat' dir='ltr'>quod</span> <span class='ocrx_word' id='word_1_408' title='bbox 2118 4926 2181 4994; x_wconf 90' lang='lat' dir='ltr'><strong>per</strong></span> 
     </span>
     <span class='ocr_line' id='line_1_30' title="bbox 333 5060 2177 5155; baseline -0.008 -11"><span class='ocrx_word' id='word_1_409' title='bbox 333 5091 471 5145; x_wconf 89' lang='lat' dir='ltr'>annum</span> <span class='ocrx_word' id='word_1_410' title='bbox 496 5073 546 5138; x_wconf 92' lang='lat' dir='ltr'><strong>ibi</strong></span> <span class='ocrx_word' id='word_1_411' title='bbox 570 5067 839 5155; x_wconf 86' lang='lat' dir='ltr'>seminaberint,</span> <span class='ocrx_word' id='word_1_412' title='bbox 864 5067 1072 5136; x_wconf 89' lang='lat' dir='ltr'>terraticum</span> <span class='ocrx_word' id='word_1_413' title='bbox 1096 5065 1216 5152; x_wconf 89' lang='lat' dir='ltr'>ibique</span> <span class='ocrx_word' id='word_1_414' title='bbox 1239 5064 1284 5133; x_wconf 90' lang='lat' dir='ltr'><strong>ad</strong></span> <span class='ocrx_word' id='word_1_415' title='bbox 1308 5081 1427 5132; x_wconf 89' lang='grc'><strong>66666</strong></span> <span class='ocrx_word' id='word_1_416' title='bbox 1451 5081 1514 5150; x_wconf 88' lang='grc'><strong>666</strong></span> <span class='ocrx_word' id='word_1_417' title='bbox 1537 5080 1674 5131; x_wconf 89' lang='grc'><strong>66666</strong></span> <span class='ocrx_word' id='word_1_418' title='bbox 1697 5060 1741 5130; x_wconf 90' lang='grc'><strong>61</strong></span> <span class='ocrx_word' id='word_1_419' title='bbox 1764 5080 1848 5147; x_wconf 90' lang='grc'><strong>6666</strong></span> <span class='ocrx_word' id='word_1_420' title='bbox 1872 5060 1983 5148; x_wconf 88' lang='grc'><strong>166166</strong></span> <span class='ocrx_word' id='word_1_421' title='bbox 2006 5062 2177 5146; x_wconf 89' lang='grc'><strong>66616616,</strong></span> 
     </span>
     <span class='ocr_line' id='line_1_31' title="bbox 331 5214 2177 5313; baseline -0.006 -19"><span class='ocrx_word' id='word_1_422' title='bbox 331 5245 433 5313; x_wconf 90' lang='lat' dir='ltr'>quem</span> <span class='ocrx_word' id='word_1_423' title='bbox 458 5223 550 5293; x_wconf 88' lang='lat' dir='ltr'>scire</span> <span class='ocrx_word' id='word_1_424' title='bbox 573 5221 737 5306; x_wconf 89' lang='grc'><strong>16666161,</strong></span> <span class='ocrx_word' id='word_1_425' title='bbox 764 5218 846 5287; x_wconf 91' lang='grc'><strong>1616</strong></span> <span class='ocrx_word' id='word_1_426' title='bbox 869 5217 1211 5288; x_wconf 87' lang='grc'><strong>16666166666166</strong></span> <span class='ocrx_word' id='word_1_427' title='bbox 1235 5216 1448 5284; x_wconf 89' lang='grc'><strong>6666661616</strong></span> <span class='ocrx_word' id='word_1_428' title='bbox 1472 5218 1584 5304; x_wconf 88' lang='grc'><strong>166166</strong></span> <span class='ocrx_word' id='word_1_429' title='bbox 1600 5214 1697 5301; x_wconf 88' lang='grc'><strong>16616,</strong></span> <span class='ocrx_word' id='word_1_430' title='bbox 1715 5219 1750 5282; x_wconf 89' lang='grc'><strong>61</strong></span> <span class='ocrx_word' id='word_1_431' title='bbox 1767 5219 1879 5284; x_wconf 90' lang='grc'><strong>16166</strong></span> <span class='ocrx_word' id='word_1_432' title='bbox 1896 5218 1971 5302; x_wconf 92' lang='lat' dir='ltr'>ipso</span> <span class='ocrx_word' id='word_1_433' title='bbox 1995 5215 2086 5286; x_wconf 90' lang='lat' dir='ltr'>aliut</span> <span class='ocrx_word' id='word_1_434' title='bbox 2110 5217 2177 5285; x_wconf 90' lang='lat' dir='ltr'>sivi</span> 
     </span>
     <span class='ocr_line' id='line_1_32' title="bbox 335 5366 2182 5463; baseline -0.006 -14"><span class='ocrx_word' id='word_1_435' title='bbox 335 5381 526 5462; x_wconf 83' lang='lat' dir='ltr'>haberent3</span> <span class='ocrx_word' id='word_1_436' title='bbox 553 5383 589 5446; x_wconf 91' lang='lat' dir='ltr'><strong>et</strong></span> <span class='ocrx_word' id='word_1_437' title='bbox 612 5377 729 5463; x_wconf 88' lang='lat' dir='ltr'>stetis,</span> <span class='ocrx_word' id='word_1_438' title='bbox 753 5378 806 5461; x_wconf 92' lang='lat' dir='ltr'>ut,</span> <span class='ocrx_word' id='word_1_439' title='bbox 830 5375 861 5442; x_wconf 93' lang='grc'><strong>61</strong></span> <span class='ocrx_word' id='word_1_440' title='bbox 885 5373 1072 5444; x_wconf 89' lang='grc'><strong>661166166</strong></span> <span class='ocrx_word' id='word_1_441' title='bbox 1096 5373 1245 5442; x_wconf 89' lang='grc'><strong>16666161</strong></span> <span class='ocrx_word' id='word_1_442' title='bbox 1267 5390 1350 5459; x_wconf 88' lang='grc'><strong>6666</strong></span> <span class='ocrx_word' id='word_1_443' title='bbox 1374 5369 1484 5457; x_wconf 88' lang='grc'><strong>166166</strong></span> <span class='ocrx_word' id='word_1_444' title='bbox 1508 5366 1654 5436; x_wconf 88' lang='grc'><strong>66616616</strong></span> <span class='ocrx_word' id='word_1_445' title='bbox 1677 5369 1715 5435; x_wconf 91' lang='grc'><strong>16</strong></span> <span class='ocrx_word' id='word_1_446' title='bbox 1740 5372 1814 5455; x_wconf 89' lang='grc'><strong>1666</strong></span> <span class='ocrx_word' id='word_1_447' title='bbox 1831 5369 2042 5440; x_wconf 90' lang='lat' dir='ltr'>vocabulum</span> <span class='ocrx_word' id='word_1_448' title='bbox 2064 5370 2182 5457; x_wconf 91' lang='lat' dir='ltr'>pariti</span> 
     </span>
     <span class='ocr_line' id='line_1_33' title="bbox 337 5519 2184 5622; baseline -0.009 -18"><span class='ocrx_word' id='word_1_449' title='bbox 337 5535 383 5604; x_wconf 89' lang='lat' dir='ltr'><strong>ad</strong></span> <span class='ocrx_word' id='word_1_450' title='bbox 407 5534 657 5622; x_wconf 90' lang='lat' dir='ltr'>reponendum</span> <span class='ocrx_word' id='word_1_451' title='bbox 680 5529 815 5616; x_wconf 85' lang='lat' dir='ltr'>virium,</span> <span class='ocrx_word' id='word_1_452' title='bbox 839 5527 916 5616; x_wconf 87' lang='lat' dir='ltr'>ipsa</span> <span class='ocrx_word' id='word_1_453' title='bbox 938 5527 1092 5595; x_wconf 91' lang='lat' dir='ltr'>sortione</span> <span class='ocrx_word' id='word_1_454' title='bbox 1117 5525 1226 5612; x_wconf 89' lang='lat' dir='ltr'>ipsius</span> <span class='ocrx_word' id='word_1_455' title='bbox 1248 5522 1392 5591; x_wconf 88' lang='lat' dir='ltr'>ecclesie</span> <span class='ocrx_word' id='word_1_456' title='bbox 1415 5521 1457 5589; x_wconf 91' lang='lat' dir='ltr'>de</span> <span class='ocrx_word' id='word_1_457' title='bbox 1481 5521 1557 5606; x_wconf 89' lang='lat' dir='ltr'>ipso</span> <span class='ocrx_word' id='word_1_458' title='bbox 1579 5521 1703 5587; x_wconf 91' lang='lat' dir='ltr'>vinum</span> <span class='ocrx_word' id='word_1_459' title='bbox 1729 5520 1773 5588; x_wconf 92' lang='grc'><strong>16</strong></span> <span class='ocrx_word' id='word_1_460' title='bbox 1800 5519 1961 5605; x_wconf 90' lang='grc'><strong>66611616</strong></span> <span class='ocrx_word' id='word_1_461' title='bbox 1986 5519 2184 5588; x_wconf 88' lang='lat' dir='ltr'>traditione</span> 
     </span>
    </p>
   </div>
   <div class='ocr_carea' id='block_1_3' title="bbox 306 5671 2177 5774">
    <p class='ocr_par' dir='ltr' id='par_1_4' title="bbox 306 5671 2177 5774">
     <span class='ocr_line' id='line_1_34' title="bbox 306 5671 2177 5774; baseline -0.008 -19"><span class='ocrx_word' id='word_1_462' title='bbox 306 5709 311 5714; x_wconf 91' lang='lat'>·</span> <span class='ocrx_word' id='word_1_463' title='bbox 334 5705 398 5774; x_wconf 90' lang='lat' dir='ltr'><strong>per</strong></span> <span class='ocrx_word' id='word_1_464' title='bbox 424 5705 559 5757; x_wconf 89' lang='lat' dir='ltr'>annum</span> <span class='ocrx_word' id='word_1_465' title='bbox 586 5686 631 5756; x_wconf 88' lang='lat' dir='ltr'><strong>ad</strong></span> <span class='ocrx_word' id='word_1_466' title='bbox 656 5704 719 5754; x_wconf 90' lang='grc'><strong>666</strong></span> <span class='ocrx_word' id='word_1_467' title='bbox 742 5683 916 5771; x_wconf 76' lang='grc'><strong>66666116</strong></span> <span class='ocrx_word' id='word_1_468' title='bbox 939 5685 1082 5769; x_wconf 88' lang='grc'><strong>6661666</strong></span> <span class='ocrx_word' id='word_1_469' title='bbox 1105 5678 1152 5748; x_wconf 89' lang='grc'><strong>61</strong></span> <span class='ocrx_word' id='word_1_470' title='bbox 1175 5681 1249 5764; x_wconf 88' lang='grc'><strong>1666</strong></span> <span class='ocrx_word' id='word_1_471' title='bbox 1272 5675 1457 5744; x_wconf 89' lang='grc'><strong>661166166</strong></span> <span class='ocrx_word' id='word_1_472' title='bbox 1481 5671 1527 5740; x_wconf 91' lang='grc'><strong>16</strong></span> <span class='ocrx_word' id='word_1_473' title='bbox 1549 5673 1672 5758; x_wconf 89' lang='grc'><strong>666111,</strong></span> <span class='ocrx_word' id='word_1_474' title='bbox 1690 5677 1726 5741; x_wconf 89' lang='grc'><strong>61</strong></span> <span class='ocrx_word' id='word_1_475' title='bbox 1741 5677 1926 5758; x_wconf 88' lang='lat' dir='ltr'>reponeret</span> <span class='ocrx_word' id='word_1_476' title='bbox 1951 5672 2032 5741; x_wconf 92' lang='lat' dir='ltr'>illut</span> <span class='ocrx_word' id='word_1_477' title='bbox 2056 5673 2177 5761; x_wconf 90' lang='lat' dir='ltr'>ibique</span> 
     </span>
    </p>
   </div>
   <div class='ocr_carea' id='block_1_4' title="bbox 332 5823 2235 5928">
    <p class='ocr_par' dir='ltr' id='par_1_5' title="bbox 332 5823 2235 5928">
     <span class='ocr_line' id='line_1_35' title="bbox 332 5823 2235 5928; baseline -0.007 -21"><span class='ocrx_word' id='word_1_478' title='bbox 332 5839 375 5908; x_wconf 91' lang='lat' dir='ltr'><strong>in</strong></span> <span class='ocrx_word' id='word_1_479' title='bbox 397 5855 556 5928; x_wconf 88' lang='lat' dir='ltr'>organea</span> <span class='ocrx_word' id='word_1_480' title='bbox 579 5837 747 5926; x_wconf 89' lang='lat' dir='ltr'>indeque,</span> <span class='ocrx_word' id='word_1_481' title='bbox 772 5835 833 5905; x_wconf 90' lang='lat' dir='ltr'><strong>ubi</strong></span> <span class='ocrx_word' id='word_1_482' title='bbox 857 5833 1031 5906; x_wconf 89' lang='lat' dir='ltr'>adiubare</span> <span class='ocrx_word' id='word_1_483' title='bbox 1054 5832 1230 5899; x_wconf 89' lang='lat' dir='ltr'>steterunt</span> <span class='ocrx_word' id='word_1_484' title='bbox 1254 5845 1316 5915; x_wconf 90' lang='lat' dir='ltr'><strong>per</strong></span> <span class='ocrx_word' id='word_1_485' title='bbox 1339 5843 1474 5895; x_wconf 88' lang='lat' dir='ltr'>annum</span> <span class='ocrx_word' id='word_1_486' title='bbox 1497 5824 1543 5893; x_wconf 91' lang='grc'><strong>61</strong></span> <span class='ocrx_word' id='word_1_487' title='bbox 1566 5823 1802 5916; x_wconf 86' lang='grc'><strong>6666166166</strong></span> <span class='ocrx_word' id='word_1_488' title='bbox 1825 5828 1861 5892; x_wconf 91' lang='grc'><strong>61</strong></span> <span class='ocrx_word' id='word_1_489' title='bbox 1878 5823 2110 5895; x_wconf 88' lang='grc'><strong>6161166166</strong></span> <span class='ocrx_word' id='word_1_490' title='bbox 2125 5843 2190 5912; x_wconf 90' lang='grc'><strong>666</strong></span> <span class='ocrx_word' id='word_1_491' title='bbox 2233 5911 2235 5916; x_wconf 23' lang='grc' dir='ltr'>Ι</span> 
     </span>
    </p>
   </div>
   <div class='ocr_carea' id='block_1_5' title="bbox 0 0 2753 7092">
    <p class='ocr_par' dir='ltr' id='par_1_6' title="bbox 0 0 2753 7092">
     <span class='ocr_line' id='line_1_36' title="bbox 0 0 2753 7092; baseline 0 0"><span class='ocrx_word' id='word_1_492' title='bbox 0 0 2753 7092; x_wconf 95' lang='lat' dir='ltr'><strong> </strong></span> 
     </span>
    </p>
   </div>
  </div>
 </body>
</html>
