5402 7088
1055 502 1454 588 DIPLOMATICUS

378 703 410 820 †
433 733 508 822 ligo
528 735 775 825 guarimpotus
797 739 1062 829 yppodiaconus

378 861 409 979 †
434 891 510 982 Ego
533 897 655 981 petrus
678 895 840 967 notarius
862 914 918 966 me
941 893 1136 980 subscripsi

374 1026 405 1142 †
429 1055 505 1142 Ego
526 1051 587 1137 qui
612 1068 721 1137 supra
743 1052 865 1137 petrus
889 1046 1053 1116 notarius
1078 1067 1133 1116 me
1156 1040 1355 1130 subscripsi

381 1179 412 1296 †
436 1208 511 1296 Ego
533 1203 692 1275 ademari
715 1203 876 1274 notarius
899 1221 956 1272 me
979 1198 1189 1288 subscripsi.

1074 1757 1446 1842 DCCGXCIX.

1099 2029 1158 2105 A.
1186 2027 1240 2102 D.
1271 2026 1398 2105 1035.

367 2235 404 2377 †
428 2290 468 2355 ln
490 2289 634 2359 nomine
657 2287 791 2358 domini
814 2289 937 2358 octabo
959 2288 1094 2358 decimo
1128 2305 1225 2357 anno
1262 2287 1483 2373 principatus
1516 2284 1637 2354 domni
1671 2285 1785 2353 nostri
1808 2283 1990 2373 guaimari
2015 2284 2172 2371 glorioso

321 2442 501 2530 principe,
525 2441 601 2510 filio
624 2441 803 2530 quondam
825 2441 946 2510 domni
969 2441 1162 2532 guaimari,
1188 2459 1308 2510 mense
1329 2443 1543 2527 nobembar,
1572 2443 1702 2527 quarta
1726 2437 1933 2508 indictione.
1961 2441 2134 2509 Memorat
2158 2475 2173 2492 ·

320 2595 416 2665 rium
435 2596 537 2666 ¹sactu
561 2617 584 2666 a
607 2597 709 2665 nobis
731 2597 906 2665 iohannes
934 2595 1085 2666 clericus
1114 2599 1150 2665 et
1183 2599 1303 2683 petrus
1330 2593 1495 2682 clericus,
1526 2594 1588 2682 qui
1615 2611 1738 2662 sumus
1769 2593 1926 2662 ministri
1950 2593 2167 2684 deecclesia

320 2747 437 2818 sancti
463 2747 640 2827 maximi,
665 2766 705 2818 eo
726 2749 821 2836 quod
844 2753 928 2818 ante
951 2751 1133 2838 presentia
1155 2749 1274 2818 domni
1299 2747 1447 2818 adelferi
1470 2749 1580 2818 abbas
1604 2749 1717 2836 ipsius
1739 2748 1887 2817 ecclesie
1913 2751 2029 2818 sancti
2053 2751 2169 2819 maxi·

319 2901 382 2988 mi,
406 2901 466 2988 qui
490 2903 545 2968 est
568 2918 679 2967 unum
701 2899 745 2969 de
767 2899 916 2968 dominii
941 2901 1053 2988 ipsius
1077 2901 1236 2990 ecclesie,
1259 2908 1296 2970 et
1321 2904 1442 2991 ibique
1465 2911 1560 2972 esset
1583 2903 1778 2992 subscripti
1801 2907 1930 2994 testes,
1955 2921 2020 2992 per
2046 2905 2175 2975 iussio·

319 3070 401 3122 nem
426 3053 539 3143 ipsius
561 3053 682 3124 domni
705 3057 827 3126 abbati
851 3075 914 3145 per
936 3055 1198 3127 comvenientia
1221 3061 1257 3125 et
1280 3075 1344 3144 pro
1368 3075 1452 3144 pars
1486 3063 1522 3126 et
1557 3059 1633 3127 vice
1664 3059 1776 3145 ipsius
1801 3059 1949 3129 ecclesie
1972 3059 2018 3128 ad
2042 3063 2167 3130 tenen·

321 3207 406 3277 dum
431 3214 466 3278 et
490 3209 722 3281 laborandum
746 3217 782 3280 et
808 3211 1067 3299 pastenandum
1098 3213 1283 3280 arbustum
1317 3221 1354 3280 et
1386 3211 1641 3280 abellanietum
1676 3212 1889 3311 tradidimus
1923 3216 2067 3301 guisoni
2092 3215 2166 3283 illio

318 3365 495 3451 martini,
519 3367 555 3433 et
577 3365 670 3441 risi,
695 3368 731 3434 et
753 3363 883 3452 alperti
905 3368 1069 3454 germani
1092 3366 1159 3433 dlii
1190 3364 1366 3452 bisantii,
1398 3365 1442 3433 de
1474 3366 1579 3434 rebus
1606 3365 1845 3452 pertinentem
1871 3367 1983 3454 ipsius
2006 3367 2171 3456 ecclesie,

318 3519 409 3608 quod
432 3519 515 3590 abet
537 3519 576 3588 in
599 3517 713 3587 locum
738 3517 884 3588 nuceria
916 3541 938 3590 a
970 3519 1095 3588 subtus
1119 3519 1365 3607 barbaciano,
1390 3519 1506 3588 locum
1538 3522 1598 3592 ubi
1622 3539 1646 3589 a
1670 3519 1706 3589 lu
1731 3525 1839 3607 pratu
1861 3520 2021 3608 dicitnr,
2046 3539 2110 3608 per
2135 3539 2177 3592 ec

318 3674 402 3742 linis
426 3677 462 3742 et
484 3675 687 3743 mensurio:
713 3693 736 3743 a
758 3693 842 3762 pars
865 3673 1058 3743 occidentis
1095 3639 1166 3743 fine
1202 3673 1315 3760 ipsius
1352 3673 1529 3760 ecclesie,
1553 3674 1636 3742 inde
1671 3677 1779 3762 passi·
1800 3673 2176 3764 quinquagintaquin-

317 3847 406 3916 que3
432 3848 454 3896 a
475 3847 561 3915 pars
583 3811 845 3897 sebtemtricnis
867 3825 939 3897 dne
961 3826 1075 3915 ipsius
1100 3827 1259 3916 ecclesie,
1278 3827 1360 3897 inde
1384 3827 1481 3916 passi
1505 3833 1674 3897 centum:
1700 3847 1723 3896 a
1747 3846 1832 3914 pars
1854 3829 2006 3897 orientis
2021 3829 2093 3898 dne
2119 3827 2171 3916 ip-

315 3981 390 4052 sius
424 3981 598 4070 ecclesie,
627 3981 710 4051 inde
744 3979 838 4070 passi
873 3981 1170 4070 quinquaginta:
1199 4001 1222 4052 a
1252 3983 1402 4052 meridie
1426 3981 1497 4052 tine
1520 3984 1637 4071 ipsius
1658 3982 1834 4071 ecclesie,
1871 3981 1955 4052 inde
1978 3982 2165 4070 longitudo

315 4134 411 4224 passi
436 4141 578 4206 centum
600 4136 759 4224 sebtem,
782 4137 895 4203 totum
918 4133 964 4204 ad
987 4134 1083 4203 iusto
1117 4153 1261 4222 passum
1283 4137 1393 4204 omini
1417 4142 1675 4207 mensuratum.
1700 4139 1768 4207 ista
1791 4141 1890 4207 terra
1912 4153 1974 4224 per
2000 4136 2169 4206 iamdicte

315 4289 399 4360 finis
421 4296 458 4360 et
480 4294 660 4362 mensuris
683 4295 796 4360 totum
819 4295 855 4360 et
878 4291 1043 4362 inclitum
1075 4291 1156 4362 illut
1186 4310 1267 4360 cum
1296 4291 1418 4392 omnia
1447 4291 1541 4360 intro
1571 4310 1609 4361 se
1637 4291 1826 4362 ababtibus
1849 4293 1885 4358 et
1908 4308 1991 4358 cum
2020 4293 2100 4361 vice
2124 4288 2168 4358 de

177 4495 181 4506 .
313 4447 374 4516 via
396 4463 462 4515 sua
485 4447 641 4533 ipsorum
664 4444 821 4537 guisoni,
837 4448 875 4514 et
898 4445 976 4534 risi,
990 4421 1026 4516 et
1043 4445 1173 4533 alperti
1196 4446 1241 4518 ad
1266 4447 1459 4517 tenendum
1481 4452 1518 4517 et
1533 4447 1800 4534 pastenandum
1815 4449 2000 4516 arbustum
2017 4448 2055 4514 et
2070 4444 2167 4515 abel-

315 4599 491 4671 lanietum
514 4600 750 4688 tradidimus,
776 4603 817 4670 ut
838 4602 972 4671 abeant
994 4600 1041 4670 da
1065 4617 1139 4670 una
1162 4600 1294 4687 planta·
1320 4600 1454 4680 inalia
1482 4601 1527 4670 de
1557 4599 1708 4669 latitudo
1737 4605 1774 4670 et
1799 4599 1981 4690 longitudo
2003 4601 2043 4667 iu
2065 4599 2165 4668 omni

315 4759 401 4845 loco,
425 4759 487 4826 ubi
510 4747 796 4847 pastenaberint,
819 4775 893 4828 ana
915 4757 1010 4844 passi
1034 4755 1178 4826 decem:
1204 4760 1361 4844 ipsorum
1384 4759 1528 4845 guisoni
1556 4755 1770 4826 tradidimus
1794 4774 1852 4826 eos
1875 4757 2105 4826 medietatem
2130 4760 2168 4826 et

314 4911 472 5000 ipsorum
495 4909 656 4998 germani
680 4910 754 4981 alia
778 4911 992 4999 medietate,
1015 4909 1083 4981 tali
1106 4910 1256 4997 ordine,
1281 4913 1322 4978 ut
1344 4909 1469 4979 amodo
1491 4914 1528 4979 et
1552 4928 1666 4997 usque
1690 4908 1984 4997 quadtuordecim
2007 4910 2097 4980 anni
2121 4909 2166 4982 ad

314 5083 380 5137 sua
402 5070 438 5136 et
460 5067 503 5135 de
525 5064 599 5134 suis
621 5066 799 5143 eredibus,
823 5082 887 5133 seu
911 5063 957 5134 ad
980 5063 1116 5132 omines
1139 5064 1201 5152 qui
1227 5063 1357 5132 ibidem
1381 5061 1558 5150 miserint,
1583 5063 1658 5132 sint
1683 5065 1854 5150 potestate
1878 5080 1938 5131 eos
1969 5055 2164 5134 tenendum

313 5221 351 5288 et
371 5218 637 5304 dominandum,
654 5221 698 5290 ,et
721 5217 819 5286 tobes
842 5220 878 5285 et
900 5216 1014 5284 omnis
1038 5215 1180 5283 illorum
1205 5214 1373 5284 utilitatis
1397 5219 1492 5284 iusta
1515 5217 1655 5285 ratione
1681 5215 1812 5284 ibidem
1828 5215 1981 5304 faciant,
1997 5222 2033 5286 et
2049 5220 2165 5286 totum
2248 5239 2253 5244 ·

313 5389 370 5440 eos
392 5371 835 5460 pastenarentarbustum
858 5368 901 5438 de
924 5371 1016 5437 bono
1038 5371 1172 5440 ritineo
1194 5375 1230 5438 et
1246 5367 1502 5440 abellanietum
1525 5368 1568 5438 de
1588 5371 1679 5438 bone
1702 5368 1953 5456 abellanaet
1974 5385 2033 5438 eos
2057 5367 2170 5438 culta-

313 5529 402 5612 rent,
426 5526 520 5593 sicut
541 5522 739 5608 meruerit3
763 5523 800 5591 et
822 5525 997 5610 quantum
1021 5521 1144 5590 vinum
1168 5521 1219 5592 ibi
1242 5522 1394 5592 iecerint
1418 5521 1543 5592 amodo
1565 5525 1603 5606 et
1630 5540 1741 5610 usque
1764 5525 1842 5590 octo
1865 5523 1952 5593 anni
1976 5519 2142 5608 completi
2155 5569 2166 5608 ,
2198 5607 2207 5619 ⁴

313 5651 426 5748 totum
450 5697 513 5748 sue
537 5677 610 5746 sint
632 5673 828 5765 potestatis,
852 5677 889 5744 et
912 5677 1048 5762 quante
1069 5673 1232 5746 abelleno
1254 5674 1378 5744 amodo
1394 5679 1430 5744 et
1447 5692 1557 5762 usque
1580 5674 1765 5744 duodecim
1787 5673 1874 5743 anni
1907 5673 2072 5762 completi
2097 5673 2167 5744 ibi·

312 5835 392 5906 dem
414 5834 565 5903 fecerint
586 5837 623 5902 et
645 5829 868 5919 collexerint,
892 5830 1059 5900 similiter
1081 5845 1144 5896 suc
1166 5827 1240 5898 sint
1263 5830 1462 5916 potestatis,
1481 5833 1523 5942 et
1539 5827 1677 5897 nullam
1700 5828 1898 5896 sartionem
1918 5826 2002 5896 inde
2019 5825 2065 5896 ad
2079 5843 2164 5914 pars
