5408 7108
591 463 662 540 234
1226 409 1405 544 ooonx
1444 423 1713 548 cavensis

545 689 625 758 illul
649 692 905 763 vindemiemus
927 701 963 764 et
986 696 1030 764 ad
1055 697 1272 783 palmeutum
1297 701 1417 786 ibique
1441 699 1522 796 illut
1544 701 1794 787 procuremus,'
1810 706 1847 768 et
1875 703 2051 787 quantum
2078 701 2201 770 binum
2226 697 2394 767 annuali-

544 851 600 914 ter
623 848 707 916 inde
725 847 868 933 exierit,
893 848 948 916 vel
970 833 1091 916 lacere
1108 852 1340 938 potuerimus,
1366 853 1573 920 annualiter
1600 859 1711 921 totum
1737 853 1820 922 illut
1843 854 1966 921 demus
1990 853 2207 940 inpartibus
2231 821 2391 940 predicte
2420 897 2430 932 .

539 1002 705 1088 ecclesie,
731 1004 930 1072 laciendum
954 1005 1044 1091 quod
1070 971 1251 1092 boluerit;
1274 1007 1319 1076 ad
1343 1006 1505 1092 completi
1530 1013 1651 1076 aulem
1676 1008 1743 1093 ipsi
1760 1011 1892 1116 septem
1923 1008 2010 1074 anni
2036 1027 2102 1093 ego
2124 1021 2161 1075 et
2193 1026 2287 1074 meos
2311 1025 2391 1075 ere-

543 1156 604 1225 des
628 1135 824 1225 habeamus
848 1158 885 1222 in
911 1161 986 1226 tota
1011 1157 1088 1245 ipsa
1113 1161 1219 1226 rebus
1243 1160 1340 1228 infra
1366 1159 1552 1228 iamdictas
1575 1161 1663 1227 fines
1679 1163 1715 1227 et
1733 1158 1942 1248 mensurias·
1957 1160 2062 1226 binea
2085 1159 2129 1227 de
2146 1159 2235 1224 bono
2252 1158 2389 1230 bitineo

542 1312 729 1397 hoperata,
753 1313 789 1378 et
812 1310 964 1397 cultata,
988 1315 1024 1377 et
1047 1310 1207 1395 perlecta
1229 1315 1331 1378 surta
1359 1315 1394 1377 et
1417 1311 1529 1396 salba,
1560 1314 1597 1380 et
1620 1309 1790 1397 impalata
1814 1267 1963 1379 bonade
1981 1289 2089 1376 bonos
2105 1309 2215 1396 pales,
2231 1311 2325 1378 sicut
2347 1311 2392 1379 de

539 1469 658 1534 tantos
681 1482 794 1532 annos
819 1462 914 1530 locus
940 1463 1013 1550 ipse
1037 1465 1221 1551 meruerit,
1246 1469 1282 1530 et
1305 1455 1453 1534 circoita
1476 1465 1575 1534 clusa
1600 1468 1692 1535 bona
1722 1466 1782 1556 ubi
1807 1419 2004 1552 meruerit,
2029 1473 2064 1534 et
2088 1471 2201 1534 totum
2228 1463 2311 1562 illut
2332 1484 2390 1532 re·
2437 1525 2442 1532 .

541 1621 723 1687 mittamus
747 1617 788 1686 ad
814 1622 1024 1704 potestatem
1046 1615 1202 1704 mediore
1225 1615 1419 1704 hecclesie,
1443 1618 1644 1687 faciendum
1668 1619 1759 1705 quod
1784 1617 1950 1706 boluerit,
1975 1637 2111 1704 apsque
2134 1619 2391 1720 contrarietate

402 1829 406 1838 l
539 1789 619 1840 mea
643 1771 744 1838 etde
769 1771 858 1838 meis
880 1770 1068 1857 eledibus3
1094 1774 1130 1838 et
1153 1789 1216 1855 pro
1239 1755 1364 1838 taliter
1389 1790 1450 1856 per
1475 1771 1705 1840 bolumtatem
1732 1779 1768 1840 et
1795 1763 2021 1874 largiebatem
2046 1771 2089 1839 de
2115 1771 2291 1858 predictos
2309 1745 2393 1855 'ere-

523 1924 607 1992 'des
632 1909 795 1992 lamberti
820 1922 939 1990 comiti
965 1928 1001 1990 et
1024 1923 1195 1991 adelberti
1227 1921 1346 1990 comiti
1371 1923 1447 2008 ipse
1467 1923 1666 1990 *iamdictus
1695 1925 1805 1992 abbas
1831 1889 1939 1996 dedit,
1954 1930 1990 1993 et
2017 1923 2166 1993 tradidit
2190 1925 2298 1991 michi
2323 1925 2394 1992 ibi·

540 2097 614 2163 que
638 2079 707 2146 due
730 2077 828 2164 pecie
851 2075 894 2143 de
917 2078 1025 2142 terris
1050 2075 1174 2142 bacibe
1198 2076 1399 2161 pertinente
1423 2051 1579 2162 predicte
1603 2078 1749 2144 ecclesie
1773 2095 1835 2162 per
1859 2079 1947 2143 fines
1963 2081 1999 2144 et
2023 2080 2235 2164 mensurias3
2261 2095 2334 2145 una
2351 2076 2395 2145 de

539 2227 687 2318 ex'ipse
713 2233 810 2319 pecie
832 2233 875 2298 de
899 2237 996 2300 terra
1020 2240 1073 2302 est
1095 2231 1137 2299 de
1165 2229 1346 2314 longitudo
1374 2235 1409 2296 et
1437 2229 1589 2324 latitudo
1616 2249 1688 2300 ana
1713 2232 1805 2316 passi
1834 2231 1965 2317 biginti
1992 2250 2054 2316 per
2081 2241 2200 2324 parles
2224 2231 2264 2296 in
2288 2231 2389 2298 omni

469 2387 474 2394 '
540 2349 643 2473 loco,
667 2394 704 2454 et
728 2387 805 2472 ipsa
830 2385 904 2453 alia
927 2385 1094 2471 pecta-de
1118 2389 1216 2452 terra
1239 2386 1292 2451 est
1314 2384 1357 2449 dc
1380 2382 1563 2470 longitudo
1587 2389 1658 2451 an'a
1682 2385 1777 2468 passi
1805 2382 1934 2469 biginti
1965 2385 2067 2450 hoclo
2098 2403 2160 2469 per
2183 2384 2332 2471 partes,
2357 2389 2395 2451 et
2466 2383 2475 2454 ζ

537 2543 583 2609 de
610 2541 762 2610 latitudo
785 2547 840 2608 est
862 2539 905 2606 de
929 2513 1099 2608 ambobus
1118 2541 1234 2624 capite
1254 2556 1329 2608 ana
1351 2509 1445 2644 passi
1470 2542 1634 2624 quatuor,
1659 2543 1694 2604 et
1717 2542 1770 2606 est
1793 2537 1838 2605 dc
1860 2539 1975 2605 tribus
2002 2538 2164 2624 partibus
2187 2538 2257 2606 fine
2282 2540 2391 2614 rebus

520 2695 699 2798 ⁴predicte
724 2693 872 2761 ecclesie
888 2723 901 2779 ,·
922 2697 958 2759 el
980 2663 1022 2759 de
1048 2707 1117 2758 uno
1145 2691 1254 2761 latere
1278 2697 1361 2758 sunt
1384 2695 1551 2758 coniunte
1579 2691 1623 2758 ad
1654 2693 1758 2758 rebus
1789 2709 1937 2776 meaque
1960 2691 2097 2777 allani3
2122 2693 2213 2778 quod
2237 2644 2280 2760 de
2307 2699 2395 2762 ante

537 2862 580 2914 os
608 2852 770 2932 tempore,
791 2847 866 2932 ipse
889 2846 1001 2913 abbas
1024 2845 1133 2912 michi
1158 2845 1278 2930 dedit,
1302 2845 1396 2911 sicut
1418 2862 1497 2911 mea
1520 2850 1643 2913 elsua
1668 2843 1805 2912 cartule
1828 2844 2017 2911 continuat
2030 2892 2040 2928 ‚
2065 2843 2157 2929 quod
2182 2863 2244 2928 per
2271 2847 2394 2929 partes

537 3001 672 3070 exinde
697 3001 841 3068 firmate
865 3001 1012 3068 abemus
1036 3017 1105 3086 que
1122 2999 1253 3084 scripte
1269 3003 1361 3080 ‚sunt
1384 3014 1446 3084 per
1464 2997 1618 3064 romualt
1642 2945 1822 3066 notarium
1839 3003 1876 3063 et
1890 3016 1913 3064 a
1928 2997 2077 3065 testibus
2102 2999 2278 3065 roborate:
2298 3017 2397 3067 men-

539 3161 665 3226 surate
690 3157 794 3222 ambe
819 3153 886 3222 iste
909 3153 1008 3240 pecie
1027 3153 1084 3254 de·
1097 3151 1205 3218 terris
1229 3131 1280 3220 ad'
1299 3152 1392 3218 iusto
1414 3169 1520 3235 passu
1543 3151 1708 3218 bominis.
1735 3152 1825 3238 ideo,
1849 3156 1890 3220 ut
1913 3153 2045 3220 dictum
2069 3155 2147 3237 est,
2173 3153 2248 3239 ipse
2272 3155 2396 3224 iamdii

418 3353 429 3386 ·,
504 3325 507 3330 ·
539 3299 623 3378 ctus
645 3309 757 3378 abbas
781 3327 843 3393 per
868 3307 1041 3376 bolumtat
1028 3312 1098 3374 tem
1123 3311 1159 3376 et
1182 3273 1354 3392 largiotat
1301 3311 1410 3374 ttem
1434 3306 1476 3374 de
1501 3305 1673 3378 lammeri
1690 3307 1811 3375 eredes
1839 3307 2006 3376 lamberti
1979 3305 2143 3374 tcomit
2145 3307 2157 3372 i
2130 3312 2217 3376 tet
2240 3307 2400 3394 predict-

535 3462 714 3532 adelberti
740 3461 859 3529 comiti
888 3460 986 3530 dedit
1015 3464 1092 3530 ett
1078 3459 1225 3530 tradidit
1251 3461 1360 3527 michi
1385 3459 1487 3528 ambo
1515 3457 1581 3527 iste
1610 3461 1707 3544 pecie
1734 3459 1777 3527 de
1806 3459 1912 3527 terris
1938 3476 2001 3544 per
2029 3431 2216 3529 iamdictas
2240 3460 2334 3529 fines
2358 3467 2396 3530 et

535 3617 750 3703 mensurias‚
775 3625 812 3682 ut
838 3615 1020 3684 amodot
986 3621 1020 3684 et
1042 3633 1183 3700 semper
1208 3615 1287 3700 ipsa
1317 3615 1422 3681 rebus
1450 3613 1617 3681 abeamus
1648 3616 1685 3681 et
1711 3611 1951 3698 possideamus
1977 3633 2058 3681 cum
2086 3615 2206 3684 omnia
2234 3615 2330 3686 intro
2355 3635 2393 3685 se

426 3827 431 3838 .
533 3773 648 3840 abent
635 3768 790 3837 tibuset
778 3768 888 3836 tsuis
912 3784 975 3852 per
980 3766 1202 3835 rneutnse
1223 3784 1303 3834 cum
1329 3767 1406 3833 bice
1429 3765 1472 3832 de
1497 3765 1555 3836 via
1579 3785 1655 3851 sua,
1672 3771 1707 3832 et
1730 3767 1905 3862 iaciamus
1929 3769 2058 3838 exinde
2082 3773 2204 3839 omnia
2228 3772 2321 3856 quod
2337 3775 2400 3839 bo-

538 3925 728 4009 deerimus,
754 3925 885 4008 absque
909 3893 1161 3990 contrarietate
1186 3919 1298 4008 ipsius
1321 3923 1443 3989 abbati
1472 3919 1525 3988 vel
1553 3921 1604 4006 de¹
1623 3923 1784 4008 partibus
1801 3925 1937 4012 prefate
1965 3926 2113 3995 ecclesie
2143 3909 2198 3994 vel
2222 3930 2396 4015 cuiquam

546 4076 766 4164 bominibus,
791 4081 826 4144 et
849 4093 986 4160 semper
1011 4077 1180 4144 abeamus
1206 4077 1283 4162 ipsa
1309 4035 1477 4146 iamdicta
1501 4077 1607 4145 rebus
1630 4079 1813 4148 defensata
1830 4099 1892 4166 per
1909 4082 2023 4167 ipsum
2049 4083 2172 4170 abbas,
2191 4082 2242 4152 vel
2260 4083 2303 4152 de
2319 4099 2402 4150 suc-

541 4247 699 4298 cessores
722 4225 818 4316 snos‚
844 4249 904 4298 seu
922 4233 945 4298 a
963 4233 1124 4316 partibus
1147 4231 1306 4318 predicte
1272 4232 1477 4300 lecclesie
1500 4205 1547 4300 ab
1562 4232 1725 4310 omnibus
1742 4234 1944 4302 hominibus
1961 4199 2195 4324 omnibusque
2218 4241 2398 4326 partibus,

546 4391 583 4455 et
606 4405 676 4454 non
702 4387 784 4454 illut
807 4384 861 4452 vel
885 4385 1141 4466 exindenobis
1164 4387 1288 4460 tollere
1312 4391 1376 4506 aut
1399 4391 1482 4492 cont
1484 4405 1566 4456 rare
1589 4390 1771 4473 querat,e
1774 4386 1953 4474 tquando
1975 4392 2097 4458 autem
2134 4389 2184 4466 de
2213 4390 2394 4472 iamdictis

551 4543 658 4610 rebus
682 4544 808 4626 egoet
831 4551 931 4608 meos
951 4540 1100 4609 heredes
1123 4539 1205 4608 inde
1229 4543 1450 4608 auctoreset
1435 4539 1673 4608 tdesensores
1694 4553 1770 4607 esse
1794 4540 2027 4627 boluerim'us,
2052 4545 2189 4628 potesta
2167 4548 2262 4626 atem
2291 4541 2399 4616 abed-

418 4729 423 4736 ·
541 4715 622 4765 mus
647 4696 729 4764 iude
753 4705 902 4763 causare
925 4699 961 4761 et
985 4685 1091 4762 linem
1115 4696 1246 4780 lacere,
1271 4693 1426 4780 qualiter
1452 4691 1679 4776 voluerimus,
1703 4711 1783 4758 cunr
1810 4692 1879 4761 ista
1895 4695 2035 4764 cartula
2051 4699 2087 4764 et
2103 4715 2184 4764 cum
2201 4697 2308 4785 quale
2325 4661 2403 4767 mo?

542 4853 665 4916 uimen
688 4853 724 4917 et
748 4849 886 4916 ratione
911 4847 991 4917 inde
1013 4849 1119 4918 abere
1143 4825 1371 4933 potuerimus.
1398 4849 1503 4931 Nam,
1528 4843 1671 4931 quando
1689 4845 1763 4929 ipse
1780 4846 1891 4912 abbas
1911 4843 1967 4913 rel
1985 4864 2204 4915 successores
2222 4867 2315 4937 soce,
2330 4825 2397 4919 seu

545 5022 630 5089 pars
654 5002 810 5089 predicte
841 5000 987 5094 ecclesie
1012 5001 1096 5069 inde
1119 5005 1282 5069 auctores
1302 4973 1340 5066 et
1362 4997 1563 5065 defensores
1585 4999 1822 5084 quesierimus
1846 4999 1964 5086 abere,
1990 4999 2065 5086 ipse
2088 5002 2213 5090 abbas—⁴
2233 4970 2288 5070 vel
2312 5023 2398 5090 pars

549 5156 708 5244 predicte
732 5155 877 5224 ecclesie
901 5153 986 5240 ipsa¹
1007 5152 1177 5221 iamdicta
1202 5154 1308 5220 rebus
1332 5151 1439 5219 michi
1468 5125 1609 5240 meique
1633 5153 1797 5221 eredlbus
1820 5153 2004 5237 defensare
2028 5156 2074 5225 ab
2089 5157 2254 5223 omnibus
2270 5157 2398 5224 omini-

532 5305 616 5376 bus
639 5309 805 5394 omnique
828 5307 1003 5394 partibus,
1016 5307 1053 5373 in
1079 5307 1172 5374 omni
1198 5305 1323 5374 ordine
1339 5311 1375 5373 et
1391 5307 1544 5392 ratione,
1568 5305 1661 5374 sicut
1684 5325 1793 5392 supra
1810 5304 1954 5395 legitur.
1973 5283 2137 5395 Tantum,
2154 5309 2184 5376 si
2202 5307 2397 5396 aliquando

544 5464 705 5546 tempore
728 5475 795 5547 ego
819 5458 999 5545 predictus
1024 5457 1166 5528 altanus
1190 5463 1226 5526 et
1252 5443 1516 5527 meos'heredes
1541 5461 1617 5546 ipsa
1642 5457 1807 5528 iamdicta
1830 5462 1935 5528 rebus
1957 5459 2213 5558 daturamlaut
2236 5459 2397 5530 vinditc-

550 5629 627 5682 ram
652 5611 859 5682 abuerimns
884 5613 1057 5680 iaciamus
1082 5615 1156 5699 ipse
1179 5612 1290 5681 abbas
1314 5609 1366 5679 vel
1392 5627 1476 5696 pars
1500 5607 1656 5696 predicte
1679 5609 1825 5679 ecclesie
1841 5609 1933 5682 scire
1951 5629 2012 5697 pro
2029 5611 2111 5680 illut
2124 5575 2315 5680 emendum
2334 5629 2399 5698 per

541 5767 653 5836 tertio
677 5765 908 5864 constitutum
933 5782 1044 5851 usque
1069 5763 1192 5834 diebus
1215 5763 1369 5850 triginta
1392 5783 1469 5840 sex,
1494 5768 1530 5832 et
1554 5762 1634 5831 illut
1657 5781 1776 5832 eorum
1804 5763 1925 5832 demus
1949 5762 1994 5831 ad
2019 5763 2110 5834 iusto
2128 5765 2282 5849 pretium
2299 5762 2393 5850 quod
