5456 7096
967 518 1380 622 oresonsrron's
1629 503 1632 512 '
1891 556 1910 594 .
2014 519 2063 592 75
2120 543 2122 548 ·

260 740 396 830 comiti,
419 746 456 814 et
478 743 555 814 illia
577 742 756 832 quondam
779 747 962 834 guaimari
986 745 1120 834 comiti,
1144 763 1185 814 eo
1207 745 1300 834 quod
1323 749 1410 816 ante
1432 745 1627 834 subscripti
1653 713 1791 814 idoneis
1815 743 2024 813 hominibus
2047 762 2112 836 per

263 899 526 970 combenientia
551 899 766 970 tradidimus
782 901 919 972 danseri
934 905 970 970 et
987 903 1079 970 rocci
1096 904 1272 988 germani,
1289 899 1354 992 filii
1372 899 1552 987 quondam
1567 898 1666 986 miri,
1685 887 1861 968 dalocum
1878 901 1956 985 piro
1980 893 2114 971 finibus

259 1023 505 1140 spus-monte,
523 1071 596 1124 una
620 1053 723 1141 pecia
744 1053 788 1122 de
810 1057 909 1124 terra
932 1073 1012 1122 cum
1029 1053 1126 1124 radis
1140 1054 1281 1142 quertie
1295 1009 1535 1140 pertinentem
1552 1051 1664 1139 ipsius
1682 1023 1875 1122 monasteri
1891 1055 1929 1120 et
1951 1050 2113 1138 predicte

260 1219 400 1292 gemme
423 1204 463 1272 in
487 1202 602 1274 locum
625 1203 780 1292 sianum,
803 1209 839 1274 et
853 1209 908 1274 est
922 1204 1004 1274 illut
1021 1203 1113 1272 uude
1129 1222 1195 1293 ego
1212 1205 1400 1274 iamdictus
1416 1205 1613 1274 musandus
1634 1207 1746 1274 abbas
1763 1205 1921 1291 ipsorum
1945 1205 2112 1292 germani

265 1353 426 1444 tradidit,
451 1355 544 1442 quod
567 1343 724 1442 pertinet
747 1356 786 1423 in
808 1355 929 1424 eodem
952 1354 1169 1464 mpnasterio
1193 1376 1216 1426 a
1239 1356 1445 1443 supradicto
1467 1357 1624 1445 guaiferi
1642 1357 1720 1426 viro
1735 1357 1849 1443 ipsius
1872 1335 2025 1446 gemme,
2041 1375 2112 1444 que

265 1505 340 1592 ipso
363 1507 579 1608 monasterio
602 1508 805 1576 construxit
818 1509 854 1576 et
870 1506 979 1608 ipsius
994 1510 1136 1576 nomine
1151 1526 1298 1595 gemma
1311 1509 1444 1578 exinde
1470 1509 1608 1597 legibus
1631 1511 1786 1596 pertinet
1809 1511 1917 1580 abere
1948 1509 2108 1578 sortione
2131 1539 2143 1577 ι
2179 1511 2192 1536 ·

260 1655 307 1728 ab
332 1655 409 1742 ipso
431 1655 635 1744 supradicto
656 1657 812 1746 guaiferi
837 1660 914 1724 viro
937 1677 1014 1745 suo,
1038 1657 1100 1746 qui
1124 1664 1179 1728 est
1196 1599 1464 1746 ipsatradiclio
1482 1663 1519 1728 in
1543 1662 1709 1731 iamdicto
1725 1661 1843 1730 locum
1866 1663 2021 1749 sianum,
2048 1662 2111 1730 ubi
2150 1707 2154 1716 -

198 1789 202 1798 “
264 1805 371 1874 vinea
393 1809 430 1873 et
452 1806 498 1874 ad
521 1806 616 1878 oliba
640 1806 786 1895 dicitur,
810 1825 874 1895 per
896 1828 937 1878 as
955 1807 1049 1879 fines
1065 1813 1102 1879 et
1117 1823 1362 1883 mensnrasza
1384 1817 1486 1900 parte
1509 1816 1656 1882 orientis
1672 1815 1743 1882 flue
1759 1815 1875 1902 ipsius
1898 1817 2107 1901 monasteri,
2162 1853 2194 1882 =.

262 1958 345 2030 inde
367 1965 451 2030 sunt
473 1963 569 2050 passi
593 1961 740 2032 ducenti·
759 1962 1000 2050 quadraginta
1023 1963 1105 2032 duo:
1132 1985 1154 2032 a
1176 1983 1260 2052 pars
1282 1966 1430 2034 meridie
1455 1967 1526 2076 tine
1551 1967 1663 2068 ipsius
1688 1970 1897 2054 monasteri,
1914 1968 1998 2036 inde
2026 1971 2113 2036 sunt
2159 2043 2167 2060 ‚

259 2113 356 2201 passi
368 2115 612 2202 quadraginta
629 2121 713 2186 tres:
732 2135 855 2204 apars
871 2117 1063 2186 occidentis
1078 2117 1150 2184 tine
1164 2118 1314 2204 predicti
1330 2118 1538 2207 monasteri,
1556 2120 1638 2187 inde
1655 2123 1740 2188 sunt
1756 2122 1851 2208 passi
1871 2120 1935 2190 alii
1960 2121 2107 2190 ducenti

263 2262 394 2350 viginti
418 2266 504 2332 tres:
529 2285 552 2335 a
574 2283 657 2352 pars
670 2266 934 2378 septemtrionis
948 2269 1019 2336 fine
1035 2268 1192 2338 iamdicti
1211 2271 1417 2366 monasteri,
1433 2274 1743 2361 etconiungentas
1765 2271 1804 2342 'se
1828 2277 1867 2343 in
1894 2237 2015 2362 priora
2038 2276 2110 2345 fine

260 2415 343 2484 indo
364 2418 451 2484 sunt
474 2419 567 2504 passi
587 2417 719 2506 viginti
734 2419 851 2506 hoct03
869 2421 983 2486 totum
999 2423 1247 2488 mensuratum
1263 2420 1309 2490 ad
1326 2423 1419 2490 iusto
1436 2439 1579 2508 passum
1602 2389 1771 2492 hominis.
1796 2425 1839 2492 do
1862 2425 2109 2512 suprascripta

216 2547 223 2560 ⁸
261 2566 474 2637 tradictione
496 2567 646 2638 tradidit
668 2587 734 2656 ego
756 2569 981 2658 supradictus
1003 2573 1115 2642 abbas
1139 2573 1297 2672 ipsorum
1321 2571 1472 2659 predicti
1496 2573 1664 2658 germani
1697 2577 1775 2662 ipsa
1797 2575 1993 2644 sartionem
2017 2577 2110 2663 quod

259 2721 415 2809 pertinet
437 2715 575 2807 iu'ipso
598 2719 828 2813 monasterio,
844 2731 960 2814 etego
975 2727 1161 2796 nominata
1177 2745 1318 2813 gemma
1333 2725 1485 2794 tradidit
1502 2727 1632 2797 exinde
1649 2725 1794 2794 illorum
1812 2729 1891 2814 ipsa
1914 2729 2111 2797 sortionem
2190 2753 2196 2764 ·

258 2893 350 2961 mea,
374 2876 467 2962 quod
490 2875 579 2943 mihi
602 2855 759 2964 pertinet
781 2880 828 2948 ab
850 2878 926 2966 ipso
948 2879 1152 2966 supradicto
1173 2878 1251 2945 viro
1274 2895 1363 2946 meo:
1388 2882 1509 2947 tamen
1525 2896 1592 2968 ego
1608 2879 1797 2988 nominata
1822 2880 1952 2966 multer
1968 2897 2032 2968 per
2049 2898 2108 2948 vo·
2248 2867 2273 2966 J

260 3026 452 3099 iunctatem
469 3034 506 3098 ct
521 3027 710 3119 largietate
726 3031 907 3118 guaimari
924 3029 1057 3117 comiti,
1073 3030 1236 3119 germani
1250 3033 1286 3098 et
1301 3027 1613 3116 mundoaltmeus‚
1627 3033 1663 3098 et
1679 3028 1774 3098 filius
1791 3031 1990 3117 supradicti
2005 3031 2110 3119 guai-

258 3181 349 3251 mari
374 3179 493 3250 comiti
517 3181 557 3249 in
578 3199 619 3249 oc
642 3182 815 3270 ordinem,
839 3187 879 3252 ut
901 3181 1025 3252 amodo
1046 3187 1083 3252 et
1106 3199 1243 3269 semper
1267 3185 1343 3250 tota
1365 3185 1402 3250 et
1419 3181 1547 3250 inclita
1572 3185 1626 3250 est
1648 3182 1857 3268 supradicta
1885 3187 2008 3250 nostra
2033 3189 2107 3252 tra·

258 3330 370 3400 dictio
392 3351 456 3420 per
483 3331 650 3402 iamdicta
673 3331 756 3400 fluis
778 3337 814 3402 et
837 3333 1016 3403 mensurie
1039 3332 1084 3402 ad
1107 3332 1249 3400 illorum
1264 3337 1300 3404 et
1315 3333 1360 3402 ad
1375 3351 1498 3401 eorum
1518 3332 1640 3402 eredes
1656 3334 1729 3402 sint
1740 3335 1954 3420 potestatem
1979 3338 2111 3405 tenere
2228 3439 2231 3444 A

240 3490 295 3562 .et
316 3489 516 3575 dominare,
540 3479 698 3558 et'iovee
721 3493 758 3558 ot
780 3488 895 3562 omnis
916 3487 1060 3556 illerum
1083 3487 1253 3557 utilitatis
1270 3487 1365 3557 iusta
1381 3490 1522 3557 ratione
1539 3489 1671 3558 ibidem
1688 3490 1818 3577 facore,
1839 3494 1875 3559 et
1889 3463 2104 3560 totum‘illut
2178 3583 2190 3592 .

259 3643 423 3714 laborare
445 3645 482 3712 et
504 3643 642 3713 culture
666 3646 703 3712 et
729 3643 895 3748 studiana·
912 3635 1054 3738 bunum,
1078 3639 1171 3709 sicut
1194 3641 1380 3728 meruerit,
1403 3647 1440 3710 st
1455 3640 1551 3710 iutra
1568 3645 1681 3710 totum
1698 3641 1790 3728 illut,
1808 3642 1869 3710 ubi
1885 3645 2043 3742 potuerit
2065 3647 2105 3712 et

197 3879 227 3890 Ι,
257 3798 382 3885 aptum
403 3797 527 3884 luerit,
551 3800 756 3892 pasteuaret
778 3783 1106 3882 ibidem'castanei,
1130 3763 1312 3862 et'amodo
1333 3796 1371 3861 et
1393 3809 1531 3879 semper
1556 3758 1644 3861 illut
1668 3792 1822 3879 vigilare
1836 3797 1872 3862 et
1894 3792 2035 3862 salbum
2051 3795 2104 3866 fa-

258 3952 369 4038 ceret,
393 3953 488 4022 sicut
510 3950 632 4056 decet,
645 3953 682 4020 et
703 3948 778 4036 ipse
792 3946 932 4037 quertie
947 3949 984 4015 et
998 3949 1176 4034 castanee,
1193 3963 1301 4032 aquo
1317 3903 1719 4033 parutusiireritabere
1745 3945 2023 4038 rationaviliter,
2040 3964 2100 4017 eos

257 4123 321 4194 per
343 4053 458 4175 annos
481 4103 661 4194 colligere,
684 4107 720 4173 et
743 4121 806 4190 per
828 4100 1055 4170 medietatem
1070 4118 1149 4168 cum
1166 4117 1251 4186 pars
1267 4099 1419 4186 predicti
1438 4098 1633 4170 monasteri
1657 4103 1693 4169 et
1716 4118 1796 4167 cum
1813 4120 1897 4188 pars
1915 4101 2027 4188 ipsius
2045 4119 2111 4171 no·

257 4259 394 4330 minate
415 4276 554 4348 gemme
576 4258 751 4347 dividant3
775 4251 903 4326 tamen'
918 4257 992 4342 ipsc
1015 4257 1181 4325 castanea
1205 4271 1303 4324 secce
1327 4251 1488 4348 dividant
1510 4255 1546 4321 el
1571 4253 1647 4338 ipse
1670 4253 1795 4340 glandi
1815 4253 1957 4322 virides:
1984 4256 2105 4352 ipsum

259 4413 372 4482 missu
396 4411 547 4501 predicti
569 4405 763 4480 monasteri
786 4413 822 4480 et
844 4407 1000 4497 predicte
1022 4425 1161 4496 gemme
1183 4405 1285 4478 tollat
1306 4424 1365 4516 eos
1388 4405 1629 4495 medietatem,
1653 4412 1689 4476 et
1713 4405 1788 4476 illis
1812 4408 1955 4476 illorum
1977 4407 2103 4477 eredes

260 4567 500 4661 medietatem,
524 4570 574 4654 et,
597 4543 836 4652 quandoipse
859 4566 1027 4633 castanea
1049 4565 1085 4632 et
1107 4559 1230 4648 glandi
1253 4560 1458 4648 dividerint,
1483 4559 1598 4646 ipsum
1624 4559 1773 4628 missum
1795 4563 1997 4647 nutricare,
2015 4561 2110 4629 sicut

258 4721 393 4804 iustum
416 4721 539 4808 suerit3
563 4724 599 4790 et
621 4719 665 4790 de
686 4679 780 4816 quod
803 4707 927 4787 amodo
949 4721 985 4784 et
1000 4733 1136 4803 semper
1160 4714 1290 4783 ibidem
1312 4714 1584 4802 seminaberint,
1600 4714 1711 4784 deant
1729 4714 1812 4814 inde
1828 4714 2042 4800 terraticum
2060 4714 2109 4786 ad

257 4877 406 4946 missum
428 4871 578 4962 predicti
602 4869 812 4941 monasterii
826 4875 862 4942 ot
877 4869 920 4938 de
943 4867 1104 4956 predicta
1126 4885 1266 4955 gemma
1289 4867 1485 4936 monadum
1510 4867 1856 4937 consuetudinemds
1872 4849 1949 4956 ipso
1972 4868 2105 4957 locum,

259 5033 382 5100 tamen
407 5028 589 5097 licentiam
612 5027 719 5096 abere
743 5023 874 5094 ibidem
898 5024 1064 5092 homines·
1081 5023 1126 5094 ad
1150 5003 1585 5106 lavorandumfmidtereb
1612 5024 1649 5088 et
1670 5019 1776 5106 quale
1801 5023 1957 5107 tempore
1981 5019 2053 5090 illis
2068 5025 2104 5091 et

231 5181 333 5254 .suis
356 5181 520 5252 eredibus
543 5180 788 5270 suprascripta
813 5177 979 5248 tradictio
1002 5177 1042 5246 in
1058 5174 1225 5245 iamdicto
1248 5173 1409 5243 ordinem
1432 5177 1554 5242 tenere
1571 5173 1787 5242 allaborare
1810 5190 1882 5240 non
1906 5171 2103 5261 boluerint,

259 5340 416 5404 autnon
439 5333 634 5422 potuerint,
658 5331 824 5401 inclitum
846 5329 929 5400 illut
951 5329 1148 5429 lavoratum
1171 5331 1207 5397 et
1228 5321 1417 5414 cultatum,
1440 5324 1559 5412 qualis
1585 5327 1769 5436 meruerit,
1786 5325 1953 5395 remidtat
1975 5326 2021 5396 ad
2044 5341 2104 5414 po·

259 5429 425 5584 testatem
448 5485 597 5574 predicti
621 5482 831 5555 monasterii
855 5485 892 5552 et
915 5455 961 5551 ad
984 5483 1191 5569 potestatem
1214 5481 1326 5568 ipsius
1348 5498 1487 5592 gemme
1512 5481 1549 5548 et
1571 5477 1614 5547 de
1637 5481 1714 5548 eius
1738 5478 1870 5564 eredes,
1897 5477 2102 5547 iaciendum

259 5639 350 5726 quod
373 5637 565 5710 voluerint.
587 5597 633 5705 *de
655 5657 727 5726 qua
750 5653 813 5723 per
835 5634 1131 5704 combenientiam
1155 5633 1289 5722 guadia
1312 5631 1412 5702 nobis
1436 5633 1505 5719 ipsi
1528 5631 1696 5719 germani
1723 5631 1898 5701 dederunt
1914 5634 1951 5700 et
1968 5629 2101 5699 media-

266 5795 378 5861 torem
398 5791 506 5860 ·nobis
528 5783 722 5879 posuerunt
744 5783 916 5858 iohannes
930 5787 973 5857 de
989 5784 1147 5873 predicto
1170 5784 1284 5904 locpm
1300 5785 1394 5854 iilius
1409 5785 1617 5872 domnandi3
1636 5789 1673 5853 et
1689 5766 1750 5871 per
1770 5763 1997 5872 ipsa'guadia
2016 5781 2113 5852 obli·
