5456 7096
1053 473 1445 552 DlPLOlllATlGUS
2052 477 2122 552 ·163

324 711 404 796 ipsa
428 726 512 794 pars
535 705 741 792 occidentis,
767 709 803 772 et
827 705 958 772 iterum
982 703 1185 772 rebolbenle
1209 702 1247 769 iu
1270 720 1355 788 pars
1377 700 1640 787 septemtrionis
1656 701 1726 767 line
1744 701 1819 786 ipsa
1837 700 1947 771 viaet
1964 723 2057 792 sepe,
2083 709 2175 772 sunt

325 865 372 932 ab
395 865 491 930 intus
516 861 593 948 ipsa
617 863 722 934 rebus
746 859 842 928 iusta
865 859 943 946 ipsa
965 877 1046 944 sepe
1069 859 1162 945 passi
1187 857 1317 944 biginti
1345 858 1469 924 nobem
1493 860 1528 923 et
1544 855 1708 942 gubitum
1726 873 1848 931 unum,
1866 861 1902 925 et
1926 859 1971 927 ab
1989 859 2066 945 ipsa
2083 875 2172 946 pars

325 1012 587 1102 septemtrionis
610 1012 798 1080 relaxante
823 1013 901 1096 ipsa
923 1012 982 1078 via
1005 1011 1041 1078 et
1063 1013 1233 1097 pergente
1257 1009 1295 1075 in
1319 1026 1402 1094 pars
1425 1009 1574 1076 orientis
1598 1027 1685 1095 erga
1708 1025 1790 1096 sepe
1820 1015 1857 1078 et
1891 1027 1992 1078 muro
2028 975 2171 1080 betusto

326 1167 408 1237 inde
432 1168 526 1253 passi
553 1166 746 1251 sexaginta
770 1171 915 1250 septem,
942 1169 978 1232 et
1001 1163 1134 1232 iterum
1159 1161 1362 1232 rebolbente
1386 1181 1448 1248 per
1471 1164 1589 1248 eapite
1613 1164 1655 1231 de
1673 1165 1747 1249 ipso
1764 1182 1864 1230 muro
1880 1169 1916 1232 et
1932 1182 2013 1251 sepe
2029 1163 2073 1234 de
2091 1165 2174 1251 ipsa

327 1339 410 1409 pars
443 1318 637 1388 occidentis
666 1319 760 1404 passi
784 1317 953 1405 quinque,
979 1317 1168 1386 etiterum
1193 1317 1397 1388 rebolbente
1419 1321 1521 1406 quasi
1545 1320 1582 1386 in
1607 1339 1690 1405 pars
1713 1320 1863 1387 orientis
1887 1339 1998 1406 usqne
2025 1323 2064 1388 in
2089 1318 2166 1407 ipsa

329 1490 395 1558 que
417 1475 472 1540 est
495 1471 612 1557 priore
635 1472 718 1558 fine,
741 1471 834 1558 passi
860 1471 1004 1540 decem:
1032 1474 1143 1538 toturn
1167 1478 1413 1540 mensuratum
1436 1472 1481 1541 ad
1506 1473 1599 1541 iusto
1622 1481 1763 1559 passum
1787 1474 1918 1540 ominis
1939 1476 1976 1540 et
1999 1489 2047 1542 ex
2080 1473 2179 1540 omni

330 1631 432 1712 parte
454 1625 615 1712 predicta
640 1627 742 1692 rebus
765 1627 954 1693 coniuncta
978 1629 1032 1693 est
1056 1625 1101 1694 ad
1127 1627 1195 1692 fine
1221 1644 1366 1713 meaque
1391 1625 1509 1712 petri;
1545 1630 1613 1693 hee
1649 1643 1731 1693 vero
1762 1629 1867 1694 rebus
1902 1645 1969 1713 per
2008 1627 2177 1696 iamdicta

332 1780 420 1846 lines
449 1783 486 1846 el
509 1797 707 1863 mensuraS,
733 1778 826 1845 siout
849 1776 1020 1864 diximus,
1046 1777 1207 1846 inolitum
1229 1779 1310 1846 illut
1334 1779 1489 1865 ipsorum
1512 1781 1669 1850 ademari
1693 1785 1728 1849 et
1752 1781 1925 1848 iohannes
1961 1780 2184 1849 tradidimus

332 1929 408 2000 Tali
432 1931 569 2018 ordine,
593 1935 633 1998 ut
654 1931 779 1998 amodo
803 1937 838 2000 et
861 1949 969 2018 usque
992 1932 1122 2017 biginti
1146 1933 1270 1998 nobem
1294 1932 1382 2000 anni
1405 1932 1568 2018 completi
1593 1931 1639 2000 ad
1662 1931 1734 1998 illis
1758 1935 1794 2000 et
1822 1933 1867 2002 ad
1891 1931 2034 2000 illorum
2059 1931 2178 2000 eredi-

333 2084 397 2150 bus
421 2088 513 2151 esset
537 2083 721 2168 potestatis
744 2082 825 2150 illut
848 2090 967 2151 tenere
989 2087 1026 2152 et
1047 2082 1244 2169 dominare,
1268 2082 1366 2151 fobea
1389 2088 1424 2151 et
1447 2084 1562 2150 omnis
1586 2081 1728 2150 illorum
1752 2080 1968 2150 utilitatibus
1995 2083 2091 2150 iusta
2118 2100 2179 2150 ra·

331 2238 464 2306 tionem
488 2236 621 2306 ibidem
644 2239 761 2306 lacere
785 2245 832 2324 et,
857 2237 918 2305 ubi
942 2237 1123 2326 meruerit,
1148 2236 1230 2306 illut
1245 2236 1401 2323 eludere,
1419 2240 1454 2305 et
1470 2237 1529 2304 ubi
1548 2239 1700 2306 baeuum
1718 2237 1801 2302 abet
1819 2236 1913 2304 infra
1938 2235 2013 2322 ipsa
2038 2253 2184 2303 mensu·

334 2393 420 2478 rias,
445 2391 507 2459 ubi
531 2392 717 2478 meruerit,
740 2394 884 2460 arbores
899 2395 936 2460 et
953 2392 1041 2458 viles
1065 2390 1192 2458 ibidem
1217 2394 1407 2475 pastenare
1422 2393 1458 2456 et
1473 2388 1712 2474 propaginare
1736 2389 1882 2474 bonum,
1900 2395 1936 2455 et
1953 2386 2013 2455 ubi
2040 2405 2181 2455 merue-

332 2544 394 2631 rit,
418 2544 527 2612 etiam
551 2550 588 2612 et
610 2563 745 2631 pomae,
770 2550 805 2613 et
829 2547 939 2612 totum
963 2543 1045 2610 illut
1067 2540 1192 2611 amodo
1214 2546 1249 2607 et
1272 2557 1382 2625 usque
1407 2539 1482 2624 ipso
1505 2538 1737 2605 constitutum
1762 2556 1825 2624 per
1849 2539 1965 2605 omnis
1989 2555 2103 2607 annos
2132 2539 2184 2608 la·

334 2711 458 2763 vorare
484 2697 519 2763 et
543 2696 680 2764 sultare
714 2694 757 2763 de
783 2714 889 2781 super
912 2699 948 2760 et
971 2695 1106 2780 subter,
1129 2693 1221 2760 sieut
1244 2693 1414 2760 meruerit
1438 2691 1532 2757 loeus
1557 2691 1642 2776 ipse,
1661 2695 1700 2757 ut
1716 2707 1856 2776 semper
1874 2691 1912 2757 in
1930 2689 2059 2757 melius
2076 2692 2187 2776 proil-

332 2847 431 2916 oiant
452 2850 491 2914 et
514 2866 584 2915 non
608 2847 824 2935 dispereant,
848 2852 885 2916 et
906 2849 1037 2916 bonum
1059 2851 1185 2932 pareat
1208 2846 1417 2931 lavoratum,
1435 2849 1470 2912 et
1485 2819 1673 2930 collatum,
1691 2849 1726 2912 et
1742 2849 1896 2933 surlum,
1913 2847 2044 2915 Curam
2068 2856 2104 2916 et
2127 2848 2181 2914 vl·

332 3001 542 3088 gilationem
567 2999 649 3068 inde
672 3003 778 3070 abere
801 3006 837 3069 et
860 2999 997 3070 salbum
1022 2999 1103 3067 illut
1126 2998 1256 3084 faeere,
1280 2999 1373 3065 siout
1398 3001 1581 3082 meruerit,
1605 3003 1642 3065 et
1664 3018 1728 3084 pro
1752 3004 1908 3086 tempore
1931 3000 1974 3070 de
2006 3001 2185 3070 vindemie

332 3152 457 3221 amodo
478 3155 517 3222 et
539 3169 649 3238 usque
673 3151 749 3238 ipso
771 3153 1003 3221 constitutum
1027 3171 1090 3238 per
1113 3151 1227 3219 omnis
1249 3170 1384 3219 annum
1408 3151 1478 3219 illis
1498 3152 1551 3218 vel
1569 3151 1709 3220 illorum
1728 3154 1894 3221 eredibus
1912 3157 2023 3224 iaciat
2041 3177 2096 3227 me
2123 3162 2181 3228 vel
2276 3186 2286 3192 ·

333 3322 426 3374 meos
448 3307 570 3374 eredes
594 3306 666 3375 illis
689 3310 792 3394 seire,
818 3313 859 3376 ut
883 3308 1012 3375 ibidem
1038 3307 1237 3393 dirigamus
1261 3309 1406 3376 missum
1430 3313 1604 3395 nostrum,
1631 3315 1667 3376 et
1691 3309 1763 3378 illis
1786 3317 1898 3381 totum
1923 3314 2037 3400 ipsum
2071 3317 2180 3407 arbu-

333 3463 425 3527 stum
449 3460 690 3548 bindemiare,
715 3465 750 3528 et
773 3463 895 3528 vinum
919 3461 1034 3547 ipsum
1057 3461 1101 3529 ad
1126 3463 1344 3547 pulmentum
1370 3481 1576 3549 procurare,
1603 3471 1638 3531 et
1661 3465 1703 3532 de
1726 3465 1839 3532 omnis
1865 3467 1988 3535 vinum
2011 3475 2049 3537 et
2073 3487 2176 3556 poma

335 3632 440 3699 quam
458 3614 540 3682 inde
556 3615 702 3702 exierit,
719 3614 884 3683 tollamus
900 3613 983 3682 inde
1000 3615 1236 3699 medietatem,
1254 3614 1373 3683 stillis
1391 3589 1625 3684 medietatem.
1644 3617 1837 3684 Sortionem
1863 3623 2018 3689 nostram
2035 3619 2078 3688 de
2105 3622 2181 3707 ipso

334 3765 457 3834 uinum
495 3767 566 3834 illis
600 3767 652 3834 vel
685 3765 826 3833 illorum
851 3766 1015 3834 eredibus
1038 3785 1100 3852 per
1124 3767 1238 3834 omnis
1261 3787 1396 3834 aunum
1420 3767 1501 3835 illut
1525 3770 1623 3833 nobis
1648 3768 1801 3836 addueat
1826 3771 1870 3838 ad
1895 3771 2082 3841 cellarium
2117 3789 2180 3839 no·

334 3923 449 3987 strum
466 3921 507 3987 de
523 3921 642 3988 eodem
668 3921 741 3988 loeo
764 3923 907 3988 uueerio
930 3928 966 3987 et
989 3922 1107 3988 mittet
1132 3921 1211 3988 illut
1235 3923 1272 3986 in
1295 3939 1490 4008 organeum
1515 3926 1703 4008 nostrum,
1732 3923 1825 4010 quod
1856 3942 1978 3992 eorum
2014 3926 2187 4014 adsiuga·

334 4041 503 4157 r'erimuS,
521 4079 556 4138 et
570 4071 642 4140 illis
658 4072 732 4157 ipso
749 4089 943 4159 organeum
962 4072 1107 4140 adiubet
1123 4073 1356 4140 conclaudum
1382 4078 1416 4140 et
1440 4073 1683 4161 studiandum,
1715 4076 1807 4142 sicut
1831 4078 2015 4164 meruerit,
2040 4083 2076 4146 et
2100 4080 2187 4148 dum

335 4246 398 4314 per
421 4227 597 4296 vindemie
621 4229 751 4296 ibidem
779 4228 891 4296 fuerit
915 4228 1028 4314 ipsum
1053 4226 1199 4294 missum
1224 4231 1408 4312 nostrum,
1444 4225 1514 4293 illis
1550 4245 1630 4294 eum
1664 4226 1800 4295 notrire
1823 4231 2014 4297 seeundum
2044 4231 2185 4301 illorum

337 4381 588 4468 possivilitate,
613 4385 649 4449 et
671 4381 755 4450 dare
778 4381 879 4448 nobis
903 4380 1193 4466 palmentatieum
1217 4398 1278 4466 per
1302 4379 1416 4446 omnis
1439 4396 1575 4447 anuum
1599 4375 1735 4465 galline
1759 4377 1840 4465 due3
1872 4385 1907 4448 et
1939 4381 1981 4448 de
2005 4382 2098 4469 quod
2123 4401 2186 4469 per

335 4538 445 4604 antea
469 4535 599 4603 ibidem
623 4537 837 4606 seminatum
862 4536 998 4621 luerit,
1025 4535 1133 4602 deant
1156 4533 1237 4600 inde
1261 4533 1362 4599 nobis
1393 4531 1629 4608 terraticum,
1664 4533 1758 4599 siout
1791 4534 2008 4601 consuetudo
2040 4541 2094 4604 est
2124 4557 2189 4625 per

338 4690 412 4776 ipso
435 4691 562 4780 locum,
588 4697 624 4761 et
645 4693 818 4762 dederunt
843 4690 915 4758 illis
939 4691 1025 4757 mihi
1051 4688 1174 4758 amodo
1197 4703 1266 4775 ‘per
1300 4691 1378 4774 ipsa
1407 4688 1623 4757 tradietione
1655 4709 1719 4758 sex
1746 4695 1826 4759 auri
1865 4693 1935 4759 tari
1964 4691 2046 4758 boui
2081 4693 2117 4758 in
2147 4711 2187 4761 oo

338 4845 479 4934 ordine,
505 4851 545 4914 ut
561 4846 701 4933 quando
724 4863 789 4932 ego
813 4845 869 4912 vel
892 4860 987 4911 meos
1010 4841 1131 4910 eredes
1157 4841 1253 4910 infra
1279 4841 1352 4928 ipso
1375 4840 1603 4909 constitutum
1631 4841 1708 4926 ipsa
1731 4841 1942 4911 tradietione
1967 4847 2013 4911 ab
2038 4845 2109 4914 illis
2134 4865 2199 4916 re·-

338 5000 506 5088 colligere
540 5000 771 5084 noluerimus,
795 5000 1005 5084 potestatem
1029 4996 1197 5063 abeamus
1220 4997 1256 5062 et
1285 5011 1350 5082 pro
1383 4993 1521 5062 ratione
1553 4995 1636 5064 inde
1668 4995 1855 5064 reddamus
1885 5015 2005 5066 eorum
2039 4998 2082 5066 de
2115 4999 2184 5086 ipsi

339 5153 436 5242 tari,
461 5153 555 5221 sieut
578 5159 753 5239 quantum
778 5154 918 5235 tempus
943 5149 1018 5233 ipsa
1040 5145 1289 5216 tradietionem
1322 5149 1571 5234 tenuerimus,
1596 5147 1693 5215 sieut
1717 5147 1798 5214 inde
1822 5147 1893 5214 illis
1926 5147 1994 5216 sivi
2032 5150 2182 5235 imputa-

338 5315 418 5376 ret:
451 5312 591 5378 tantum
624 5307 731 5374 liceat
762 5305 834 5372 illis
859 5301 913 5372 vel
938 5301 1078 5369 illorum
1101 5299 1222 5367 eredes
1246 5300 1327 5368 inde
1350 5306 1520 5369 excutere
1556 5301 1617 5368 illo
1648 5306 1805 5388 tempore
1829 5305 1942 5369 omnis
1966 5303 2108 5378 illorum
2133 5303 2193 5372 la··

327 5477 456 5532 'vorem
480 5461 573 5549 quod
598 5461 638 5528 in
668 5461 744 5547 ipso
767 5476 862 5528 anno
894 5443 943 5527 ibi
968 5453 1105 5543 fecerit,
1129 5458 1165 5522 et
1188 5455 1302 5521 omnis
1329 5454 1469 5521 illorum
1494 5453 1671 5541 mobilem,
1695 5460 1730 5524 et
1763 5453 1856 5522 sieut
1879 5456 1984 5522 rebus
2008 5455 2085 5542 ipsa
2108 5456 2181 5523 eul-

337 5620 413 5687 tata
442 5622 477 5685 et
505 5621 620 5702 sarta,
651 5615 744 5683 sieut
774 5613 817 5681 de
844 5615 962 5680 tantos
989 5625 1101 5678 annos
1128 5613 1164 5676 et
1193 5607 1288 5674 loeus
1316 5609 1391 5692 ipse
1422 5607 1614 5693 meruerit,
1640 5607 1741 5674 nobis
1767 5607 1961 5688 remittant,
1980 5606 2182 5676 faciendum

334 5771 427 5856 duod
450 5748 679 5854 voluerimus3
703 5773 740 5837 et
755 5768 786 5836 si
812 5766 909 5836 illam
935 5783 1046 5852 usque
1077 5759 1146 5849 ipsi
1176 5759 1307 5848 biginti
1340 5761 1466 5826 nobem
1497 5759 1589 5827 anui
1614 5762 1783 5847 tenuerit,
1807 5762 1977 5828 abeamus
2001 5779 2064 5828 nos
2087 5780 2199 5829 secu·-
