5456 7096
510 621 511 624 ,
615 556 661 630 98
1252 547 1428 622 CODEX
1458 543 1734 620 onvnttsts

573 801 638 852 sua
661 800 773 852 causa
796 781 956 866 movilia,
981 783 1017 847 et
1040 779 1095 846 ire
1118 795 1197 844 cum
1224 775 1305 843 illut
1328 775 1388 842 ubi
1414 773 1604 843 boluerint.
1624 775 1670 840 De
1694 789 1765 858 qua
1788 789 1850 858 per
1873 788 1965 838 vona
1980 765 2240 835 cumvenientia
2255 780 2318 850 per
2343 761 2416 830 ius·

571 934 707 1003 sionem
733 933 844 1021 ipsius
867 931 986 1000 domni
1012 931 1132 1000 abbati
1156 929 1289 1018 guadia
1312 927 1399 997 mihi
1427 927 1500 1014 ipse
1523 924 1628 994 lando
1651 923 1758 1010 dedit,
1791 927 1827 991 et
1859 920 2056 990 mediatore
2086 919 2176 986 mihi
2209 918 2326 1004 posuit
2361 935 2419 983 va·

571 1107 652 1158 sum
674 1089 789 1156 fitium
812 1088 959 1158 iohanni
985 1086 1252 1170 bicidcminum3
1276 1087 1312 1152 et
1336 1102 1398 1170 per
1422 1083 1499 1169 ipsa
1522 1077 1655 1166 guadia
1680 1076 1855 1163 obligavit
1877 1091 1915 1143 se
1938 1074 2013 1160 ipse
2037 1072 2142 1142 lando
2176 1078 2212 1140 et
2236 1088 2320 1138 suos
2343 1089 2420 1139 ere·

571 1242 643 1312 des.
668 1243 760 1329 quod
783 1241 813 1310 si
838 1239 959 1310 taliter
983 1245 1051 1309 etc.
1078 1240 1248 1323 seqnitur
1269 1238 1434 1306 consucta
1467 1235 1640 1320 sornntu.
1678 1232 1823 1300 Stutntu
1856 1228 1989 1294 ntrdcta
2017 1226 2185 1328 triginta
2220 1241 2420 1292 anreornnc

570 1395 766 1464 solidorum
793 1394 1034 1463 Constantini.
1061 1390 1153 1478 quod
1176 1390 1304 1476 scripsi
1334 1405 1400 1475 ego
1423 1385 1654 1475 truppoaldus
1683 1383 1856 1452 notarius.

621 1517 652 1636 †
678 1549 748 1631 Ego
772 1545 934 1614 alderissi
960 1543 1121 1613 notarius
1143 1561 1198 1610 me
1225 1540 1419 1626 subscripsi
1542 1631 1544 1642 Ι

622 1671 652 1788 †
677 1701 752 1787 Ego
775 1697 979 1766 romoaldus
1003 1715 1058 1764 me
1081 1693 1275 1780 subscripsi

624 1821 654 1938 †
680 1851 755 1937 Ego
781 1847 986 1918 smaracdus
1010 1850 1173 1915 notarius
1196 1863 1252 1912 me
1275 1841 1481 1929 subscripsi.

1265 2067 1690 2086 m

1306 2361 1689 2452 CMXXXVII.

1352 2635 1410 2709 Α.
1437 2635 1492 2709 D.
1521 2634 1649 2710 1039.

615 2868 660 3008 †
686 2921 725 2986 ln
750 2917 891 3007 nomige
914 2919 1048 2987 domini
1074 2921 1239 2989 vicesimo
1262 2920 1377 3008 primo
1400 2937 1496 2989 anno
1519 2919 1742 3006 principatus
1775 2917 1894 2986 domni
1928 2917 2041 2985 nostri
2075 2915 2255 3003 guaimari
2278 2913 2424 2984 cibitate
2493 2917 2497 2922 '

578 3071 727 3150 salerni,
752 3077 788 3141 et
811 3073 924 3160 primo
948 3089 1044 3141 anno
1066 3071 1288 3159 principatus
1309 3073 1387 3140 eius
1417 3091 1540 3157 capue,
1557 3076 1593 3140 et
1609 3072 1724 3158 primo
1741 3087 1837 3140 anno
1854 3070 1984 3138 ducato
2001 3069 2079 3137 eius
2096 3066 2230 3155 amalfi,
2246 3067 2424 3155 gloriosus

574 3229 766 3314 princeps,
790 3244 910 3294 mense
933 3224 1079 3312 aprelis,
1103 3229 1254 3312 septima
1278 3226 1481 3294 indictione.
1507 3225 1654 3312 Ideoque
1677 3243 1742 3311 ego
1760 3225 1932 3292 iohannes
1946 3219 2233 3308 filiusquondam
2251 3219 2361 3306 petri,
2378 3220 2426 3288 si-

573 3383 634 3446 cut
657 3378 743 3446 mibi
769 3395 967 3465 congruum
991 3383 1072 3465 est,
1098 3396 1176 3446 mea
1193 3380 1287 3446 bona
1311 3377 1502 3446 bolumtate
1527 3395 1590 3463 per
1614 3393 1681 3445 anc
1706 3375 1884 3444 cartulam
1905 3377 1991 3443 ante
2027 3373 2211 3460 presentia
2234 3372 2424 3459 grimoaldi

581 3529 702 3598 comiti
727 3533 766 3598 et
789 3529 897 3597 iudici
921 3529 1150 3598 beuumdedit
1172 3529 1288 3616 adque
1311 3530 1354 3598 ad
1378 3548 1515 3615 semper
1538 3527 1715 3598 abendum
1740 3527 1949 3596 confirmabi
1973 3525 2041 3596 tibi
2064 3525 2181 3596 mauri
2206 3527 2425 3614 anianense,

579 3679 656 3748 filio
681 3681 859 3766 quondam
882 3681 976 3767 sergi
1002 3682 1044 3749 de
1068 3679 1247 3766 pantaleo,
1272 3697 1342 3747 una
1367 3681 1467 3766 pecta
1489 3678 1532 3746 de
1556 3683 1654 3746 terra
1669 3698 1749 3747 mea
1764 3698 1844 3746 cum
1860 3682 2041 3748 insitetum
2059 3681 2094 3744 et
2110 3676 2340 3764 aliquantum
2358 3677 2425 3746 sel-

580 3833 640 3919 ba,
664 3831 755 3917 quod
779 3849 845 3918 ego
868 3833 955 3900 abeo
980 3833 1017 3898 in
1042 3831 1156 3898 locurn
1180 3819 1385 3900 trasbone'ia
1408 3831 1540 3900 finibus
1563 3832 1818 3920 mindonense,
1844 3839 1879 3901 et
1903 3836 1957 3899 est
1981 3833 2058 3918 ipsa
2083 3836 2180 3900 terra
2195 3850 2275 3899 curn
2302 3828 2425 3898 insite·

577 3989 654 4052 tum
679 4003 742 4069 per
766 4003 807 4051 ec
830 3985 912 4051 finis
935 3989 972 4052 et
995 3984 1198 4054 mensuria:
1234 3987 1280 4054 ab
1303 3986 1480 4054 occidente
1503 3987 1572 4052 fine
1596 3993 1728 4073 tuaque
1752 3987 1880 4071 mauri,
1906 3985 1987 4053 inde
2010 3989 2095 4052 sunt
2118 3984 2214 4071 passi
2247 3984 2426 4072 quinqua·

583 4137 688 4222 ginta
713 4156 789 4206 sex:
817 4139 860 4206 de
883 4137 970 4224 pede
994 4137 1036 4205 de
1059 4139 1130 4205 fine
1154 4139 1232 4224 ipsa
1253 4137 1350 4208 selba
1373 4139 1464 4226 quod
1487 4141 1553 4207 tibi
1576 4159 1639 4226 per
1663 4142 1732 4209 ista
1753 4138 1893 4208 cartula
1916 4137 2154 4224 beuumdedit,
2172 4137 2255 4206 inde
2278 4137 2321 4204 de
2345 4137 2428 4205 lati·

588 4287 672 4356 tudo
696 4291 789 4374 passi
814 4289 990 4357 tridecim:
1016 4291 1062 4358 ab
1086 4289 1221 4358 oriente
1244 4291 1315 4358 fine
1337 4291 1379 4358 de
1402 4291 1523 4359 eredes
1548 4293 1695 4360 iohanni
1719 4291 1778 4376 qui
1804 4291 1873 4358 suit
1898 4292 2110 4375 bestarari0,
2135 4294 2171 4358 et
2194 4291 2266 4357 dne
2281 4289 2428 4358 iohanni

578 4439 645 4507 filii
673 4441 851 4528 iaqumu,
876 4443 969 4511 sicut
992 4443 1128 4510 termiti
1151 4443 1224 4510 ficti
1249 4449 1344 4528 sunt,
1370 4443 1451 4509 inde
1477 4445 1562 4510 sunt
1585 4444 1677 4528 passi
1703 4444 1902 4529 sexaginta:
1931 4442 2113 4528 decapite
2137 4446 2191 4510 est
2213 4441 2256 4509 de
2273 4441 2430 4510 latitudo

578 4593 672 4679 passi
699 4592 932 4679 quatuordeci
955 4597 991 4661 et
1013 4595 1178 4680 gubitum
1202 4612 1329 4679 unum,
1355 4597 1466 4660 totum
1491 4600 1736 4662 mensuratum
1753 4594 1797 4662 ad
1815 4597 1905 4662 iusto
1929 4611 2070 4680 passum
2095 4593 2266 4663 ominum.
2285 4611 2325 4662 ec
2343 4595 2427 4663 bero

582 4749 682 4814 terra
707 4763 789 4812 cum
814 4745 996 4812 insitetum
1020 4765 1083 4832 per
1107 4747 1310 4834 supradicte
1333 4746 1415 4814 finis
1438 4751 1474 4814 et
1497 4747 1673 4816 mensurie
1696 4753 1810 4816 totum
1832 4754 1869 4816 et
1892 4748 2056 4817 inclitum
2074 4749 2156 4818 illut
2172 4748 2238 4816 tibi
2257 4726 2428 4820 iamdicto

584 4895 702 4964 mauri
727 4893 970 4981 beuumdedit,
995 4895 1171 4983 simulque
1195 4903 1230 4966 et
1252 4899 1479 4968 beuumdedit
1502 4899 1566 4967 tibi
1592 4901 1757 4968 iamdicto
1781 4901 1897 4969 mauri
1922 4901 2005 4968 illut
2020 4901 2063 4970 de
2079 4901 2158 4988 ipsa
2173 4900 2270 4970 selba
2296 4901 2343 4970 da
2360 4902 2430 4970 ista

584 5047 767 5114 mensoria
792 5047 830 5113 in
855 5052 958 5133 supto
982 5047 1172 5134 demotum,
1197 5047 1428 5118 descendente
1452 5051 1622 5137 usquein
1647 5052 1753 5120 flubio
1776 5051 1915 5139 boneia,
1940 5053 1985 5121 ad
2009 5054 2182 5120 securiter
2206 5058 2242 5120 et
2276 5054 2430 5122 firmiter

583 5198 708 5266 amodo
728 5204 763 5266 et
787 5217 927 5284 semper
951 5205 991 5266 tu
1015 5199 1205 5268 iamdictus
1221 5218 1346 5268 mauro
1363 5207 1398 5270 et
1411 5207 1488 5270 tuos
1503 5205 1625 5272 eredes
1643 5205 1768 5274 inclita
1783 5207 1987 5292 supradicta
2002 5225 2083 5280 mea
2100 5207 2318 5274 bindictione
2331 5207 2430 5274 vobis

584 5351 728 5439 abendi‚
753 5351 976 5436 dominandi,
1002 5353 1218 5439 possidendi,
1243 5355 1362 5422 omnia
1385 5355 1514 5423 exinde
1538 5357 1690 5424 taciendi
1716 5375 1785 5443 que
1808 5358 2003 5444 bolueritis3
2029 5377 2139 5445 asque
2163 5360 2259 5426 omni
2276 5377 2356 5428 mea
2374 5359 2430 5427 vel

582 5503 624 5570 de
648 5503 737 5570 meis
761 5503 927 5570 eredibus
950 5505 1242 5573 contrarietatem
1268 5507 1322 5572 vel
1340 5506 1582 5594 requisitione3
1601 5509 1694 5577 unde
1710 5529 1773 5596 pro
1790 5510 2072 5580 confirmandam
2085 5518 2122 5580 et
2137 5512 2430 5583 stabiliscendam

583 5653 790 5740 supradicta
814 5672 893 5721 mea
917 5652 1152 5742 bindictione,
1177 5671 1274 5722 nunc
1298 5675 1320 5724 a
1343 5659 1520 5742 presentis
1545 5663 1660 5748 recepi
1684 5683 1707 5730 a
1730 5667 1765 5731 te
1789 5663 1956 5732 iamdicto
1979 5683 2105 5734 mauro
2128 5670 2299 5732 amtorem
2313 5683 2431 5732 meum

586 5809 758 5874 statutum
784 5808 956 5893 pretium,
973 5808 986 5874 i
1003 5812 1086 5875 sunt
1109 5809 1189 5874 auri
1213 5806 1314 5875 solidi
1339 5808 1381 5876 de
1404 5811 1476 5878 tari
1502 5812 1583 5878 boni
1609 5831 1796 5880 numerum
1813 5821 1947 5901 septem
1964 5821 2000 5885 et
2016 5817 2086 5884 tari
2106 5835 2175 5884 uno
2191 5836 2264 5886 ana
2280 5822 2432 5904 quatuor
