5402 7088
611 506 658 580 54
1246 461 1424 582 oouux
1464 505 1736 584 onvuusvs

562 733 623 802 dia
646 735 735 802 mibi
761 733 836 822 ipse
860 735 1072 804 criscentius
1095 734 1213 823 dedit,
1236 754 1309 804 una
1331 753 1469 804 mecum
1493 737 1586 802 esset
1609 735 1724 819 ipsum
1748 731 1959 801 adbocatore
1983 749 2122 824 meum,
2146 735 2183 798 et
2214 728 2409 797 mediatore

560 889 661 956 mibi·
678 890 796 974 posuit
821 907 857 956 se
884 891 961 975 ipsu
986 893 1022 958 et
1046 893 1167 975 petrus
1190 889 1401 958 atrianense
1425 887 1521 954 tilius
1546 886 1693 954 iohanni
1718 884 1846 971 alperti
1860 904 1870 972 3
1900 890 1936 952 et
1960 903 2022 971 per
2046 884 2124 970 ipsa
2152 881 2287 969 guadia
2323 879 2410 948 obli·

559 1043 664 1132 gavit
686 1063 723 1112 se
747 1049 783 1112 et
806 1063 888 1113 suos
911 1045 1002 1112 filios
1025 1050 1060 1113 et
1084 1044 1229 1130 eredes,
1261 1051 1301 1116 ut
1330 1045 1359 1113 si
1385 1045 1509 1113 taliter
1542 1042 1663 1110 omnia
1692 1041 1937 1138 suprascripta
1966 1039 2004 1106 in
2037 1038 2244 1126 supradicta
2268 1036 2409 1104 ratione

559 1198 653 1265 mibi
678 1197 737 1264 vel
761 1195 800 1263 in
825 1217 908 1284 pars
931 1197 1043 1285 ipsius
1067 1196 1213 1264 ecclesie
1237 1215 1307 1264 non
1332 1195 1581 1282 adimpleverit
1603 1202 1638 1264 et
1661 1195 1793 1282 aliquit
1817 1195 1899 1265 inde
1929 1193 2218 1280 contradixerit,
2243 1212 2305 1282 per
2330 1195 2408 1282 ipsa

561 1351 697 1438 guadia
720 1367 930 1438 componere
954 1331 1127 1436 obligavit
1151 1367 1188 1417 se
1206 1355 1336 1418 etsuos
1361 1351 1453 1417 filios
1469 1355 1506 1418 el
1522 1351 1643 1419 eredes
1669 1350 1771 1438 mihi,
1791 1352 1844 1421 vel
1869 1351 1914 1420 ad
1939 1352 2157 1438 successores
2184 1366 2291 1436 meoS,
2309 1367 2408 1418 saum

561 1504 605 1573 ad
631 1521 715 1590 pars
740 1502 897 1588 predicte
921 1502 1069 1570 ecclesie
1091 1503 1224 1589 biginti
1249 1505 1329 1571 auri
1354 1501 1456 1568 solidi
1481 1502 1714 1588 constantini,
1740 1509 1868 1572 etune
1893 1505 2035 1570 brebem
2066 1504 2192 1590 scripsi
2217 1521 2283 1590 ego
2307 1521 2410 1589 supc-
2480 1495 2484 1501 ’

562 1659 640 1726 rius
663 1659 820 1727 ademari
846 1658 1020 1768 notarius.

605 1783 636 1901 †
660 1814 735 1901 Ego
758 1783 1119 1879 iohannes'notarius
1144 1828 1199 1876 me
1223 1810 1430 1895 subscripsi.

1237 2133 1713 2146 m—

1399 2465 1595 2586 amus..
1630 2423 1632 2428 ’

1230 2707 1235 2716 ’
1333 2764 1390 2837 Α.
1418 2766 1473 2838 n.
1504 2764 1633 2860 1036.

607 2996 705 3137 †ln
731 3051 874 3118 nomine
898 3049 1034 3118 domini
1057 3054 1182 3120 octabu
1210 3037 1346 3119 decimo
1378 3069 1472 3119 anuo
1504 3053 1728 3138 principatus
1759 3051 1879 3118 domni
1913 3053 2027 3118 nostri
2058 3051 2240 3142 guaimari
2265 3050 2410 3136 gloriosi

561 3202 753 3289 principiS,
778 3202 843 3270 lilii
868 3203 985 3271 domni
1010 3171 1203 3293 guaimari,
1228 3223 1349 3272 mense
1375 3205 1573 3291 ianuarius,
1598 3211 1731 3291 quarta
1757 3205 1966 3272 indictione.
1994 3203 2142 3290 Ideoque
2166 3223 2231 3292 ego
2256 3205 2322 3292 le0,
2346 3207 2408 3292 qui

555 3353 626 3422 fuit
650 3353 692 3422 de
716 3356 838 3425 amalfi
869 3360 929 3443 qui
960 3375 1038 3424 sum
1070 3358 1170 3424 modo
1201 3366 1446 3427 commanente
1470 3349 1508 3422 in
1532 3337 1684 3426 cibitatc‘
1705 3359 1878 3444 salerno,
1908 3358 2068 3444 eoquod
2100 3366 2184 3426 ante
2217 3360 2408 3445 subscripti

559 3507 696 3577 idoneis
720 3480 937 3598 hominibus
955 3512 1049 3579 sicut
1073 3511 1159 3578 mihi
1185 3497 1381 3598 congruum
1405 3515 1472 3590 est,
1489 3529 1568 3579 mea
1592 3513 1685 3580 bona
1708 3513 1895 3580 boluntate
1921 3530 1984 3598 per
2009 3530 2078 3580 anc
2103 3511 2280 3580 cartulam
2305 3511 2408 3580 trado

552 3621 672 3748 adque
697 3663 867 3729 confirmo
883 3665 947 3731 tibi
967 3667 1152 3734 nominata
1176 3665 1350 3736 merenda
1374 3665 1538 3750 filia‚qui
1557 3667 1962 3760 est'uxorecostautini,
1982 3665 2044 3750 qui
2061 3668 2114 3732 est
2136 3679 2270 3752 genero
2293 3685 2406 3752 meus,

567 3815 694 3886 inclita
718 3819 863 3884 tertiam
887 3825 1023 3902 partem
1049 3818 1091 3884 de
1114 3823 1212 3887 terra
1237 3837 1316 3886 mea
1340 3837 1420 3885 oum
1445 3820 1550 3888 binea
1572 3819 1615 3886 de
1639 3775 1754 3886 locum
1778 3819 1889 3905 sonti,
1915 3821 1978 3886 ubi
2003 3819 2176 3888 floscetole
2198 3819 2345 3907 dicitur,
2373 3827 2409 3890 et

565 3967 693 4036 inclita
717 3970 862 4038 tertiam
885 3975 1020 4055 partem
1044 3971 1202 4039 deterre
1225 3991 1305 4038 cum
1329 3971 1422 4040 silba
1446 3971 1494 4039 de'
1506 3951 1581 4059 ipso
1605 3972 1732 4059 locum,
1750 3973 1794 4040 ad
1818 3974 1996 4040 securiter
2013 3977 2049 4041 et
2065 3973 2217 4041 firmiter
2234 3976 2313 4059 ipsa
2330 3972 2407 4040 filia

515 4185 520 4196 ,
554 4139 636 4191 mea
661 4123 698 4190 et
743 4122 821 4190 eius
844 4125 965 4192 eredes
982 4123 1059 4211 ipsa
1076 4125 1256 4212 tradictio,
1274 4127 1430 4211 qualiter
1454 4144 1559 4212 super
1577 4125 1723 4212 legitur,
1739 4123 1934 4212 abendam,
1951 4123 2219 4211 dominandum,
2243 4125 2407 4212 possiden

553 4275 652 4362 dum,
677 4277 796 4342 omnia
819 4275 949 4343 exinde
974 4276 1267 4364 faciendumque
1292 4277 1493 4364 uolueritis,
1509 4295 1618 4364 asque
1641 4275 1739 4344 omni
1763 4297 1844 4346 mea
1869 4278 1924 4346 vel
1947 4277 1989 4346 de
1994 4325 2150 4346 .....
2177 4281 2298 4348 eredes
2322 4299 2401 4348 mea

561 4429 851 4496 contrarietatem
882 4429 935 4496 vel
969 4427 1248 4515 requisitionem.
1274 4430 1316 4498 de
1339 4413 1412 4516 qua
1435 4431 1553 4518 obligo
1585 4452 1640 4500 me
1664 4435 1857 4537 iamdictus
1887 4436 1940 4502 leo
1971 4439 2007 4502 ct
2037 4433 2125 4502 alios
2155 4453 2250 4502 meos
2280 4433 2401 4502 eredes

561 4581 816 4650 defensandum
841 4584 907 4650 tibi
932 4582 1097 4651 iamdicto
1121 4582 1190 4652 alie
1216 4592 1350 4652 meoet
1374 4586 1419 4654 ad
1436 4589 1515 4652 tuos
1539 4587 1661 4656 eredes
1685 4585 1811 4656 inclita
1837 4586 2046 4673 supradicta
2070 4604 2149 4654 mea
2173 4586 2398 4672 tradictione‚

478 4800 481 4804 .
551 4755 631 4805 cum
656 4731 777 4806 omnia
800 4738 845 4806 ad
869 4755 907 4804 se
932 4739 1195 4825 pertinentibus
1217 4743 1253 4806 et
1275 4759 1355 4806 cum
1380 4741 1456 4808 bice
1480 4741 1523 4809 de
1547 4742 1608 4810 bia
1632 4735 1766 4810 suada
1790 4742 1842 4808 illi
1866 4740 2046 4807 ominibus
2069 4745 2105 4806 et
2128 4741 2303 4825 partibus
2328 4739 2394 4826 qui

549 4909 614 4979 pro
640 4911 720 4960 mea
736 4899 846 4978 parte
870 4901 905 4961 et
928 4894 1048 4962 datum
1073 4896 1317 4982 quodcumque
1340 4888 1565 4962 causationes
1590 4893 1673 4961 inde
1690 4895 1791 4960 nobis
1815 4893 2054 4980 preposuerit:
2080 4892 2122 4960 de
2146 4893 2209 4962 alii
2234 4885 2317 4961 bero
2332 4897 2393 4962 ho·
2446 4925 2457 4938 ·

551 5048 719 5116 minibus
744 5057 779 5116 et
806 5051 967 5136 partibus
990 5048 1052 5136 pe'r
1077 5068 1135 5116 vos
1161 5051 1246 5136 ipsis
1272 5049 1352 5118 illul
1374 5052 1475 5117 nobis
1499 5049 1714 5135 defensetis,
1738 5048 1896 5135 qualiter
1920 5047 2129 5133 bolueritis3
2155 5052 2190 5115 et
2214 5045 2252 5115 si‘
2273 5049 2395 5118 taliter

548 5209 672 5276 omnia
697 5209 941 5293 suprascripta
964 5159 1027 5292 per
1050 5207 1252 5292 supradicto
1276 5206 1398 5273 ordine
1423 5207 1488 5272 tibi
1513 5205 1636 5291 tuique
1658 5205 1823 5272 eredibus
1847 5222 1918 5270 non
1943 5203 2259 5289 adimpieberimus
2292 5211 2329 5275 et
2352 5205 2396 5274 de

550 5359 799 5458 suprascripta
816 5360 945 5445 aliquit
960 5361 1312 5446 contradisserimus,
1324 5377 1385 5444 per
1401 5361 1492 5426 bona
1508 5359 1772 5426 combenientia
1794 5377 2003 5444 componere
2027 5357 2145 5446 obligo
2170 5378 2225 5426 me
2243 5363 2278 5426 et
2302 5357 2393 5426 alios

550 5539 645 5590 meos
668 5519 790 5589 eredes
813 5518 878 5586 tibi
905 5517 1072 5585 iamdicto
1098 5515 1266 5585 marende
1290 5483 1413 5599 tuique
1435 5514 1601 5580 credibus
1625 5513 1887 5599 triginta'auri
1911 5511 2039 5580 solidos
2062 5515 2335 5600 constantinus,
2361 5517 2395 5582 ct

551 5675 670 5742 omnia
695 5673 936 5756 suprascripta
959 5670 1058 5736 vobis
1080 5667 1354 5754 adimpleamus,
1379 5665 1474 5732 sicut
1504 5667 1669 5752 superius
1695 5667 1840 5752 legitur.
1875 5671 2118 5736 verumtamen
2143 5685 2398 5753 memoramus,

555 5833 593 5896 et
617 5825 766 5898 tradidit
790 5825 919 5892 iterum
946 5823 1010 5890 tibi
1032 5821 1199 5929 iamdicta
1223 5822 1393 5890 marende
1419 5821 1545 5890 inclita
1568 5825 1709 5891 tertiam
1735 5827 1875 5910 partem
1900 5822 1943 5890 de
1966 5825 2065 5890 terra
2089 5839 2169 5890 cum
2200 5824 2408 5892 cannietum
