5408 7108
981 518 1439 594 lllPLOMATlGUS
2019 520 2091 595 215

287 701 396 804 michi
420 735 515 824 dedi,
532 739 568 805 et
585 736 847 810 fidexiuxcrem
870 743 981 810 michi
1005 743 1105 830 posui
1130 744 1285 830 scipsum
1317 762 1380 830 per
1404 746 1565 832 apposita
1587 762 1707 813 omnes
1732 747 1911 832 pingnora
1933 749 1969 816 et
1993 753 2141 816 causam

292 907 394 958 suam
419 889 580 977 legitimo
602 891 644 960 ed
669 891 891 980 inlegitim03
917 900 953 962 et
977 913 1038 983 per
1055 897 1133 984 ipsa
1156 896 1291 984 guadia
1313 897 1487 986 obligavit
1510 918 1547 967 se
1570 903 1606 968 et
1627 917 1709 968 suos
1731 898 1868 988 eredes,
1891 899 1939 966 ud
1955 898 1983 968 si
2009 899 2139 987 aliquit

289 1040 332 1110 de
355 1043 476 1112 omnia
499 1047 745 1132 suprascripta
769 1049 871 1115 uobis
893 1047 948 1116 vel
973 1050 1011 1116 in
1033 1067 1117 1136 pars
1141 1037 1308 1119 iamdicto
1330 1047 1502 1120 hecclesie
1532 1070 1603 1118 non
1634 1049 1883 1138 adimpleberit
1896 1101 1906 1138 ,
1936 1070 1999 1139 per
2024 1054 2136 1139 ipsam

293 1195 463 1282 guadiam
487 1195 663 1284 obligavit
684 1215 722 1266 se
745 1201 783 1268 et
804 1217 887 1268 suos
909 1200 1030 1270 eredes
1053 1200 1098 1270 ad
1120 1203 1397 1290 componendum
1420 1205 1523 1272 nobis
1547 1205 1601 1274 vel
1625 1205 1662 1272 in
1686 1224 1771 1294 pars
1806 1206 1973 1276 iamdicta
1999 1207 2135 1276 heccle-

291 1350 343 1417 sic
369 1349 525 1436 triginta
546 1352 627 1420 auri
653 1349 781 1419 solidos
803 1353 1098 1423 costantinianos.
1123 1353 1220 1430 Quod
1243 1355 1369 1424 scribsi
1392 1373 1459 1442 ego
1481 1355 1644 1426 alderissi
1667 1357 1841 1427 notarius.

341 1472 371 1590 †
397 1504 473 1592 Ego
496 1505 557 1590 qui
581 1522 689 1592 supra
712 1507 882 1594 grimoalt
903 1524 1018 1576 comes
1040 1514 1075 1579 et
1098 1510 1214 1575 iudex.
1318 1595 1320 1600 Ι

1039 1763 1412 1779 Ἣ

1149 2016 1279 2096 MX.

1062 2323 1119 2398 A.
1148 2324 1202 2398 D.
1232 2323 1361 2397 1042.

340 2527 376 2666 †
402 2575 441 2642 ln
467 2579 610 2646 nomine
635 2575 769 2644 domini
801 2575 966 2642 vicesimo
994 2575 1118 2663 quinto
1143 2593 1239 2645 anuo
1266 2575 1491 2664 principatus
1522 2576 1654 2646 salerni
1682 2575 1802 2644 domni
1828 2576 1943 2643 nostri
1965 2575 2144 2662 guaimari

298 2731 454 2821 glorioso
477 2728 661 2817 principa,
694 2733 730 2796 et
752 2730 876 2814 quinto
904 2744 998 2796 anno
1024 2729 1246 2815 principatus
1272 2731 1349 2797 eius
1376 2749 1512 2818 capue,
1544 2733 1579 2798 et
1601 2731 1729 2816 quarto
1757 2745 1852 2796 anno
1875 2727 2025 2810 ducatus
2048 2723 2147 2794 illius

298 2887 423 2958 amalfi
445 2891 482 2955 et
504 2890 700 2973 surrentu,
724 2901 844 2953 mense
868 2885 1024 2972 octuber,
1048 2883 1235 2953 undecima
1258 2884 1463 2953 indictione.
1488 2884 1637 2971 Ideoque
1660 2900 1725 2970 ego
1750 2883 1946 2968 iohannes,
1971 2883 2032 2968 qui
2069 2899 2148 2949 sum

296 3044 455 3111 avitator
480 3043 517 3107 in
543 3037 655 3106 locum
680 3041 834 3126 paternu
858 3037 989 3106 finibus
1011 3037 1054 3104 de
1070 3041 1308 3124 apos-monte,
1325 3035 1420 3104 filius
1436 3035 1612 3123 quondam
1636 3037 1799 3136 iohanni,
1815 3037 1877 3122 qui
1901 3033 2034 3103 dicitur
2059 3036 2148 3104 scal·

297 3192 446 3281 dafolia,
463 3194 556 3260 sicut
579 3192 669 3258 mihi
694 3207 890 3277 congruum
914 3193 968 3258 est
990 3207 1082 3258 vona
1107 3208 1186 3258 mea
1208 3189 1391 3280 voluntate
1414 3192 1497 3258 ante
1520 3189 1710 3274 subscripti
1734 3191 1842 3255 testes
1858 3205 1921 3274 per
1937 3205 2005 3256 anc
2029 3190 2149 3256 cartu-

300 3345 370 3417 lam
396 3343 625 3414 venumdedit
650 3343 764 3430 adque
781 3343 826 3413 ad
842 3360 979 3428 semper
1001 3341 1175 3411 avendum
1199 3343 1368 3410 confirmo
1384 3343 1448 3410 tivi
1466 3344 1615 3410 iohanni
1633 3342 1821 3428 presbiteri
1836 3341 1880 3410 de
1896 3341 2017 3412 eodem
2034 3343 2148 3411 locum

297 3504 458 3588 paternu
482 3497 557 3566 filio
581 3499 727 3567 iohanni
753 3496 941 3584 presbiteri
966 3494 1035 3562 due
1058 3497 1156 3582 pecie
1184 3495 1227 3564 de
1257 3495 1365 3562 terris
1396 3513 1472 3562 mee
1495 3513 1606 3562 vacue
1630 3499 1666 3562 ct
1687 3513 1768 3562 cum
1790 3493 1976 3581 aliquante
2008 3499 2146 3583 quertie

297 3651 392 3741 quod
397 3698 467 3720 .....
482 3650 662 3738 predictus
687 3651 860 3718 iohannes
884 3667 970 3726 aveo
995 3645 1033 3714 in
1057 3651 1176 3716 monte
1198 3647 1260 3734 qui
1284 3647 1416 3724 dicitur
1439 3650 1621 3718 maimanu
1643 3652 1679 3716 et
1702 3652 1785 3716 toru
1809 3648 1853 3717 de
1869 3649 2002 3737 gattuli
2018 3650 2152 3718 dicitur

296 3825 320 3876 a
344 3823 451 3892 super
475 3806 551 3891 ipso
576 3803 690 3871 locum
715 3808 894 3889 pateruu3
927 3804 1044 3890 prima
1070 3803 1170 3896 pecia
1192 3805 1246 3869 est
1269 3819 1332 3888 per
1355 3818 1396 3869 as
1419 3801 1507 3868 fines
1531 3805 1567 3869 et
1589 3817 1797 3868 mensuras:
1832 3805 1981 3888 aparte
2003 3803 2152 3872 meridie

300 3959 371 4028 fine
396 3977 547 4046 meaque
570 3958 719 4026 iohanni
744 3960 780 4025 et
804 3954 847 4023 de
869 3955 1093 4024 consortibus
1115 3957 1217 4032 meis,
1234 3952 1316 4020 inde
1340 3955 1425 4020 sunt
1446 3953 1541 4038 passi
1565 3950 1695 4038 viginti
1719 3952 1905 4039 quinque:
1931 3951 1974 4021 de
1988 3917 2154 4041 'supera

300 4115 403 4199 parte
428 4110 683 4198 septentrionis
705 4107 858 4178 saliente
880 4127 944 4194 per
968 4105 1107 4175 vallone
1130 4111 1166 4175 et
1189 4105 1271 4174 inde
1296 4109 1381 4173 sunt
1404 4107 1498 4192 passi
1515 4104 1582 4174 alii
1598 4107 1725 4194 viginti
1743 4109 1913 4194 quinque,
1927 4109 1974 4176 ab
1997 4106 2080 4176 inde
2097 4125 2152 4176 rs·

300 4261 459 4331 volbeute
484 4263 522 4327 in
547 4263 626 4348 ipsa
649 4263 750 4348 parte
775 4259 856 4327 inde
881 4263 964 4326 sunt
987 4260 1081 4345 passi
1106 4257 1367 4344 quadraginta:
1393 4260 1436 4328 de
1460 4277 1567 4348 super
1590 4259 1705 4348 capite
1729 4260 1894 4330 similiter
1918 4261 1989 4332 flue
2009 4282 2094 4360 ,mea
2116 4268 2153 4332 et

263 4473 265 4477 .
304 4417 346 4485 de
370 4416 596 4484 consortibus
618 4417 721 4502 meis,
740 4419 776 4483 et
799 4413 881 4482 inde
904 4416 988 4481 sunt
1010 4414 1105 4500 passi
1130 4413 1261 4501 viginti
1285 4411 1367 4480 duo:
1392 4414 1438 4482 ab
1454 4411 1635 4481 occidente
1657 4411 1891 4481 descendente
1907 4412 2072 4484 similiter
2089 4433 2153 4502 per

300 4571 373 4640 flue
395 4571 579 4639 nostrast
603 4571 738 4656 tuaque
762 4570 909 4638 iohanni
941 4567 1131 4655 presbiteri
1158 4571 1195 4636 et
1224 4569 1463 4655 coniungente
1491 4567 1536 4637 ad
1564 4569 1642 4654 ipsa
1664 4568 1783 4654 priore
1807 4567 1891 4655 fine,
1908 4575 1945 4638 et
1961 4567 2045 4638 inde
2067 4575 2153 4639 sunt

161 4777 163 4784 .
302 4724 397 4810 passi
414 4723 659 4811 quadraginta
682 4743 758 4793 sex.
785 4728 864 4811 ipsa
881 4725 956 4795 alia
971 4725 1074 4813 pecie
1091 4727 1130 4794 in
1147 4727 1269 4796 eodem
1287 4727 1401 4795 locum
1424 4732 1477 4797 est
1492 4745 1555 4816 pcr
1571 4747 1611 4799 as
1626 4728 1708 4796 finis
1730 4733 1766 4799 et
1788 4749 1987 4800 mensuras:
2006 4752 2029 4801 a
2045 4737 2151 4820 parte

302 4878 502 4947 occidentis
524 4876 595 4946 line
618 4878 661 4948 de
685 4881 906 4947 consortibus
930 4880 1061 4946 nostris
1084 4882 1120 4946 et
1144 4882 1277 4965 tuaque
1300 4880 1446 4949 iohanni
1465 4881 1674 4966 presbiteri,
1694 4879 1776 4948 inde
1799 4886 1883 4950 sunt
1905 4884 2001 4970 passi
2026 4885 2156 4971 viginti

304 5051 444 5102 unum:
474 5050 496 5099 a
520 5036 623 5119 parte
646 5033 797 5100 orientis
823 5031 973 5099 saliente
1002 5048 1113 5118 usque
1142 5032 1256 5099 medio
1285 5033 1360 5118 ipso
1382 5037 1464 5102 toru
1486 5035 1529 5103 de
1553 5035 1682 5122 gattuli
1705 5036 1742 5103 et
1764 5053 1829 5121 per
1851 5035 1922 5105 fine
1946 5040 2094 5120 nostra,
2117 5041 2154 5107 et

308 5185 393 5254 inde
417 5190 502 5253 sunt
526 5185 621 5272 passi
645 5203 757 5271 usque
780 5184 895 5253 medio
919 5185 996 5272 ipso
1021 5189 1099 5253 toru
1124 5189 1160 5252 et
1183 5187 1300 5254 sancti
1325 5184 1521 5272 salbatori,
1544 5189 1580 5253 et
1603 5184 1686 5252 inde
1708 5189 1794 5253 sunt
1823 5186 1919 5272 passi
1955 5187 2151 5274 tridecim,

306 5339 398 5427 quod
423 5337 493 5407 ista
517 5336 588 5405 fine
611 5337 658 5406 da
682 5341 788 5426 parte
811 5337 1093 5425 septentrionis,
1125 5356 1148 5407 a
1182 5342 1285 5426 parte
1319 5338 1468 5406 meridie
1498 5337 1732 5406 descendente
1762 5356 1825 5425 per
1857 5338 1928 5410 flue
1962 5341 2076 5427 ipsius
2098 5359 2154 5409 ec·

305 5491 411 5562 clesie
434 5489 551 5560 sancti
577 5488 747 5559 salbatori
771 5493 807 5558 et
836 5491 1076 5578 coniungente
1098 5507 1137 5558 sc
1161 5491 1206 5560 ad
1231 5492 1309 5576 ipsa
1339 5491 1459 5578 priora
1482 5489 1553 5558 dne
1575 5495 1612 5558 et
1641 5490 1723 5558 inde
1757 5495 1841 5560 sunt
1875 5512 1938 5579 per
1969 5493 2041 5560 fluo
2064 5495 2144 5563 tua·
2207 5581 2209 5584 Ι

306 5661 375 5732 que
416 5643 564 5714 iohanni
600 5641 791 5730 presbiteri
815 5644 910 5728 passi
937 5639 1178 5730 quadraginta
1200 5641 1393 5728 quadtuor3
1416 5646 1537 5711 tamen
1550 5691 1561 5729 ,
1585 5644 1678 5711 sicut
1698 5641 1869 5730 diximus,
1894 5645 1970 5712 tota
1994 5645 2071 5730 ipsa
2096 5661 2151 5712 re·

308 5799 376 5867 bus
398 5801 452 5866 est
474 5815 521 5867 ex
543 5797 639 5864 omni
664 5801 764 5884 parte
790 5796 861 5864 fine
886 5801 1019 5883 tuaque
1044 5797 1192 5864 iohanni
1217 5796 1434 5884 presbiteri,
1459 5801 1498 5866 et
1518 5791 1626 5884 me'a,
1648 5798 1685 5864 et
1714 5794 1758 5863 de
1788 5796 2011 5865 consortibus
2034 5799 2151 5865 mois:
