5406 7090
2048 587 2093 656 vu

291 797 492 904 diploma
521 798 594 882 del
625 777 840 906 Principe
861 799 1078 885 Pandolio
1108 796 1261 881 scritto
1282 798 1461 881 1101980
1489 797 1517 902 ¹)
1548 795 1645 878 eioe
1676 781 1868 919 91011111
1900 795 2018 900 dopo
2038 795 2144 877 l‘in-
2273 803 2280 816 '

290 976 451 1063 cendio
479 979 598 1062 della
626 955 740 1063 Citta
771 979 815 1063 di
844 985 1012 1088 Troyes
1042 956 1269 1062 avvenuto
1291 980 1384 1061 ΡΑ.
1409 977 1512 1081 889,
1538 977 1611 1059 nel
1632 961 1763 1080 quale
1786 996 1921 1077 anno,
1944 971 2139 1072 secondo

288 1164 299 1243 i
333 1161 611 1266 Bollandisti,
646 1163 678 1244 il
708 1185 848 1268 corpo
877 1162 923 1245 di
953 1167 1000 1246 S.
1034 1165 1162 1265 Lupo
1192 1159 1239 1240 fu
1269 1159 1477 1241 sottratto
1509 1179 1533 1239 e
1571 1157 1775 1240 nascosto
1807 1157 1879 1237 nel
1915 1153 2143 1259 subborgo

284 1343 403 1426 della
434 1343 666 1452 devastata
695 1344 818 1447 citta,
842 1343 959 1426 dove
990 1341 1180 1446 giacque
1214 1341 1388 1424 occulto
1409 1341 1499 1422 fino
1521 1340 1660 1422 all’A.
1700 1341 1815 1428 1145
1839 1337 1882 1418 in
1906 1335 1977 1417 cui
2007 1303 2056 1417 se
2085 1357 2142 1417 ne

285 1526 380 1607 fece
402 1526 446 1606 la
467 1524 649 1608 solenne
671 1524 971 1629 ricognizione
990 1527 1020 1630 ²)
1051 1546 1133 1628 per
1163 1544 1302 1628 opera
1331 1524 1403 1606 del
1435 1523 1640 1604 vescovo
1670 1519 1828 1602 Errico
1859 1517 1906 1600 di
1937 1516 2142 1602 Carinzia

285 1699 574 1790 cisterciense
603 1709 651 1814 ³),
685 1702 740 1790 ed
773 1708 818 1788 in
849 1708 1005 1812 questa
1037 1705 1340 1810 rioognizione
1373 1705 1409 1786 si
1441 1704 1570 1808 paria
1599 1701 1868 1783 similmente
1901 1697 1973 1780 del
2005 1718 2144 1802 corpo

285 1913 309 1970 e
341 1889 414 1971 del
442 1877 557 1992 capo
588 1887 661 1970 del
692 1890 831 1971 Santo
862 1887 1057 1993 separati
1090 1909 1114 1969 e
1146 1886 1289 1970 chiusi
1322 1886 1367 1968 in
1399 1885 1485 1967 due
1516 1883 1693 1966 diverse
1741 1881 1899 1983 teche,
1950 1877 2143 1986 siccome

288 2199 712 2228 uq—l—u——u——u

360 2415 392 2494 1)
415 2413 485 2474 ‹rln
510 2412 641 2474 nomine
669 2458 847 2473 ......
855 2397 1076 2504 ¹Q’uapropter
1099 2413 1226 2474 noverit
1249 2411 1394 2474 omniurn
1418 2375 1566 2472 fidelium
1591 2415 1776 2470 nostrorum
1802 2407 2027 2489 praesentium
2051 2404 2147 2467 scili-

285 2585 300 2619 «
326 2565 392 2636 cet,
416 2563 450 2620 et
465 2559 610 2620 omnium
635 2541 820 2620 sciurorum
843 2559 1003 2638 sagacitas
1027 2558 1209 2620 iohannem
1233 2557 1461 2619 venerabilem
1485 2556 1641 2618 abbatem
1659 2555 1849 2616 Monasterii
1867 2554 2062 2616 Sanctorum
2079 2551 2146 2613 Lu-

283 2729 299 2764 «
325 2704 394 2798 puli
417 2708 452 2765 el
473 2704 591 2767 Zosimi
615 2703 701 2783 quod
724 2710 947 2767 constructum
979 2711 1030 2766 est
1060 2705 1148 2764 intus
1179 2655 1324 2765 nostram
1355 2706 1624 2766 Beneventanam
1653 2700 1826 2763 Civitatem
1855 2689 1916 2780 per
1938 2697 2140 2760 Adelladum
2212 2738 2215 2744 -

285 2875 299 2905 ι
325 2847 486 2910 Comitem
510 2847 840 2946 dilectum'nostrum
864 2847 993 2911 fidelem
1018 2894 1025 2910 .
1051 2893 1060 2911 .
1087 2894 1094 2908 .
1121 2892 1129 2908 .
1154 2848 1337 2929 deprecans
1361 2857 1396 2909 ut
1422 2894 1429 2909 .
1456 2893 1463 2908 .
1491 2893 1498 2908 .
1525 2894 1532 2908 .
1556 2845 1817 2910 concederemus
1834 2845 1981 2925 praefato
1998 2863 2057 2905 suo
2076 2865 2144 2906 mo-

222 2982 227 2994 ’
284 3014 297 3056 1
326 2994 467 3056 naslerio
489 2993 633 3075 qualiter
655 2993 774 3057 liceret
798 2993 891 3055 illurn
917 2995 950 3054 in
974 2993 1074 3056 rebus
1097 2993 1246 3072 ejusdem
1270 2996 1322 3056 sni
1345 2994 1534 3056 Monasterii
1559 2994 1599 3054 de
1631 2999 1730 3075 ponta
1763 2995 1796 3057 S.
1821 2994 2017 3054 Anastasius
2041 2965 2136 3073 supe·

284 3162 300 3197 1
327 3138 658 3211 110111010111100010,
683 3139 716 3198 in
740 3156 806 3219 qua
826 3138 889 3218 ipsi
912 3139 1061 3210 homines
1086 3139 1193 3211 liberi,
1217 3141 1273 3220 qui
1297 3139 1455 3219 inffrebus
1478 3140 1628 3218 ejusdem
1651 3139 1845 3200 monasterii
1871 3139 2019 3212 resident
2041 3147 2074 3200 et
2098 3139 2143 3198 la-

265 3305 301 3339 ·‹r
327 3283 442 3346 borant
465 3285 506 3345 de
527 3284 699 3364 praedicto
723 3285 794 3345 loco
817 3283 965 3344 babitare
990 3283 1133 3346 debeant
1138 3329 1355 3345 .......
1379 3284 1480 3363 Cujus
1502 3285 1652 3362 petitioni
1671 3302 1907 3364 usquequaque
1927 3283 2071 3346 libenter
2088 3302 2141 3344 as·

285 3441 460 3490 aseneum
483 3429 682 3508 praebemus
705 3430 765 3490 hos
789 3435 918 3490 nostrae
942 3428 1133 3500 munitionis
1158 3430 1268 3509 apices
1300 3403 1333 3488 in
1363 3427 1479 3488 eodem
1502 3434 1616 3488 sancto
1639 3421 1837 3489 Monasteiio
1862 3429 1934 3490 deri
1953 3428 2136 3508 jussimus.

183 3577 189 3588 '
283 3598 301 3633 «
328 3577 390 3638 Per
410 3592 490 3655 quos
514 3592 608 3636 orare
632 3619 780 3638 .....
805 3575 1057 3654 perpetualiter.
1082 3573 1301 3636 Concedimus
1325 3574 1357 3634 in
1383 3575 1497 3636 eodem
1521 3573 1798 3636 reverendissimo
1821 3573 1905 3645 loco,
1931 3580 1967 3634 ut
1989 3571 2153 3636 rectores¹
2211 3561 2215 3568 ’

284 3719 475 3804 «eiusdem
497 3727 692 3816 potestatem
714 3721 860 3783 habeant
883 3721 914 3782 ia
938 3721 1038 3782 rebus
1061 3673 1199 3801 piaetati
1223 3719 1413 3796 Monasterii
1444 3719 1484 3780 de
1516 3720 1580 3782 iam
1611 3719 1699 3782 dicto
1728 3719 1800 3782 loco
1822 3725 1920 3800 ponte
1943 3719 1977 3781 S.
2002 3721 2144 3781 Anasta-

289 3887 305 3926 «
329 3869 413 3939 siae,
438 3865 518 3929 ad...
542 3831 791 3947 proprietatem,
816 3873 851 3927 el
872 3866 1052 3928 Castellum
1076 3885 1196 3928 secure
1221 3867 1364 3928 habeant
1387 3866 1449 3947 ipsi
1473 3842 1643 3935 hoinines,
1667 3867 1723 3944 qui
1749 3866 1905 3927 {arabus
1930 3865 1993 3946 ipsi
2017 3865 2057 3924 de
2083 3883 2143 3925 eo-

285 4035 300 4072 «
325 4016 398 4074 dem
422 4012 494 4074 loco
517 3965 651 4086 babere,
679 4017 713 4072 et
734 4011 884 4073 habitare
909 3979 942 4072 in
974 4012 1090 4073 eodem
1114 4012 1279 4085 Castalio,
1302 4009 1354 4072 vel
1380 4053 1592 4074 .......
1624 4010 1663 4069 ad
1689 4008 1923 4106 babitarrdqm,
1950 4016 1983 4068 et
2005 4025 2140 4088 semper

285 4183 301 4218 rr
327 4163 388 4223 sub
410 4165 575 4241 potestate
598 4159 735 4220 Abbatis
759 4159 864 4236 ipsius
887 4158 1074 4220 Monasterii
1097 4165 1331 4237 permaneant,
1356 4163 1391 4219 ut
1413 4157 1551 4219 servitia
1574 4159 1693 4239 quibus
1717 4155 1756 4216 ad
1779 4163 1905 4238 partem
1938 4155 2145 4240 reipublicae

286 4326 301 4370 a
325 4307 437 4369 lacere
462 4314 494 4368 et
515 4307 707 4388 persolvere
732 4304 902 4367 debebunt
924 4306 987 4388 ipsi
1011 4305 1162 4368 homines
1186 4304 1283 4367 liberi
1288 4349 1469 4378 ......
1495 4303 1933 4394 Pariterquefconcedimus
1964 4303 1996 4363 in
2022 4303 2140 4364 eodem

285 4471 301 4508 1
330 4448 513 4510 venerabili
537 4449 748 4552 Monas'terio,
772 4456 808 4509 ut
831 4448 1029 4528 ubicumque
1061 4450 1093 4510 in
1118 4449 1217 4512 rebus
1249 4448 1397 4527 ejusdem
1428 4450 1618 4511 Monasterii
1642 4456 1789 4512 rectores
1806 4450 1878 4529 ejus
1896 4449 2067 4511 firmitates
2084 4454 2141 4508 aut

288 4619 304 4655 c
332 4596 469 4658 castella
492 4598 604 4659 iacere
631 4642 813 4660 ......
836 4604 872 4658 ut
895 4604 1087 4676 potestatem
1112 4597 1183 4676 ipsa
1204 4597 1335 4666 iacere,
1361 4603 1393 4658 ct
1415 4595 1566 4657 homines
1595 4601 1769 4658 extraneos
1794 4596 1915 4660 ibidem
1940 4596 2072 4658 mittere
2097 4602 2145 4656 at-

291 4759 307 4804 1
332 4761 396 4820 que
421 4743 610 4804 conducere
634 4743 674 4804 ad
697 4741 907 4804 habitandum
931 4749 964 4804 et
987 4741 1049 4804 sub
1072 4743 1292 4814 dominatione
1315 4742 1452 4804 Abbatis
1476 4742 1580 4823 ipsius
1603 4741 1794 4803 Monasterii
1819 4760 2015 4823 permanere
2039 4741 2145 4822 quati-

290 4910 306 4945 «
331 4896 383 4950 ter
404 4841 559 4969 superius
585 4887 728 4951 diximus
752 4931 898 4951 .....
922 4891 1040 4951 Datum
1063 4886 1156 4948 nonis
1179 4887 1321 4949 octobris
1344 4887 1377 4946 in
1394 4903 1478 4948 anno
1504 4885 1675 4965 trigesimo
1698 4887 1839 4966 septimo
1857 4886 2064 4967 principatus
2083 4855 2146 4948 Do·

288 5034 408 5096 «mini
430 5035 565 5098 Paldolli
588 5036 722 5114 gloriosi
745 5035 936 5116 Principis,
960 5041 993 5095 et
1018 5033 1212 5116 duodecimo
1242 5052 1326 5096 anno
1353 5034 1461 5114 princ.
1493 5033 1579 5096 dorn.
1609 5034 1758 5097 Landotii
1789 5035 1907 5096 excell.
1937 5035 2052 5098 Princ.
2078 5035 2141 5096 filii

288 5207 305 5242 <r
333 5185 418 5262 ejus.
441 5181 628 5244 indictione
652 5201 776 5244 nonan.
1023 5155 1027 5162 ⁵

365 5331 389 5410 ¹)
407 5353 422 5388 u
449 5377 455 5390 .
483 5377 489 5390 .
518 5376 560 5420 ·.·
586 5379 592 5393 .
617 5347 736 5410 corpus
758 5329 791 5390 S.
818 5329 897 5410 Lupi
922 5326 1053 5409 publice
1076 5320 1309 5409 praesentibus
1331 5331 1475 5392 Henrico
1498 5331 1653 5410 pontifice
1669 5331 1883 5411 (Tricassiuo.
1902 5331 1957 5412 qui
1976 5333 2065 5394 iuxta
2082 5332 2142 5395 Ca·

288 5493 303 5537 1
329 5460 494 5536 muratum
511 5427 597 5537 sedit
620 5473 660 5535 ab
677 5471 858 5535 0111101146
872 5491 975 5553 usque
990 5472 1028 5531 ad
1041 5471 1134 5549 1169)
1151 5471 1417 5554 suburbanisque
1431 5473 1622 5545 abbatibus,
1643 5473 1763 5556 populo
1792 5481 2006 5580 monstratum
2031 5481 2147 5548 est;..»

273 5623 451 5706 ιΑο1088.
476 5623 547 5687 Vol.
571 5622 640 5692 Vll,
664 5641 696 5703 p.
719 5623 761 5685 52
785 5620 989 5702 Antuerpiae
1014 5609 1109 5682 1731?

370 5756 435 5844 ⁸),u
459 5767 623 5851 1100110111
646 5769 685 5830 de
709 5769 863 5832 Curiatio
887 5767 1153 5832 cisterciensis.»
1175 5764 1271 5828 Gerus
1294 5767 1330 5828 0.
1349 5761 1380 5827 S.
1399 5768 1450 5842 B.,
1467 5767 1580 5829 Series
1607 5767 1842 5850 Episcoporum
1864 5771 1954 5832 Eccl.
1971 5769 2070 5833 Catb.
2088 5788 2148 5850 pa·

284 5915 363 5994 gina
382 5907 456 5988 623,
481 5915 682 5977 Ratisbonae
704 5914 800 5980 1873.
1537 5941 1557 5978 a
1581 5933 1584 5939 ’
