5456 7096
1029 531 1438 624 DIPLOMATICUS
2044 527 2109 604 127

301 756 345 826 de
368 759 475 829 rebus
498 759 658 848 predicto
680 763 899 832 monasterio
923 763 1070 832 arbores
1094 741 1250 832 incidere
1273 780 1337 850 pro
1361 733 1571 848 pedamento
1592 761 1629 828 et
1650 754 1878 845 cludendum,
1892 757 1979 826 nato
1995 757 2160 828 nescien-

301 909 352 996 te,
377 909 511 998 absquo
536 911 632 980 omni
657 930 749 992 mea,
776 913 898 982 uelde
924 915 1012 984 meis
1036 914 1293 1002 posterioribus
1316 916 1353 982 ot
1376 932 1458 1001 pars
1480 909 1631 1000 predicti
1655 911 1862 979 monasterii
1889 910 2158 999 contrarietate,

303 1065 340 1130 et
361 1059 532 1148 quicquid
555 1061 760 1132 hedifloium
788 1064 826 1130 in
851 1065 961 1132 rebus
984 1063 1141 1152 predicto
1164 1064 1375 1133 monasterio
1398 1081 1460 1150 per
1484 1062 1552 1151 ipsi
1575 1062 1712 1132 factum
1735 1061 1845 1131 luerit
1858 1110 1870 1150 ,
1904 1078 1970 1150 ego
2003 1064 2040 1130 et
2072 1059 2160 1131 meis

307 1211 571 1281 successoribus
592 1217 630 1281 et
651 1231 735 1300 pars
758 1214 927 1284 iamdicto
955 1215 1173 1286 monasterio
1195 1215 1417 1284 defensemus
1439 1213 1525 1284 illud
1550 1231 1672 1284 eorum
1695 1214 1740 1284 da
1761 1215 1902 1283 homnis
1936 1215 2079 1282 homine
2115 1216 2161 1284 ab
2260 1281 2262 1286 .

190 1429 193 1437 ,
306 1361 472 1448 omnique
497 1365 674 1452 partibus,
698 1365 737 1433 in
761 1365 969 1453 supradicta
992 1365 1132 1436 ratione
1157 1364 1473 1436 illudahabendum
1486 1385 1497 1453 3
1521 1369 1558 1435 'et
1580 1366 1610 1434 sl
1635 1364 1718 1434 inde
1741 1367 1898 1436 exierint
1911 1415 1922 1454 ,
1952 1364 2067 1434 licead
2101 1381 2161 1435 eos

311 1513 393 1585 inde
416 1517 582 1586 excolere
604 1516 726 1586 omnia
749 1536 895 1586 suarum
920 1516 1064 1587 movilia
1086 1521 1122 1585 ct
1147 1535 1308 1606 pergere,
1332 1519 1392 1588 ubi
1415 1538 1539 1589 eorum
1561 1469 1759 1608 placuerit,
1795 1501 1928 1606 absque
1950 1518 2047 1586 omni
2081 1536 2166 1588 con·

310 1672 499 1742 trarielate
522 1673 566 1743 de
589 1691 674 1760 pars
697 1673 773 1761 ipso
797 1675 1012 1744 monasterio
1025 1721 1036 1760 ,
1071 1676 1176 1743 rebus
1198 1675 1275 1761 ipsa
1297 1695 1379 1743 cum
1401 1675 1498 1742 omni
1521 1673 1685 1743 hedificio
1708 1672 1836 1744 redead
1861 1673 1900 1741 in
1922 1677 2096 1762 potestate
2119 1675 2163 1744 de

310 1823 471 1914 predicto
495 1826 726 1914 monasteri03
750 1831 787 1895 et
809 1827 840 1894 si
865 1843 976 1914 usque
1000 1828 1038 1896 in
1063 1833 1136 1896 tres
1156 1845 1269 1897 annos
1290 1826 1449 1896 hibidem
1474 1827 1606 1896 rehersi
1630 1831 1726 1914 sunt,
1751 1831 1838 1896 tunc
1861 1825 1991 1895 iterum
2007 1828 2086 1914 ipsa
2110 1845 2165 1896 re·

314 1977 394 2066 bus,
416 1976 509 2064 quod
533 1995 596 2066 per
619 1980 686 2065 ipsi
711 1978 916 2049 edificatum
940 1985 1007 2068 est,
1022 1981 1067 2050 ad
1092 1981 1159 2067 ipsi
1183 1997 1396 2068 suorumque
1418 1980 1608 2050 heredibus
1637 1980 1765 2051 redead
1799 1981 1984 2067 potestatis
1997 2029 2008 2067 ,
2046 1979 2084 2046 in
2108 1995 2164 2048 su-

310 2129 480 2214 pradicta
504 2129 645 2199 ratione
672 2131 756 2200 illud
780 2131 995 2216 habendum,
1021 2135 1108 2200 nato
1131 2129 1326 2200 nesciente.
1351 2130 1444 2218 quod
1471 2131 1502 2200 si
1536 2129 1659 2201 taliter
1691 2131 1813 2201 omnia
1834 2132 2079 2219 suprascripta
2102 2151 2165 2220 per

312 2282 521 2368 supradicto
542 2281 696 2351 hordine
720 2283 791 2370 ipsi
813 2283 986 2354 nominati
1012 2287 1155 2372 comita,
1178 2289 1214 2353 ct
1236 2301 1332 2374 urso,
1356 2291 1393 2356 et
1420 2284 1607 2372 iohannes,
1631 2293 1812 2356 eteorum
1844 2284 2032 2354 heredibus
2055 2284 2166 2353 michi

314 2433 502 2505 iamdictus
527 2419 700 2505 ioha‘nnes
723 2438 833 2506 abbas
856 2443 892 2506 et
916 2438 960 2508 ad
984 2440 1072 2507 meis
1095 2439 1346 2526 posterioribus
1370 2457 1440 2507 non
1463 2437 1748 2526 adimpleverint,
1762 2444 1798 2507 et
1815 2456 1994 2507 removere
2012 2439 2066 2509 vel
2086 2418 2168 2508 con·

315 2593 414 2660 trare
438 2589 574 2678 aliquid
599 2591 683 2660 inde
709 2591 887 2660 voluerint
909 2611 971 2679 per
993 2593 1264 2679 qualiscumque
1284 2591 1468 2680 ingenium
1495 2593 1548 2659 vel
1573 2594 1768 2681 rationem,
1804 2595 1892 2661 tunc
1915 2592 2169 2683 obligaberunt

316 2740 447 2830 seipsi
472 2741 632 2814 iamdicti
655 2744 799 2834 comita,
822 2749 860 2813 et
882 2763 977 2832 urso,
1000 2750 1036 2814 et
1059 2746 1246 2833 iohannes,
1270 2749 1306 2813 et
1336 2751 1409 2814 suis
1442 2745 1633 2814 heredibus
1666 2744 1711 2815 ad
1746 2747 2022 2832 componendum
2058 2747 2170 2817 michi

318 2897 523 2966 nominatus
546 2897 719 2967 iohannes
741 2899 851 2967 abbas
872 2903 910 2967 et
931 2898 976 2967 ad
1000 2900 1087 2966 meis
1110 2898 1368 2966 successoribus
1390 2896 1487 2966 etad
1503 2917 1587 2984 pars
1609 2898 1766 2986 predicto
1789 2899 2005 2969 monasterio
2030 2900 2164 2990 viginti

314 3047 418 3119 solidi
443 3051 563 3119 aureis
586 3050 793 3120 costantini.
818 3050 918 3119 Unde
941 3070 1004 3138 pro
1026 3055 1157 3118 cuncta
1180 3068 1251 3136 que
1274 3069 1383 3137 supra
1397 3049 1610 3138 prelegitur,
1622 3049 1897 3138 adimplendum,
1917 3053 1985 3140 ipsi
2004 3053 2164 3126 iamdicti

314 3204 459 3290 comita,
483 3221 566 3272 urso
588 3207 624 3272 et
648 3203 821 3273 iohannes
843 3203 979 3290 guadia
1001 3203 1110 3272 michi
1134 3203 1314 3290 predictus
1336 3204 1509 3272 iohannes
1531 3206 1640 3274 abbas
1663 3204 1838 3274 dederunt
1865 3209 1902 3274 et
1932 3205 2163 3278 mediatorem

315 3359 403 3428 mihi
429 3363 621 3446 posuerunt
643 3311 815 3427 iohannes
838 3359 933 3426 lilius
956 3358 1131 3445 quoddam
1153 3357 1265 3445 guisi,
1283 3362 1319 3425 et
1341 3358 1438 3424 hunc
1462 3357 1605 3424 brebem
1628 3356 1771 3442 scripsit
1797 3373 1863 3442 ego
1900 3357 2053 3426 talarico
2088 3355 2166 3446 pre·

304 3487 429 3582 ¹sbiter
453 3517 489 3581 et
513 3510 677 3580 notarius
699 3511 760 3598 qui
785 3510 961 3597 interluit,
984 3511 1128 3580 hactum
1152 3510 1294 3577 cilento.

361 3633 392 3750 †
414 3681 481 3750 ego
503 3659 694 3732 bernaldus
715 3661 890 3748 presbiter
912 3719 915 3728 .

361 3784 393 3902 †
416 3813 584 3901 singnum
608 3831 717 3883 manu
740 3813 849 3902 disiju
872 3814 1046 3902 presbiter
1068 3811 1107 3896 ¹).

1105 4393 1397 4480 GMLVIII·
1512 4399 1513 4405 ‘

1099 4690 1157 4768 A.
1184 4689 1240 4766 D.
1270 4687 1411 4764 1040.-

370 4943 405 5072 Τ
430 4985 469 5050 ln
493 4983 636 5051 nomine
659 4981 792 5051 domini
815 4977 1158 5050 vicesimosecundo
1181 4995 1276 5046 anno
1299 4973 1523 5064 principatus
1545 4974 1680 5046 salerni
1702 4975 1822 5046 domni
1837 4976 1950 5046 nostri
1973 4976 2173 5052 Guaimarii

324 5131 471 5221 gloriosi
495 5132 684 5220 principis,
707 5136 744 5202 et
765 5131 920 5200 secundo
942 5148 1038 5200 anno
1059 5129 1282 5218 principatus
1304 5129 1382 5197 eius
1405 5147 1554 5217 capuae,
1578 5148 1622 5200 ac
1643 5129 1757 5218 primo
1781 5148 1877 5199 anno
1911 5131 2061 5202 ducatus
2095 5133 2175 5204 eius

324 5282 446 5354 amalfi
468 5287 505 5352 et
527 5283 697 5370 syrrenti,
721 5299 841 5351 mense
864 5281 1027 5369 martius,
1051 5282 1206 5350 hoctaba
1229 5277 1434 5349 indictione.
1460 5280 1608 5350 Declaro
1630 5300 1696 5370 ego
1729 5284 1903 5352 iohannes
1936 5284 2110 5370 presbiter
2138 5289 2175 5356 et

325 5439 436 5509 obbas
457 5437 605 5506 ecclesie
628 5435 836 5506 vocabulum
859 5433 976 5505 sancti
1000 5433 1133 5504 mathei
1156 5437 1193 5503 et
1214 5434 1329 5503 sancti
1353 5434 1472 5502 thome
1493 5432 1656 5520 apostoli,
1681 5433 1791 5502 situm
1814 5431 1914 5502 intus
1938 5451 2006 5502 anc
2022 5433 2176 5503 salerni-

373 5801 401 5887 ')
421 5805 503 5870 vide
526 5806 705 5872 iac-simile
728 5807 763 5872 in
786 5807 852 5868 line
875 5805 946 5869 Vol.
