<?xml version="1.0" encoding="UTF-8"?>
<!DOCTYPE html PUBLIC "-//W3C//DTD XHTML 1.0 Transitional//EN"
    "http://www.w3.org/TR/xhtml1/DTD/xhtml1-transitional.dtd">
<html xmlns="http://www.w3.org/1999/xhtml" xml:lang="en" lang="en">
 <head>
  <title>
</title>
<meta http-equiv="Content-Type" content="text/html;charset=utf-8" />
  <meta name='ocr-system' content='tesseract 3.04.00' />
  <meta name='ocr-capabilities' content='ocr_page ocr_carea ocr_par ocr_line ocrx_word'/>
</head>
<body>
  <div class='ocr_page' id='page_1' title='image "./codexdiplomatic04aragoog_0151.png"; bbox 0 0 5456 7096; ppageno 0'>
   <div class='ocr_carea' id='block_1_1' title="bbox 1044 469 1444 550">
    <p class='ocr_par' dir='ltr' id='par_1_1' title="bbox 1044 469 1444 550">
     <span class='ocr_line' id='line_1_1' title="bbox 1044 469 1444 550; baseline 0.023 -9"><span class='ocrx_word' id='word_1_1' title='bbox 1044 469 1444 550; x_wconf 82' lang='lat' dir='ltr'>DIPLOMATICUS</span> 
     </span>
    </p>
   </div>
   <div class='ocr_carea' id='block_1_2' title="bbox 1082 732 1429 833">
    <p class='ocr_par' dir='ltr' id='par_1_2' title="bbox 1082 732 1429 833">
     <span class='ocr_line' id='line_1_2' title="bbox 1082 732 1429 833; baseline -0.032 -3"><span class='ocrx_word' id='word_1_2' title='bbox 1082 732 1429 833; x_wconf 76' lang='lat' dir='ltr'>GMvam.</span> 
     </span>
    </p>
   </div>
   <div class='ocr_carea' id='block_1_3' title="bbox 1092 1045 1389 1124">
    <p class='ocr_par' dir='ltr' id='par_1_3' title="bbox 1092 1045 1389 1124">
     <span class='ocr_line' id='line_1_3' title="bbox 1092 1045 1389 1124; baseline -0.027 -2"><span class='ocrx_word' id='word_1_3' title='bbox 1092 1045 1150 1122; x_wconf 87' lang='lat' dir='ltr'>A.</span> <span class='ocrx_word' id='word_1_4' title='bbox 1178 1046 1233 1120; x_wconf 92' lang='lat' dir='ltr'>D.</span> <span class='ocrx_word' id='word_1_5' title='bbox 1263 1047 1389 1124; x_wconf 84' lang='lat'>1039.</span> 
     </span>
    </p>
   </div>
   <div class='ocr_carea' id='block_1_4' title="bbox 369 1279 2174 1428">
    <p class='ocr_par' dir='ltr' id='par_1_4' title="bbox 369 1279 2174 1428">
     <span class='ocr_line' id='line_1_4' title="bbox 369 1279 2174 1428; baseline 0.007 -31"><span class='ocrx_word' id='word_1_6' title='bbox 369 1279 467 1420; x_wconf 76' lang='lat' dir='ltr'>†In</span> <span class='ocrx_word' id='word_1_7' title='bbox 490 1332 633 1399; x_wconf 90' lang='lat' dir='ltr'>nomine</span> <span class='ocrx_word' id='word_1_8' title='bbox 657 1329 792 1402; x_wconf 87' lang='lat' dir='ltr'>domini</span> <span class='ocrx_word' id='word_1_9' title='bbox 828 1329 994 1401; x_wconf 88' lang='lat' dir='ltr'>vicesimo</span> <span class='ocrx_word' id='word_1_10' title='bbox 1028 1333 1181 1401; x_wconf 91' lang='lat' dir='ltr'>secundo</span> <span class='ocrx_word' id='word_1_11' title='bbox 1217 1352 1312 1405; x_wconf 88' lang='lat' dir='ltr'>anno</span> <span class='ocrx_word' id='word_1_12' title='bbox 1347 1335 1569 1422; x_wconf 81' lang='lat' dir='ltr'>principatus</span> <span class='ocrx_word' id='word_1_13' title='bbox 1602 1336 1736 1406; x_wconf 91' lang='lat' dir='ltr'>salerni</span> <span class='ocrx_word' id='word_1_14' title='bbox 1770 1335 1889 1404; x_wconf 90' lang='lat' dir='ltr'>domni</span> <span class='ocrx_word' id='word_1_15' title='bbox 1923 1337 2039 1406; x_wconf 86' lang='lat' dir='ltr'>nostri</span> <span class='ocrx_word' id='word_1_16' title='bbox 2070 1340 2174 1428; x_wconf 83' lang='lat' dir='ltr'>guai-</span> 
     </span>
    </p>
   </div>
   <div class='ocr_carea' id='block_1_5' title="bbox 219 1485 2177 5559">
    <p class='ocr_par' dir='ltr' id='par_1_5' title="bbox 219 1485 2177 5559">
     <span class='ocr_line' id='line_1_5' title="bbox 322 1485 2173 1574; baseline 0.003 -18"><span class='ocrx_word' id='word_1_17' title='bbox 322 1485 439 1572; x_wconf 83' lang='lat' dir='ltr'>mari,</span> <span class='ocrx_word' id='word_1_18' title='bbox 463 1489 502 1552; x_wconf 92' lang='lat' dir='ltr'>et</span> <span class='ocrx_word' id='word_1_19' title='bbox 523 1485 675 1554; x_wconf 89' lang='lat' dir='ltr'>secundo</span> <span class='ocrx_word' id='word_1_20' title='bbox 697 1501 792 1554; x_wconf 85' lang='lat' dir='ltr'>anno</span> <span class='ocrx_word' id='word_1_21' title='bbox 815 1485 1035 1572; x_wconf 77' lang='lat' dir='ltr'>principatus</span> <span class='ocrx_word' id='word_1_22' title='bbox 1059 1485 1135 1554; x_wconf 89' lang='lat' dir='ltr'>eius</span> <span class='ocrx_word' id='word_1_23' title='bbox 1159 1505 1293 1574; x_wconf 90' lang='lat' dir='ltr'>capue,</span> <span class='ocrx_word' id='word_1_24' title='bbox 1318 1487 1386 1554; x_wconf 89' lang='lat' dir='ltr'>hac</span> <span class='ocrx_word' id='word_1_25' title='bbox 1409 1487 1524 1574; x_wconf 91' lang='lat' dir='ltr'>primo</span> <span class='ocrx_word' id='word_1_26' title='bbox 1554 1503 1649 1556; x_wconf 91' lang='lat' dir='ltr'>anno</span> <span class='ocrx_word' id='word_1_27' title='bbox 1682 1487 1830 1556; x_wconf 83' lang='lat' dir='ltr'><strong>ducatus</strong></span> <span class='ocrx_word' id='word_1_28' title='bbox 1860 1488 1958 1556; x_wconf 89' lang='lat' dir='ltr'>illius</span> <span class='ocrx_word' id='word_1_29' title='bbox 1989 1490 2112 1560; x_wconf 84' lang='lat' dir='ltr'>amalfi</span> <span class='ocrx_word' id='word_1_30' title='bbox 2137 1497 2173 1562; x_wconf 90' lang='lat' dir='ltr'>et</span> 
     </span>
     <span class='ocr_line' id='line_1_6' title="bbox 321 1615 2168 1727; baseline 0.004 -19"><span class='ocrx_word' id='word_1_31' title='bbox 321 1637 496 1727; x_wconf 78' lang='lat' dir='ltr'>surrenti,</span> <span class='ocrx_word' id='word_1_32' title='bbox 521 1655 640 1706; x_wconf 87' lang='lat' dir='ltr'>mense</span> <span class='ocrx_word' id='word_1_33' title='bbox 663 1639 873 1724; x_wconf 79' lang='lat' dir='ltr'>september,</span> <span class='ocrx_word' id='word_1_34' title='bbox 898 1640 1026 1708; x_wconf 86' lang='lat' dir='ltr'>octaba</span> <span class='ocrx_word' id='word_1_35' title='bbox 1049 1639 1255 1708; x_wconf 80' lang='lat' dir='ltr'>indictione.</span> <span class='ocrx_word' id='word_1_36' title='bbox 1282 1641 1568 1708; x_wconf 83' lang='lat' dir='ltr'>memoratorium</span> <span class='ocrx_word' id='word_1_37' title='bbox 1599 1641 1696 1710; x_wconf 86' lang='lat' dir='ltr'>factu</span> <span class='ocrx_word' id='word_1_38' title='bbox 1730 1661 1753 1710; x_wconf 90' lang='lat' dir='ltr'>a</span> <span class='ocrx_word' id='word_1_39' title='bbox 1784 1615 1847 1710; x_wconf 87' lang='lat' dir='ltr'>me</span> <span class='ocrx_word' id='word_1_40' title='bbox 1869 1641 2032 1712; x_wconf 88' lang='lat' dir='ltr'>desideus</span> <span class='ocrx_word' id='word_1_41' title='bbox 2066 1649 2168 1715; x_wconf 89' lang='lat' dir='ltr'>nota·</span> 
     </span>
     <span class='ocr_line' id='line_1_7' title="bbox 325 1787 2169 1880; baseline 0.003 -24"><span class='ocrx_word' id='word_1_42' title='bbox 325 1789 405 1858; x_wconf 85' lang='lat' dir='ltr'>rius</span> <span class='ocrx_word' id='word_1_43' title='bbox 426 1787 524 1857; x_wconf 82' lang='lat' dir='ltr'>filius</span> <span class='ocrx_word' id='word_1_44' title='bbox 548 1789 727 1876; x_wconf 88' lang='lat' dir='ltr'>quondam</span> <span class='ocrx_word' id='word_1_45' title='bbox 750 1787 934 1868; x_wconf 88' lang='lat' dir='ltr'>romoaldi,</span> <span class='ocrx_word' id='word_1_46' title='bbox 959 1807 1000 1856; x_wconf 91' lang='lat' dir='ltr'>eo</span> <span class='ocrx_word' id='word_1_47' title='bbox 1023 1788 1115 1875; x_wconf 88' lang='lat' dir='ltr'>quod</span> <span class='ocrx_word' id='word_1_48' title='bbox 1137 1793 1221 1858; x_wconf 89' lang='lat' dir='ltr'>ante</span> <span class='ocrx_word' id='word_1_49' title='bbox 1244 1791 1435 1878; x_wconf 81' lang='lat' dir='ltr'>subscripti</span> <span class='ocrx_word' id='word_1_50' title='bbox 1459 1794 1566 1859; x_wconf 84' lang='lat' dir='ltr'>testes</span> <span class='ocrx_word' id='word_1_51' title='bbox 1590 1809 1652 1880; x_wconf 91' lang='lat' dir='ltr'>per</span> <span class='ocrx_word' id='word_1_52' title='bbox 1675 1794 1937 1862; x_wconf 88' lang='lat' dir='ltr'>combenientia</span> <span class='ocrx_word' id='word_1_53' title='bbox 1953 1793 2169 1866; x_wconf 87' lang='lat' dir='ltr'>hadtenen·</span> 
     </span>
     <span class='ocr_line' id='line_1_8' title="bbox 324 1941 2174 2031; baseline 0.001 -19"><span class='ocrx_word' id='word_1_54' title='bbox 324 1943 408 2012; x_wconf 90' lang='lat' dir='ltr'>dum</span> <span class='ocrx_word' id='word_1_55' title='bbox 425 1947 460 2012; x_wconf 94' lang='lat' dir='ltr'>et</span> <span class='ocrx_word' id='word_1_56' title='bbox 484 1942 741 2030; x_wconf 87' lang='lat' dir='ltr'>laborandum,</span> <span class='ocrx_word' id='word_1_57' title='bbox 764 1959 826 2012; x_wconf 92' lang='lat' dir='ltr'>seu</span> <span class='ocrx_word' id='word_1_58' title='bbox 850 1941 1111 2031; x_wconf 86' lang='lat' dir='ltr'>pastenandum</span> <span class='ocrx_word' id='word_1_59' title='bbox 1135 1941 1264 2012; x_wconf 88' lang='lat' dir='ltr'>tradidi</span> <span class='ocrx_word' id='word_1_60' title='bbox 1289 1941 1436 2011; x_wconf 91' lang='lat' dir='ltr'>iohanni</span> <span class='ocrx_word' id='word_1_61' title='bbox 1460 1943 1622 2012; x_wconf 88' lang='lat' dir='ltr'>tusciano</span> <span class='ocrx_word' id='word_1_62' title='bbox 1645 1943 1718 2012; x_wconf 85' lang='lat' dir='ltr'>filio</span> <span class='ocrx_word' id='word_1_63' title='bbox 1741 1943 1910 2014; x_wconf 86' lang='lat' dir='ltr'>domiuici</span> <span class='ocrx_word' id='word_1_64' title='bbox 1938 1946 2106 2015; x_wconf 88' lang='lat' dir='ltr'>francum</span> <span class='ocrx_word' id='word_1_65' title='bbox 2130 1946 2174 2015; x_wconf 91' lang='lat' dir='ltr'>de</span> 
     </span>
     <span class='ocr_line' id='line_1_9' title="bbox 219 2092 2171 2200; baseline -0.002 -34"><span class='ocrx_word' id='word_1_66' title='bbox 219 2173 223 2178; x_wconf 63' lang='grc'>,</span> <span class='ocrx_word' id='word_1_67' title='bbox 322 2101 428 2170; x_wconf 89' lang='lat' dir='ltr'>rebus</span> <span class='ocrx_word' id='word_1_68' title='bbox 451 2117 543 2188; x_wconf 90' lang='lat' dir='ltr'>mea,</span> <span class='ocrx_word' id='word_1_69' title='bbox 568 2099 659 2185; x_wconf 89' lang='lat' dir='ltr'>quod</span> <span class='ocrx_word' id='word_1_70' title='bbox 683 2101 770 2167; x_wconf 88' lang='lat' dir='ltr'>abeo</span> <span class='ocrx_word' id='word_1_71' title='bbox 794 2097 833 2200; x_wconf 83' lang='lat' dir='ltr'>in</span> <span class='ocrx_word' id='word_1_72' title='bbox 858 2098 934 2184; x_wconf 88' lang='lat' dir='ltr'>ipso</span> <span class='ocrx_word' id='word_1_73' title='bbox 951 2095 1067 2164; x_wconf 88' lang='lat' dir='ltr'>locum</span> <span class='ocrx_word' id='word_1_74' title='bbox 1081 2094 1243 2164; x_wconf 86' lang='lat' dir='ltr'>tusciano</span> <span class='ocrx_word' id='word_1_75' title='bbox 1260 2093 1321 2164; x_wconf 90' lang='lat' dir='ltr'>illa</span> <span class='ocrx_word' id='word_1_76' title='bbox 1337 2097 1439 2180; x_wconf 86' lang='lat' dir='ltr'>parte</span> <span class='ocrx_word' id='word_1_77' title='bbox 1459 2092 1533 2182; x_wconf 89' lang='lat' dir='ltr'>ipso</span> <span class='ocrx_word' id='word_1_78' title='bbox 1555 2094 1663 2161; x_wconf 86' lang='lat' dir='ltr'>fluvio</span> <span class='ocrx_word' id='word_1_79' title='bbox 1679 2093 1856 2182; x_wconf 85' lang='lat' dir='ltr'>tusciano,</span> <span class='ocrx_word' id='word_1_80' title='bbox 1875 2095 1967 2182; x_wconf 90' lang='lat' dir='ltr'>quod</span> <span class='ocrx_word' id='word_1_81' title='bbox 1983 2095 2072 2162; x_wconf 91' lang='lat' dir='ltr'>mihi</span> <span class='ocrx_word' id='word_1_82' title='bbox 2090 2113 2171 2182; x_wconf 94' lang='lat' dir='ltr'>per·</span> 
     </span>
     <span class='ocr_line' id='line_1_10' title="bbox 324 2247 2174 2337; baseline -0.003 -14"><span class='ocrx_word' id='word_1_83' title='bbox 324 2255 448 2324; x_wconf 88' lang='lat' dir='ltr'>tinent</span> <span class='ocrx_word' id='word_1_84' title='bbox 471 2271 494 2320; x_wconf 85' lang='lat' dir='ltr'>a</span> <span class='ocrx_word' id='word_1_85' title='bbox 517 2252 647 2322; x_wconf 86' lang='lat' dir='ltr'>monda</span> <span class='ocrx_word' id='word_1_86' title='bbox 668 2253 844 2319; x_wconf 81' lang='lat' dir='ltr'>monacha</span> <span class='ocrx_word' id='word_1_87' title='bbox 866 2251 1042 2336; x_wconf 82' lang='lat' dir='ltr'>genitrice</span> <span class='ocrx_word' id='word_1_88' title='bbox 1065 2267 1156 2334; x_wconf 87' lang='lat' dir='ltr'>mea,</span> <span class='ocrx_word' id='word_1_89' title='bbox 1182 2249 1246 2335; x_wconf 89' lang='lat' dir='ltr'>qui</span> <span class='ocrx_word' id='word_1_90' title='bbox 1267 2253 1321 2317; x_wconf 89' lang='lat' dir='ltr'>est</span> <span class='ocrx_word' id='word_1_91' title='bbox 1346 2247 1452 2316; x_wconf 91' lang='lat' dir='ltr'>rebus</span> <span class='ocrx_word' id='word_1_92' title='bbox 1475 2249 1554 2335; x_wconf 88' lang='lat' dir='ltr'>ipsa</span> <span class='ocrx_word' id='word_1_93' title='bbox 1569 2254 1668 2317; x_wconf 86' lang='lat' dir='ltr'>terra</span> <span class='ocrx_word' id='word_1_94' title='bbox 1685 2267 1766 2317; x_wconf 89' lang='lat' dir='ltr'>cum</span> <span class='ocrx_word' id='word_1_95' title='bbox 1782 2248 1887 2318; x_wconf 87' lang='lat' dir='ltr'>vinea</span> <span class='ocrx_word' id='word_1_96' title='bbox 1902 2251 1938 2316; x_wconf 91' lang='lat' dir='ltr'>et</span> <span class='ocrx_word' id='word_1_97' title='bbox 1954 2249 2116 2337; x_wconf 84' lang='lat' dir='ltr'>arbusto,</span> <span class='ocrx_word' id='word_1_98' title='bbox 2134 2252 2174 2318; x_wconf 91' lang='lat' dir='ltr'>et</span> 
     </span>
     <span class='ocr_line' id='line_1_11' title="bbox 322 2403 2174 2496; baseline -0.003 -16"><span class='ocrx_word' id='word_1_99' title='bbox 322 2410 535 2496; x_wconf 80' lang='lat' dir='ltr'>castanieto,</span> <span class='ocrx_word' id='word_1_100' title='bbox 559 2409 596 2477; x_wconf 89' lang='lat' dir='ltr'>et</span> <span class='ocrx_word' id='word_1_101' title='bbox 618 2405 797 2493; x_wconf 90' lang='lat' dir='ltr'>bacibum‚</span> <span class='ocrx_word' id='word_1_102' title='bbox 821 2410 858 2474; x_wconf 94' lang='lat' dir='ltr'>et</span> <span class='ocrx_word' id='word_1_103' title='bbox 881 2404 1005 2492; x_wconf 85' lang='lat' dir='ltr'>pomis3</span> <span class='ocrx_word' id='word_1_104' title='bbox 1030 2405 1147 2491; x_wconf 88' lang='lat' dir='ltr'>prima</span> <span class='ocrx_word' id='word_1_105' title='bbox 1170 2405 1285 2488; x_wconf 86' lang='lat' dir='ltr'>pecia,</span> <span class='ocrx_word' id='word_1_106' title='bbox 1311 2405 1374 2490; x_wconf 90' lang='lat' dir='ltr'>qui</span> <span class='ocrx_word' id='word_1_107' title='bbox 1397 2406 1451 2471; x_wconf 91' lang='lat' dir='ltr'>est</span> <span class='ocrx_word' id='word_1_108' title='bbox 1467 2421 1548 2470; x_wconf 93' lang='lat' dir='ltr'>cum</span> <span class='ocrx_word' id='word_1_109' title='bbox 1564 2403 1682 2488; x_wconf 88' lang='lat' dir='ltr'>vinea,</span> <span class='ocrx_word' id='word_1_110' title='bbox 1700 2421 1764 2490; x_wconf 92' lang='lat' dir='ltr'>per</span> <span class='ocrx_word' id='word_1_111' title='bbox 1778 2403 1861 2470; x_wconf 89' lang='lat' dir='ltr'>finis</span> <span class='ocrx_word' id='word_1_112' title='bbox 1880 2408 1916 2472; x_wconf 90' lang='lat' dir='ltr'>et</span> <span class='ocrx_word' id='word_1_113' title='bbox 1933 2404 2131 2474; x_wconf 85' lang='lat' dir='ltr'>mensoria:</span> <span class='ocrx_word' id='word_1_114' title='bbox 2151 2425 2174 2474; x_wconf 86' lang='lat' dir='ltr'>a</span> 
     </span>
     <span class='ocr_line' id='line_1_12' title="bbox 320 2513 2173 2652; baseline -0.003 -20"><span class='ocrx_word' id='word_1_115' title='bbox 320 2569 423 2652; x_wconf 88' lang='lat' dir='ltr'>parte</span> <span class='ocrx_word' id='word_1_116' title='bbox 446 2562 710 2649; x_wconf 86' lang='lat' dir='ltr'>septemtrionis</span> <span class='ocrx_word' id='word_1_117' title='bbox 731 2560 802 2627; x_wconf 83' lang='lat' dir='ltr'>fine</span> <span class='ocrx_word' id='word_1_118' title='bbox 825 2559 886 2628; x_wconf 86' lang='lat' dir='ltr'>bia</span> <span class='ocrx_word' id='word_1_119' title='bbox 910 2556 1077 2644; x_wconf 89' lang='lat' dir='ltr'>publica,</span> <span class='ocrx_word' id='word_1_120' title='bbox 1101 2561 1138 2624; x_wconf 91' lang='lat' dir='ltr'>et</span> <span class='ocrx_word' id='word_1_121' title='bbox 1161 2560 1246 2625; x_wconf 90' lang='lat' dir='ltr'>sunt</span> <span class='ocrx_word' id='word_1_122' title='bbox 1269 2573 1331 2642; x_wconf 91' lang='lat' dir='ltr'>per</span> <span class='ocrx_word' id='word_1_123' title='bbox 1356 2558 1434 2642; x_wconf 89' lang='lat' dir='ltr'>ipsa</span> <span class='ocrx_word' id='word_1_124' title='bbox 1457 2555 1518 2623; x_wconf 87' lang='lat' dir='ltr'>bia</span> <span class='ocrx_word' id='word_1_125' title='bbox 1541 2555 1681 2642; x_wconf 89' lang='lat' dir='ltr'>publica</span> <span class='ocrx_word' id='word_1_126' title='bbox 1700 2575 1762 2642; x_wconf 92' lang='lat' dir='ltr'>per</span> <span class='ocrx_word' id='word_1_127' title='bbox 1779 2513 1930 2624; x_wconf 84' lang='lat' dir='ltr'>latitudo</span> <span class='ocrx_word' id='word_1_128' title='bbox 1953 2556 2048 2643; x_wconf 90' lang='lat' dir='ltr'>passi</span> <span class='ocrx_word' id='word_1_129' title='bbox 2080 2560 2173 2628; x_wconf 90' lang='lat' dir='ltr'>nobe</span> 
     </span>
     <span class='ocr_line' id='line_1_13' title="bbox 318 2706 2176 2803; baseline -0.004 -17"><span class='ocrx_word' id='word_1_130' title='bbox 318 2721 358 2786; x_wconf 87' lang='lat' dir='ltr'>et</span> <span class='ocrx_word' id='word_1_131' title='bbox 380 2716 486 2803; x_wconf 90' lang='lat' dir='ltr'>pedes</span> <span class='ocrx_word' id='word_1_132' title='bbox 508 2715 589 2801; x_wconf 93' lang='lat' dir='ltr'>duo,</span> <span class='ocrx_word' id='word_1_133' title='bbox 613 2716 651 2782; x_wconf 91' lang='lat' dir='ltr'>et</span> <span class='ocrx_word' id='word_1_134' title='bbox 673 2710 775 2798; x_wconf 88' lang='lat' dir='ltr'>quasi</span> <span class='ocrx_word' id='word_1_135' title='bbox 801 2713 839 2779; x_wconf 90' lang='lat' dir='ltr'>in</span> <span class='ocrx_word' id='word_1_136' title='bbox 862 2709 977 2778; x_wconf 91' lang='lat' dir='ltr'>medio</span> <span class='ocrx_word' id='word_1_137' title='bbox 999 2709 1043 2778; x_wconf 88' lang='lat' dir='ltr'>de</span> <span class='ocrx_word' id='word_1_138' title='bbox 1066 2707 1218 2778; x_wconf 89' lang='lat' dir='ltr'>latitudo</span> <span class='ocrx_word' id='word_1_139' title='bbox 1241 2707 1336 2792; x_wconf 89' lang='lat' dir='ltr'>passi</span> <span class='ocrx_word' id='word_1_140' title='bbox 1363 2707 1452 2774; x_wconf 90' lang='lat' dir='ltr'>nobe</span> <span class='ocrx_word' id='word_1_141' title='bbox 1476 2709 1512 2774; x_wconf 89' lang='lat' dir='ltr'>et</span> <span class='ocrx_word' id='word_1_142' title='bbox 1536 2709 1660 2793; x_wconf 85' lang='lat' dir='ltr'>planta</span> <span class='ocrx_word' id='word_1_143' title='bbox 1684 2723 1771 2794; x_wconf 90' lang='lat' dir='ltr'>una,</span> <span class='ocrx_word' id='word_1_144' title='bbox 1795 2709 1832 2774; x_wconf 93' lang='lat' dir='ltr'>et</span> <span class='ocrx_word' id='word_1_145' title='bbox 1856 2706 1893 2773; x_wconf 89' lang='lat' dir='ltr'>in</span> <span class='ocrx_word' id='word_1_146' title='bbox 1910 2707 1997 2794; x_wconf 91' lang='lat' dir='ltr'>pede</span> <span class='ocrx_word' id='word_1_147' title='bbox 2020 2709 2064 2777; x_wconf 90' lang='lat' dir='ltr'>de</span> <span class='ocrx_word' id='word_1_148' title='bbox 2096 2708 2176 2796; x_wconf 86' lang='lat' dir='ltr'>ipsa</span> 
     </span>
     <span class='ocr_line' id='line_1_14' title="bbox 320 2859 2174 2958; baseline -0.004 -20"><span class='ocrx_word' id='word_1_149' title='bbox 320 2871 431 2940; x_wconf 82' lang='lat' dir='ltr'>vinea</span> <span class='ocrx_word' id='word_1_150' title='bbox 455 2887 518 2958; x_wconf 88' lang='lat' dir='ltr'>per</span> <span class='ocrx_word' id='word_1_151' title='bbox 542 2865 694 2936; x_wconf 87' lang='lat' dir='ltr'>latitudo</span> <span class='ocrx_word' id='word_1_152' title='bbox 716 2866 812 2952; x_wconf 86' lang='lat' dir='ltr'>passi</span> <span class='ocrx_word' id='word_1_153' title='bbox 836 2865 964 2932; x_wconf 91' lang='lat' dir='ltr'>nobem</span> <span class='ocrx_word' id='word_1_154' title='bbox 987 2867 1022 2932; x_wconf 90' lang='lat' dir='ltr'>et</span> <span class='ocrx_word' id='word_1_155' title='bbox 1046 2861 1151 2949; x_wconf 89' lang='lat' dir='ltr'>pedes</span> <span class='ocrx_word' id='word_1_156' title='bbox 1174 2860 1258 2945; x_wconf 91' lang='lat' dir='ltr'>duo,</span> <span class='ocrx_word' id='word_1_157' title='bbox 1283 2859 1416 2929; x_wconf 88' lang='lat' dir='ltr'>ibidem</span> <span class='ocrx_word' id='word_1_158' title='bbox 1440 2862 1478 2926; x_wconf 93' lang='lat' dir='ltr'>in</span> <span class='ocrx_word' id='word_1_159' title='bbox 1503 2860 1590 2947; x_wconf 92' lang='lat' dir='ltr'>pede</span> <span class='ocrx_word' id='word_1_160' title='bbox 1606 2878 1644 2928; x_wconf 92' lang='lat' dir='ltr'>se</span> <span class='ocrx_word' id='word_1_161' title='bbox 1660 2861 1847 2946; x_wconf 83' lang='lat' dir='ltr'>coniungit</span> <span class='ocrx_word' id='word_1_162' title='bbox 1863 2860 1941 2948; x_wconf 88' lang='lat' dir='ltr'>ipsa</span> <span class='ocrx_word' id='word_1_163' title='bbox 1959 2861 2066 2931; x_wconf 88' lang='lat' dir='ltr'>vinea</span> <span class='ocrx_word' id='word_1_164' title='bbox 2094 2880 2174 2931; x_wconf 90' lang='lat' dir='ltr'>cum</span> 
     </span>
     <span class='ocr_line' id='line_1_15' title="bbox 321 3011 2174 3112; baseline -0.006 -18"><span class='ocrx_word' id='word_1_165' title='bbox 321 3027 397 3112; x_wconf 87' lang='lat' dir='ltr'>ipso</span> <span class='ocrx_word' id='word_1_166' title='bbox 420 3025 582 3111; x_wconf 83' lang='lat' dir='ltr'>arbusto,</span> <span class='ocrx_word' id='word_1_167' title='bbox 605 3027 642 3092; x_wconf 91' lang='lat' dir='ltr'>et</span> <span class='ocrx_word' id='word_1_168' title='bbox 665 3021 795 3090; x_wconf 89' lang='lat' dir='ltr'>ibidem</span> <span class='ocrx_word' id='word_1_169' title='bbox 819 3020 893 3105; x_wconf 90' lang='lat' dir='ltr'>ipso</span> <span class='ocrx_word' id='word_1_170' title='bbox 918 3019 1105 3086; x_wconf 86' lang='lat' dir='ltr'>arbustum</span> <span class='ocrx_word' id='word_1_171' title='bbox 1128 3021 1181 3083; x_wconf 89' lang='lat' dir='ltr'>est</span> <span class='ocrx_word' id='word_1_172' title='bbox 1204 3033 1267 3100; x_wconf 92' lang='lat' dir='ltr'>per</span> <span class='ocrx_word' id='word_1_173' title='bbox 1290 3012 1442 3082; x_wconf 89' lang='lat' dir='ltr'>latitudo</span> <span class='ocrx_word' id='word_1_174' title='bbox 1466 3011 1561 3099; x_wconf 87' lang='lat' dir='ltr'>passi</span> <span class='ocrx_word' id='word_1_175' title='bbox 1581 3012 1722 3098; x_wconf 88' lang='lat' dir='ltr'>undeci,</span> <span class='ocrx_word' id='word_1_176' title='bbox 1740 3019 1776 3081; x_wconf 85' lang='lat' dir='ltr'>et</span> <span class='ocrx_word' id='word_1_177' title='bbox 1793 3015 1831 3080; x_wconf 87' lang='lat' dir='ltr'>in</span> <span class='ocrx_word' id='word_1_178' title='bbox 1843 3013 1929 3101; x_wconf 90' lang='lat' dir='ltr'>pede</span> <span class='ocrx_word' id='word_1_179' title='bbox 1945 3013 1989 3084; x_wconf 87' lang='lat' dir='ltr'>de</span> <span class='ocrx_word' id='word_1_180' title='bbox 2015 3016 2091 3102; x_wconf 89' lang='lat' dir='ltr'>ipso</span> <span class='ocrx_word' id='word_1_181' title='bbox 2118 3037 2174 3088; x_wconf 88' lang='lat' dir='ltr'>ar·</span> 
     </span>
     <span class='ocr_line' id='line_1_16' title="bbox 322 3165 2175 3262; baseline -0.004 -15"><span class='ocrx_word' id='word_1_182' title='bbox 322 3180 465 3248; x_wconf 88' lang='lat' dir='ltr'>bustum</span> <span class='ocrx_word' id='word_1_183' title='bbox 483 3179 565 3247; x_wconf 89' lang='lat' dir='ltr'>abet</span> <span class='ocrx_word' id='word_1_184' title='bbox 581 3176 679 3262; x_wconf 86' lang='lat' dir='ltr'>passi</span> <span class='ocrx_word' id='word_1_185' title='bbox 695 3173 822 3241; x_wconf 91' lang='lat' dir='ltr'>undeci</span> <span class='ocrx_word' id='word_1_186' title='bbox 837 3175 874 3240; x_wconf 93' lang='lat' dir='ltr'>et</span> <span class='ocrx_word' id='word_1_187' title='bbox 890 3170 1056 3254; x_wconf 89' lang='lat' dir='ltr'>medium,</span> <span class='ocrx_word' id='word_1_188' title='bbox 1069 3173 1105 3236; x_wconf 92' lang='lat' dir='ltr'>et</span> <span class='ocrx_word' id='word_1_189' title='bbox 1120 3165 1303 3254; x_wconf 82' lang='lat' dir='ltr'>iongitudo</span> <span class='ocrx_word' id='word_1_190' title='bbox 1319 3171 1493 3253; x_wconf 88' lang='lat' dir='ltr'>quantum</span> <span class='ocrx_word' id='word_1_191' title='bbox 1508 3170 1560 3234; x_wconf 87' lang='lat' dir='ltr'>est</span> <span class='ocrx_word' id='word_1_192' title='bbox 1576 3166 1622 3234; x_wconf 82' lang='lat' dir='ltr'>da</span> <span class='ocrx_word' id='word_1_193' title='bbox 1640 3167 1719 3252; x_wconf 88' lang='lat' dir='ltr'>ipsa</span> <span class='ocrx_word' id='word_1_194' title='bbox 1736 3168 1797 3234; x_wconf 91' lang='lat' dir='ltr'>bia</span> <span class='ocrx_word' id='word_1_195' title='bbox 1821 3167 1963 3252; x_wconf 90' lang='lat' dir='ltr'>publica</span> <span class='ocrx_word' id='word_1_196' title='bbox 1991 3174 2026 3236; x_wconf 91' lang='lat' dir='ltr'>et</span> <span class='ocrx_word' id='word_1_197' title='bbox 2061 3187 2175 3257; x_wconf 90' lang='lat' dir='ltr'>usque</span> 
     </span>
     <span class='ocr_line' id='line_1_17' title="bbox 324 3320 2175 3420; baseline -0.005 -19"><span class='ocrx_word' id='word_1_198' title='bbox 324 3335 362 3401; x_wconf 90' lang='lat' dir='ltr'>in</span> <span class='ocrx_word' id='word_1_199' title='bbox 385 3332 473 3420; x_wconf 90' lang='lat' dir='ltr'>pede</span> <span class='ocrx_word' id='word_1_200' title='bbox 496 3330 539 3399; x_wconf 89' lang='lat' dir='ltr'>de</span> <span class='ocrx_word' id='word_1_201' title='bbox 563 3329 639 3416; x_wconf 92' lang='lat' dir='ltr'>ipso</span> <span class='ocrx_word' id='word_1_202' title='bbox 663 3328 828 3412; x_wconf 83' lang='lat' dir='ltr'>arbustu3</span> <span class='ocrx_word' id='word_1_203' title='bbox 853 3323 926 3394; x_wconf 88' lang='lat' dir='ltr'>alia</span> <span class='ocrx_word' id='word_1_204' title='bbox 949 3325 1050 3410; x_wconf 88' lang='lat' dir='ltr'>pecia</span> <span class='ocrx_word' id='word_1_205' title='bbox 1075 3323 1117 3391; x_wconf 88' lang='lat' dir='ltr'>de</span> <span class='ocrx_word' id='word_1_206' title='bbox 1140 3325 1239 3389; x_wconf 86' lang='lat' dir='ltr'>terra</span> <span class='ocrx_word' id='word_1_207' title='bbox 1263 3339 1342 3389; x_wconf 92' lang='lat' dir='ltr'>mea</span> <span class='ocrx_word' id='word_1_208' title='bbox 1367 3321 1506 3407; x_wconf 89' lang='lat' dir='ltr'>baciba,</span> <span class='ocrx_word' id='word_1_209' title='bbox 1530 3321 1593 3408; x_wconf 91' lang='lat' dir='ltr'>qui</span> <span class='ocrx_word' id='word_1_210' title='bbox 1616 3324 1669 3389; x_wconf 89' lang='lat' dir='ltr'>est</span> <span class='ocrx_word' id='word_1_211' title='bbox 1693 3320 1730 3388; x_wconf 90' lang='lat' dir='ltr'>in</span> <span class='ocrx_word' id='word_1_212' title='bbox 1753 3320 1841 3406; x_wconf 89' lang='lat' dir='ltr'>pede</span> <span class='ocrx_word' id='word_1_213' title='bbox 1873 3325 1909 3389; x_wconf 93' lang='lat' dir='ltr'>et</span> <span class='ocrx_word' id='word_1_214' title='bbox 1931 3324 2106 3392; x_wconf 87' lang='lat' dir='ltr'>coniunta</span> <span class='ocrx_word' id='word_1_215' title='bbox 2131 3323 2175 3392; x_wconf 90' lang='lat' dir='ltr'>de</span> 
     </span>
     <span class='ocr_line' id='line_1_18' title="bbox 322 3440 2171 3571; baseline -0.006 -19"><span class='ocrx_word' id='word_1_216' title='bbox 322 3485 400 3571; x_wconf 90' lang='lat' dir='ltr'>ipso</span> <span class='ocrx_word' id='word_1_217' title='bbox 425 3483 625 3568; x_wconf 84' lang='lat' dir='ltr'>arbustum,</span> <span class='ocrx_word' id='word_1_218' title='bbox 649 3478 711 3567; x_wconf 89' lang='lat' dir='ltr'>qui</span> <span class='ocrx_word' id='word_1_219' title='bbox 736 3479 872 3547; x_wconf 89' lang='lat' dir='ltr'>dicitur</span> <span class='ocrx_word' id='word_1_220' title='bbox 895 3476 1055 3560; x_wconf 87' lang='lat' dir='ltr'>rotunda,</span> <span class='ocrx_word' id='word_1_221' title='bbox 1079 3493 1143 3561; x_wconf 91' lang='lat' dir='ltr'>per</span> <span class='ocrx_word' id='word_1_222' title='bbox 1160 3493 1200 3543; x_wconf 89' lang='lat' dir='ltr'>ec</span> <span class='ocrx_word' id='word_1_223' title='bbox 1217 3440 1300 3540; x_wconf 81' lang='lat' dir='ltr'>finis</span> <span class='ocrx_word' id='word_1_224' title='bbox 1316 3475 1352 3540; x_wconf 92' lang='lat' dir='ltr'>et</span> <span class='ocrx_word' id='word_1_225' title='bbox 1368 3489 1566 3540; x_wconf 89' lang='lat' dir='ltr'>mensuras:</span> <span class='ocrx_word' id='word_1_226' title='bbox 1585 3489 1673 3556; x_wconf 78' lang='lat' dir='ltr'>erga</span> <span class='ocrx_word' id='word_1_227' title='bbox 1688 3473 1762 3557; x_wconf 89' lang='lat' dir='ltr'>ipso</span> <span class='ocrx_word' id='word_1_228' title='bbox 1777 3472 1964 3540; x_wconf 89' lang='lat' dir='ltr'>arbustum</span> <span class='ocrx_word' id='word_1_229' title='bbox 1990 3472 2086 3556; x_wconf 89' lang='lat' dir='ltr'>passi</span> <span class='ocrx_word' id='word_1_230' title='bbox 2101 3474 2171 3542; x_wconf 91' lang='lat' dir='ltr'>tri·</span> 
     </span>
     <span class='ocr_line' id='line_1_19' title="bbox 323 3605 2176 3728; baseline -0.008 -21"><span class='ocrx_word' id='word_1_231' title='bbox 323 3639 426 3728; x_wconf 80' lang='lat' dir='ltr'>ginta</span> <span class='ocrx_word' id='word_1_232' title='bbox 450 3638 530 3707; x_wconf 89' lang='lat' dir='ltr'>duo:</span> <span class='ocrx_word' id='word_1_233' title='bbox 556 3639 602 3706; x_wconf 89' lang='lat' dir='ltr'>ab</span> <span class='ocrx_word' id='word_1_234' title='bbox 624 3605 807 3704; x_wconf 87' lang='lat' dir='ltr'>occidente</span> <span class='ocrx_word' id='word_1_235' title='bbox 831 3631 902 3698; x_wconf 88' lang='lat' dir='ltr'>fine</span> <span class='ocrx_word' id='word_1_236' title='bbox 926 3629 969 3697; x_wconf 91' lang='lat' dir='ltr'>de</span> <span class='ocrx_word' id='word_1_237' title='bbox 993 3628 1216 3697; x_wconf 87' lang='lat' dir='ltr'>consortibus</span> <span class='ocrx_word' id='word_1_238' title='bbox 1239 3624 1338 3711; x_wconf 89' lang='lat' dir='ltr'>meis,</span> <span class='ocrx_word' id='word_1_239' title='bbox 1363 3623 1445 3692; x_wconf 88' lang='lat' dir='ltr'>inde</span> <span class='ocrx_word' id='word_1_240' title='bbox 1468 3625 1563 3710; x_wconf 89' lang='lat' dir='ltr'>passi</span> <span class='ocrx_word' id='word_1_241' title='bbox 1587 3621 1828 3709; x_wconf 82' lang='lat' dir='ltr'>quadraginta</span> <span class='ocrx_word' id='word_1_242' title='bbox 1852 3641 1923 3690; x_wconf 82' lang='lat' dir='ltr'>sex:</span> <span class='ocrx_word' id='word_1_243' title='bbox 1950 3643 2075 3712; x_wconf 88' lang='lat' dir='ltr'>apars</span> <span class='ocrx_word' id='word_1_244' title='bbox 2103 3644 2176 3694; x_wconf 91' lang='lat' dir='ltr'>me·</span> 
     </span>
     <span class='ocr_line' id='line_1_20' title="bbox 323 3773 2176 3876; baseline -0.004 -20"><span class='ocrx_word' id='word_1_245' title='bbox 323 3789 416 3858; x_wconf 89' lang='lat' dir='ltr'>ridie</span> <span class='ocrx_word' id='word_1_246' title='bbox 439 3787 535 3876; x_wconf 86' lang='lat' dir='ltr'>passi</span> <span class='ocrx_word' id='word_1_247' title='bbox 560 3785 691 3874; x_wconf 83' lang='lat' dir='ltr'>biginti</span> <span class='ocrx_word' id='word_1_248' title='bbox 715 3784 902 3870; x_wconf 88' lang='lat' dir='ltr'>quadtuor:</span> <span class='ocrx_word' id='word_1_249' title='bbox 927 3781 973 3850; x_wconf 91' lang='lat' dir='ltr'>ab</span> <span class='ocrx_word' id='word_1_250' title='bbox 996 3781 1132 3848; x_wconf 90' lang='lat' dir='ltr'>oriente</span> <span class='ocrx_word' id='word_1_251' title='bbox 1155 3779 1249 3863; x_wconf 83' lang='lat' dir='ltr'>passi</span> <span class='ocrx_word' id='word_1_252' title='bbox 1273 3777 1551 3863; x_wconf 86' lang='lat' dir='ltr'>quinquaginta,</span> <span class='ocrx_word' id='word_1_253' title='bbox 1577 3773 1676 3843; x_wconf 89' lang='lat' dir='ltr'>halia</span> <span class='ocrx_word' id='word_1_254' title='bbox 1699 3775 1799 3860; x_wconf 90' lang='lat' dir='ltr'>pecia</span> <span class='ocrx_word' id='word_1_255' title='bbox 1822 3775 1866 3844; x_wconf 89' lang='lat' dir='ltr'>de</span> <span class='ocrx_word' id='word_1_256' title='bbox 1884 3780 1983 3846; x_wconf 91' lang='lat' dir='ltr'>terra</span> <span class='ocrx_word' id='word_1_257' title='bbox 2001 3795 2080 3847; x_wconf 89' lang='lat' dir='ltr'>mea</span> <span class='ocrx_word' id='word_1_258' title='bbox 2112 3781 2176 3866; x_wconf 91' lang='lat' dir='ltr'>qui</span> 
     </span>
     <span class='ocr_line' id='line_1_21' title="bbox 320 3921 2176 4027; baseline -0.005 -16"><span class='ocrx_word' id='word_1_259' title='bbox 320 3943 375 4011; x_wconf 87' lang='lat' dir='ltr'>est</span> <span class='ocrx_word' id='word_1_260' title='bbox 399 3959 461 4027; x_wconf 91' lang='lat' dir='ltr'>per</span> <span class='ocrx_word' id='word_1_261' title='bbox 484 3928 525 4006; x_wconf 83' lang='lat' dir='ltr'>ec</span> <span class='ocrx_word' id='word_1_262' title='bbox 549 3937 635 4005; x_wconf 85' lang='lat' dir='ltr'>finis</span> <span class='ocrx_word' id='word_1_263' title='bbox 657 3941 695 4005; x_wconf 90' lang='lat' dir='ltr'>et</span> <span class='ocrx_word' id='word_1_264' title='bbox 717 3931 922 4002; x_wconf 87' lang='lat' dir='ltr'>mensoria:</span> <span class='ocrx_word' id='word_1_265' title='bbox 949 3921 1024 4000; x_wconf 45' lang='lat' dir='ltr'>hab*</span> <span class='ocrx_word' id='word_1_266' title='bbox 1043 3931 1180 3998; x_wconf 91' lang='lat' dir='ltr'>oriente</span> <span class='ocrx_word' id='word_1_267' title='bbox 1202 3928 1274 3996; x_wconf 84' lang='lat' dir='ltr'>fine</span> <span class='ocrx_word' id='word_1_268' title='bbox 1297 3926 1358 3996; x_wconf 90' lang='lat' dir='ltr'>bia</span> <span class='ocrx_word' id='word_1_269' title='bbox 1380 3925 1524 4013; x_wconf 87' lang='lat' dir='ltr'>publica</span> <span class='ocrx_word' id='word_1_270' title='bbox 1537 3976 1547 4014; x_wconf 94' lang='lat'>,</span> <span class='ocrx_word' id='word_1_271' title='bbox 1572 3927 1654 3995; x_wconf 92' lang='lat' dir='ltr'>inde</span> <span class='ocrx_word' id='word_1_272' title='bbox 1677 3928 1773 4013; x_wconf 86' lang='lat' dir='ltr'>passi</span> <span class='ocrx_word' id='word_1_273' title='bbox 1799 3929 1931 4017; x_wconf 85' lang='lat' dir='ltr'>biginti</span> <span class='ocrx_word' id='word_1_274' title='bbox 1964 3935 2121 4018; x_wconf 90' lang='lat' dir='ltr'>septem:</span> <span class='ocrx_word' id='word_1_275' title='bbox 2153 3953 2176 4004; x_wconf 90' lang='lat' dir='ltr'>a</span> 
     </span>
     <span class='ocr_line' id='line_1_22' title="bbox 324 4080 2174 4175; baseline -0.003 -12"><span class='ocrx_word' id='word_1_276' title='bbox 324 4094 473 4164; x_wconf 87' lang='lat' dir='ltr'>meridie</span> <span class='ocrx_word' id='word_1_277' title='bbox 495 4093 568 4159; x_wconf 88' lang='lat' dir='ltr'>fine</span> <span class='ocrx_word' id='word_1_278' title='bbox 591 4093 650 4160; x_wconf 89' lang='lat' dir='ltr'>bia</span> <span class='ocrx_word' id='word_1_279' title='bbox 673 4106 834 4159; x_wconf 91' lang='lat' dir='ltr'>comune:</span> <span class='ocrx_word' id='word_1_280' title='bbox 861 4088 907 4154; x_wconf 91' lang='lat' dir='ltr'>ab</span> <span class='ocrx_word' id='word_1_281' title='bbox 930 4083 1112 4154; x_wconf 90' lang='lat' dir='ltr'>occidente</span> <span class='ocrx_word' id='word_1_282' title='bbox 1133 4080 1203 4150; x_wconf 88' lang='lat' dir='ltr'>fine</span> <span class='ocrx_word' id='word_1_283' title='bbox 1226 4080 1299 4150; x_wconf 86' lang='lat' dir='ltr'>atia</span> <span class='ocrx_word' id='word_1_284' title='bbox 1321 4082 1381 4150; x_wconf 91' lang='lat' dir='ltr'>bia</span> <span class='ocrx_word' id='word_1_285' title='bbox 1405 4097 1601 4166; x_wconf 89' lang='lat' dir='ltr'>commune,</span> <span class='ocrx_word' id='word_1_286' title='bbox 1626 4081 1708 4148; x_wconf 91' lang='lat' dir='ltr'>inde</span> <span class='ocrx_word' id='word_1_287' title='bbox 1731 4087 1818 4153; x_wconf 91' lang='lat' dir='ltr'>sunt</span> <span class='ocrx_word' id='word_1_288' title='bbox 1834 4102 1895 4169; x_wconf 91' lang='lat' dir='ltr'>per</span> <span class='ocrx_word' id='word_1_289' title='bbox 1920 4084 2074 4156; x_wconf 89' lang='lat' dir='ltr'>latitudo</span> <span class='ocrx_word' id='word_1_290' title='bbox 2093 4107 2174 4175; x_wconf 88' lang='lat' dir='ltr'>pas·</span> 
     </span>
     <span class='ocr_line' id='line_1_23' title="bbox 322 4235 2176 4335; baseline -0.002 -19"><span class='ocrx_word' id='word_1_291' title='bbox 322 4249 353 4316; x_wconf 91' lang='lat' dir='ltr'>si</span> <span class='ocrx_word' id='word_1_292' title='bbox 383 4245 515 4335; x_wconf 86' lang='lat' dir='ltr'>biginti</span> <span class='ocrx_word' id='word_1_293' title='bbox 542 4249 654 4331; x_wconf 89' lang='lat' dir='ltr'>septe,</span> <span class='ocrx_word' id='word_1_294' title='bbox 678 4239 861 4330; x_wconf 84' lang='lat' dir='ltr'>longitudo</span> <span class='ocrx_word' id='word_1_295' title='bbox 884 4240 930 4307; x_wconf 91' lang='lat' dir='ltr'>da</span> <span class='ocrx_word' id='word_1_296' title='bbox 953 4239 1030 4326; x_wconf 90' lang='lat' dir='ltr'>ipsa</span> <span class='ocrx_word' id='word_1_297' title='bbox 1051 4239 1113 4304; x_wconf 91' lang='lat' dir='ltr'>bia</span> <span class='ocrx_word' id='word_1_298' title='bbox 1135 4253 1319 4304; x_wconf 88' lang='lat' dir='ltr'>commune</span> <span class='ocrx_word' id='word_1_299' title='bbox 1341 4239 1376 4302; x_wconf 91' lang='lat' dir='ltr'>et</span> <span class='ocrx_word' id='word_1_300' title='bbox 1398 4252 1510 4320; x_wconf 89' lang='lat' dir='ltr'>usque</span> <span class='ocrx_word' id='word_1_301' title='bbox 1533 4236 1612 4321; x_wconf 88' lang='lat' dir='ltr'>ipsa</span> <span class='ocrx_word' id='word_1_302' title='bbox 1634 4235 1694 4305; x_wconf 89' lang='lat' dir='ltr'>bia</span> <span class='ocrx_word' id='word_1_303' title='bbox 1723 4237 1905 4323; x_wconf 89' lang='lat' dir='ltr'>pubblica:</span> <span class='ocrx_word' id='word_1_304' title='bbox 1940 4242 2016 4310; x_wconf 87' lang='lat' dir='ltr'>tota</span> <span class='ocrx_word' id='word_1_305' title='bbox 2052 4245 2176 4311; x_wconf 88' lang='lat' dir='ltr'>omnis</span> 
     </span>
     <span class='ocr_line' id='line_1_24' title="bbox 328 4387 2172 4488; baseline -0.004 -18"><span class='ocrx_word' id='word_1_306' title='bbox 328 4401 574 4488; x_wconf 85' lang='lat' dir='ltr'>suprascripta</span> <span class='ocrx_word' id='word_1_307' title='bbox 595 4392 776 4465; x_wconf 84' lang='lat' dir='ltr'>mensoria</span> <span class='ocrx_word' id='word_1_308' title='bbox 798 4392 870 4461; x_wconf 87' lang='lat' dir='ltr'>had</span> <span class='ocrx_word' id='word_1_309' title='bbox 893 4409 1035 4479; x_wconf 86' lang='lat' dir='ltr'>passum</span> <span class='ocrx_word' id='word_1_310' title='bbox 1058 4389 1121 4475; x_wconf 91' lang='lat' dir='ltr'>qui</span> <span class='ocrx_word' id='word_1_311' title='bbox 1144 4388 1353 4473; x_wconf 82' lang='lat' dir='ltr'>singnatum</span> <span class='ocrx_word' id='word_1_312' title='bbox 1375 4389 1429 4455; x_wconf 89' lang='lat' dir='ltr'>est</span> <span class='ocrx_word' id='word_1_313' title='bbox 1453 4388 1491 4459; x_wconf 90' lang='lat' dir='ltr'>in</span> <span class='ocrx_word' id='word_1_314' title='bbox 1516 4387 1680 4458; x_wconf 88' lang='lat' dir='ltr'>columna</span> <span class='ocrx_word' id='word_1_315' title='bbox 1710 4406 1908 4458; x_wconf 88' lang='lat' dir='ltr'>marmorea</span> <span class='ocrx_word' id='word_1_316' title='bbox 1942 4391 1984 4460; x_wconf 91' lang='lat' dir='ltr'>de</span> <span class='ocrx_word' id='word_1_317' title='bbox 2017 4392 2172 4463; x_wconf 87' lang='lat' dir='ltr'>ecclesia</span> 
     </span>
     <span class='ocr_line' id='line_1_25' title="bbox 323 4538 2171 4634; baseline -0.009 -6"><span class='ocrx_word' id='word_1_318' title='bbox 323 4555 438 4628; x_wconf 88' lang='lat' dir='ltr'>sancti</span> <span class='ocrx_word' id='word_1_319' title='bbox 462 4553 615 4624; x_wconf 89' lang='lat' dir='ltr'>matthei</span> <span class='ocrx_word' id='word_1_320' title='bbox 639 4553 682 4621; x_wconf 87' lang='lat' dir='ltr'>de</span> <span class='ocrx_word' id='word_1_321' title='bbox 706 4547 984 4634; x_wconf 90' lang='lat' dir='ltr'>archiepiscopio</span> <span class='ocrx_word' id='word_1_322' title='bbox 1007 4543 1240 4627; x_wconf 88' lang='lat' dir='ltr'>salernitano,</span> <span class='ocrx_word' id='word_1_323' title='bbox 1265 4541 1303 4607; x_wconf 92' lang='lat' dir='ltr'>in</span> <span class='ocrx_word' id='word_1_324' title='bbox 1318 4539 1383 4608; x_wconf 88' lang='lat' dir='ltr'>tali</span> <span class='ocrx_word' id='word_1_325' title='bbox 1400 4538 1562 4625; x_wconf 85' lang='lat' dir='ltr'>hordine,</span> <span class='ocrx_word' id='word_1_326' title='bbox 1580 4543 1621 4606; x_wconf 90' lang='lat' dir='ltr'>ut</span> <span class='ocrx_word' id='word_1_327' title='bbox 1637 4539 1761 4608; x_wconf 91' lang='lat' dir='ltr'>amodo</span> <span class='ocrx_word' id='word_1_328' title='bbox 1777 4543 1812 4608; x_wconf 90' lang='lat' dir='ltr'>et</span> <span class='ocrx_word' id='word_1_329' title='bbox 1825 4558 1977 4629; x_wconf 86' lang='lat' dir='ltr'>semper,</span> <span class='ocrx_word' id='word_1_330' title='bbox 1995 4546 2080 4612; x_wconf 91' lang='lat' dir='ltr'>nato</span> <span class='ocrx_word' id='word_1_331' title='bbox 2107 4561 2171 4613; x_wconf 90' lang='lat' dir='ltr'>na·</span> 
     </span>
     <span class='ocr_line' id='line_1_26' title="bbox 324 4693 2174 4794; baseline -0.011 -14"><span class='ocrx_word' id='word_1_332' title='bbox 324 4712 479 4794; x_wconf 86' lang='lat' dir='ltr'>scentes,</span> <span class='ocrx_word' id='word_1_333' title='bbox 503 4705 549 4778; x_wconf 89' lang='lat' dir='ltr'>ad</span> <span class='ocrx_word' id='word_1_334' title='bbox 572 4723 638 4773; x_wconf 90' lang='lat' dir='ltr'>sua</span> <span class='ocrx_word' id='word_1_335' title='bbox 660 4709 696 4772; x_wconf 90' lang='lat' dir='ltr'>et</span> <span class='ocrx_word' id='word_1_336' title='bbox 718 4703 761 4771; x_wconf 87' lang='lat' dir='ltr'>de</span> <span class='ocrx_word' id='word_1_337' title='bbox 784 4717 865 4770; x_wconf 87' lang='lat' dir='ltr'>suos</span> <span class='ocrx_word' id='word_1_338' title='bbox 888 4697 1009 4766; x_wconf 89' lang='lat' dir='ltr'>eredes</span> <span class='ocrx_word' id='word_1_339' title='bbox 1025 4712 1100 4762; x_wconf 89' lang='lat' dir='ltr'>esse</span> <span class='ocrx_word' id='word_1_340' title='bbox 1117 4697 1326 4781; x_wconf 89' lang='lat' dir='ltr'>potestatem</span> <span class='ocrx_word' id='word_1_341' title='bbox 1343 4693 1424 4760; x_wconf 89' lang='lat' dir='ltr'>illut</span> <span class='ocrx_word' id='word_1_342' title='bbox 1439 4693 1644 4779; x_wconf 88' lang='lat' dir='ltr'>tenendum,</span> <span class='ocrx_word' id='word_1_343' title='bbox 1659 4695 1696 4759; x_wconf 92' lang='lat' dir='ltr'>et</span> <span class='ocrx_word' id='word_1_344' title='bbox 1710 4693 1808 4760; x_wconf 82' lang='lat' dir='ltr'>fovee</span> <span class='ocrx_word' id='word_1_345' title='bbox 1825 4696 1861 4760; x_wconf 92' lang='lat' dir='ltr'>et</span> <span class='ocrx_word' id='word_1_346' title='bbox 1877 4695 1993 4762; x_wconf 88' lang='lat' dir='ltr'>omnis</span> <span class='ocrx_word' id='word_1_347' title='bbox 2009 4713 2072 4762; x_wconf 88' lang='lat' dir='ltr'>sue</span> <span class='ocrx_word' id='word_1_348' title='bbox 2103 4697 2174 4765; x_wconf 91' lang='lat' dir='ltr'>uti-</span> 
     </span>
     <span class='ocr_line' id='line_1_27' title="bbox 323 4843 2172 4938; baseline -0.01 -4"><span class='ocrx_word' id='word_1_349' title='bbox 323 4865 439 4935; x_wconf 86' lang='lat' dir='ltr'>litatis</span> <span class='ocrx_word' id='word_1_350' title='bbox 462 4862 558 4931; x_wconf 87' lang='lat' dir='ltr'>iusta</span> <span class='ocrx_word' id='word_1_351' title='bbox 580 4860 721 4929; x_wconf 87' lang='lat' dir='ltr'>ratione</span> <span class='ocrx_word' id='word_1_352' title='bbox 738 4855 868 4924; x_wconf 87' lang='lat' dir='ltr'>ibidem</span> <span class='ocrx_word' id='word_1_353' title='bbox 884 4849 1032 4937; x_wconf 85' lang='lat' dir='ltr'>saciant,</span> <span class='ocrx_word' id='word_1_354' title='bbox 1049 4853 1084 4917; x_wconf 89' lang='lat' dir='ltr'>et</span> <span class='ocrx_word' id='word_1_355' title='bbox 1098 4847 1230 4915; x_wconf 91' lang='lat' dir='ltr'>ibidem</span> <span class='ocrx_word' id='word_1_356' title='bbox 1247 4845 1401 4914; x_wconf 90' lang='lat' dir='ltr'>residere</span> <span class='ocrx_word' id='word_1_357' title='bbox 1415 4848 1452 4913; x_wconf 90' lang='lat' dir='ltr'>et</span> <span class='ocrx_word' id='word_1_358' title='bbox 1468 4846 1619 4922; x_wconf 86' lang='lat' dir='ltr'>avitare,</span> <span class='ocrx_word' id='word_1_359' title='bbox 1639 4848 1676 4912; x_wconf 90' lang='lat' dir='ltr'>et</span> <span class='ocrx_word' id='word_1_360' title='bbox 1692 4843 1770 4930; x_wconf 87' lang='lat' dir='ltr'>ipsa</span> <span class='ocrx_word' id='word_1_361' title='bbox 1787 4845 1892 4914; x_wconf 86' lang='lat' dir='ltr'>vinea</span> <span class='ocrx_word' id='word_1_362' title='bbox 1908 4850 1944 4914; x_wconf 88' lang='lat' dir='ltr'>et</span> <span class='ocrx_word' id='word_1_363' title='bbox 1968 4849 2172 4938; x_wconf 87' lang='lat' dir='ltr'>arbustum,</span> 
     </span>
     <span class='ocr_line' id='line_1_28' title="bbox 326 4996 2171 5107; baseline -0.008 -20"><span class='ocrx_word' id='word_1_364' title='bbox 326 5017 388 5107; x_wconf 88' lang='lat' dir='ltr'>qui</span> <span class='ocrx_word' id='word_1_365' title='bbox 411 5014 514 5086; x_wconf 88' lang='lat' dir='ltr'>modo</span> <span class='ocrx_word' id='word_1_366' title='bbox 537 5013 589 5080; x_wconf 92' lang='lat' dir='ltr'>ibi</span> <span class='ocrx_word' id='word_1_367' title='bbox 613 5010 838 5094; x_wconf 85' lang='lat' dir='ltr'>estfactum,</span> <span class='ocrx_word' id='word_1_368' title='bbox 861 5023 925 5094; x_wconf 90' lang='lat' dir='ltr'>per</span> <span class='ocrx_word' id='word_1_369' title='bbox 948 5020 1084 5074; x_wconf 91' lang='lat' dir='ltr'>annum</span> <span class='ocrx_word' id='word_1_370' title='bbox 1108 4999 1150 5068; x_wconf 90' lang='lat' dir='ltr'>de</span> <span class='ocrx_word' id='word_1_371' title='bbox 1173 5017 1279 5085; x_wconf 89' lang='lat' dir='ltr'>super</span> <span class='ocrx_word' id='word_1_372' title='bbox 1295 4996 1386 5065; x_wconf 91' lang='lat' dir='ltr'>etde</span> <span class='ocrx_word' id='word_1_373' title='bbox 1402 5001 1522 5081; x_wconf 91' lang='lat' dir='ltr'>supter</span> <span class='ocrx_word' id='word_1_374' title='bbox 1538 5013 1601 5064; x_wconf 92' lang='lat' dir='ltr'>suo</span> <span class='ocrx_word' id='word_1_375' title='bbox 1617 4999 1773 5090; x_wconf 85' lang='lat' dir='ltr'>tempore</span> <span class='ocrx_word' id='word_1_376' title='bbox 1790 4996 1954 5067; x_wconf 89' lang='lat' dir='ltr'>laborare</span> <span class='ocrx_word' id='word_1_377' title='bbox 1968 5005 2007 5068; x_wconf 91' lang='lat' dir='ltr'>et</span> <span class='ocrx_word' id='word_1_378' title='bbox 2032 5001 2171 5072; x_wconf 88' lang='lat' dir='ltr'>cultare</span> 
     </span>
     <span class='ocr_line' id='line_1_29' title="bbox 325 5150 2174 5258; baseline -0.006 -17"><span class='ocrx_word' id='word_1_379' title='bbox 325 5175 362 5241; x_wconf 88' lang='lat' dir='ltr'>et</span> <span class='ocrx_word' id='word_1_380' title='bbox 385 5170 627 5258; x_wconf 84' lang='lat' dir='ltr'>propaginare</span> <span class='ocrx_word' id='word_1_381' title='bbox 649 5167 794 5235; x_wconf 85' lang='lat' dir='ltr'>bonum.</span> <span class='ocrx_word' id='word_1_382' title='bbox 819 5161 912 5229; x_wconf 89' lang='lat' dir='ltr'>sicut</span> <span class='ocrx_word' id='word_1_383' title='bbox 934 5158 1117 5234; x_wconf 88' lang='lat' dir='ltr'>meruerit,</span> <span class='ocrx_word' id='word_1_384' title='bbox 1143 5159 1304 5224; x_wconf 85' lang='lat' dir='ltr'>ettotam</span> <span class='ocrx_word' id='word_1_385' title='bbox 1320 5155 1394 5240; x_wconf 86' lang='lat' dir='ltr'>ipso</span> <span class='ocrx_word' id='word_1_386' title='bbox 1411 5150 1589 5238; x_wconf 88' lang='lat' dir='ltr'>bacibum‚</span> <span class='ocrx_word' id='word_1_387' title='bbox 1607 5153 1670 5239; x_wconf 89' lang='lat' dir='ltr'>qui</span> <span class='ocrx_word' id='word_1_388' title='bbox 1687 5153 1784 5223; x_wconf 85' lang='lat' dir='ltr'>infra</span> <span class='ocrx_word' id='word_1_389' title='bbox 1800 5158 1875 5224; x_wconf 89' lang='lat' dir='ltr'>tota</span> <span class='ocrx_word' id='word_1_390' title='bbox 1892 5159 1972 5244; x_wconf 84' lang='lat' dir='ltr'>ipsa</span> <span class='ocrx_word' id='word_1_391' title='bbox 1990 5160 2174 5229; x_wconf 85' lang='lat' dir='ltr'>mensoria</span> 
     </span>
     <span class='ocr_line' id='line_1_30' title="bbox 331 5307 2177 5410; baseline -0.006 -19"><span class='ocrx_word' id='word_1_392' title='bbox 331 5326 398 5410; x_wconf 89' lang='lat' dir='ltr'>est,</span> <span class='ocrx_word' id='word_1_393' title='bbox 421 5321 547 5392; x_wconf 87' lang='lat' dir='ltr'>amodo</span> <span class='ocrx_word' id='word_1_394' title='bbox 570 5321 761 5406; x_wconf 87' lang='lat' dir='ltr'>pastenare</span> <span class='ocrx_word' id='word_1_395' title='bbox 784 5311 913 5380; x_wconf 88' lang='lat' dir='ltr'>ibidem</span> <span class='ocrx_word' id='word_1_396' title='bbox 937 5312 1082 5380; x_wconf 90' lang='lat' dir='ltr'>arbores</span> <span class='ocrx_word' id='word_1_397' title='bbox 1105 5312 1141 5377; x_wconf 89' lang='lat' dir='ltr'>et</span> <span class='ocrx_word' id='word_1_398' title='bbox 1163 5310 1253 5376; x_wconf 90' lang='lat' dir='ltr'>vites</span> <span class='ocrx_word' id='word_1_399' title='bbox 1276 5307 1318 5375; x_wconf 91' lang='lat' dir='ltr'>de</span> <span class='ocrx_word' id='word_1_400' title='bbox 1341 5307 1431 5375; x_wconf 88' lang='lat' dir='ltr'>bono</span> <span class='ocrx_word' id='word_1_401' title='bbox 1454 5307 1586 5374; x_wconf 84' lang='lat' dir='ltr'>vitineo</span> <span class='ocrx_word' id='word_1_402' title='bbox 1603 5309 1638 5375; x_wconf 92' lang='lat' dir='ltr'>et</span> <span class='ocrx_word' id='word_1_403' title='bbox 1651 5309 1776 5395; x_wconf 89' lang='lat' dir='ltr'>pomis,</span> <span class='ocrx_word' id='word_1_404' title='bbox 1790 5311 1829 5377; x_wconf 90' lang='lat' dir='ltr'>ut</span> <span class='ocrx_word' id='word_1_405' title='bbox 1846 5309 1891 5378; x_wconf 93' lang='lat' dir='ltr'>ad</span> <span class='ocrx_word' id='word_1_406' title='bbox 1908 5311 2074 5398; x_wconf 88' lang='lat' dir='ltr'>completi</span> <span class='ocrx_word' id='word_1_407' title='bbox 2092 5312 2177 5381; x_wconf 88' lang='lat' dir='ltr'>duo-</span> 
     </span>
     <span class='ocr_line' id='line_1_31' title="bbox 325 5459 2176 5559; baseline -0.005 -14"><span class='ocrx_word' id='word_1_408' title='bbox 325 5476 442 5546; x_wconf 88' lang='lat' dir='ltr'>decim</span> <span class='ocrx_word' id='word_1_409' title='bbox 467 5473 569 5559; x_wconf 90' lang='lat' dir='ltr'>anni,</span> <span class='ocrx_word' id='word_1_410' title='bbox 595 5475 636 5539; x_wconf 89' lang='lat' dir='ltr'>ut</span> <span class='ocrx_word' id='word_1_411' title='bbox 658 5468 783 5538; x_wconf 89' lang='lat' dir='ltr'>amodo</span> <span class='ocrx_word' id='word_1_412' title='bbox 805 5485 842 5534; x_wconf 88' lang='lat' dir='ltr'>se</span> <span class='ocrx_word' id='word_1_413' title='bbox 865 5463 1074 5553; x_wconf 86' lang='lat' dir='ltr'>compleant,</span> <span class='ocrx_word' id='word_1_414' title='bbox 1099 5466 1174 5531; x_wconf 91' lang='lat' dir='ltr'>tota</span> <span class='ocrx_word' id='word_1_415' title='bbox 1196 5464 1439 5548; x_wconf 88' lang='lat' dir='ltr'>suprascripta</span> <span class='ocrx_word' id='word_1_416' title='bbox 1455 5477 1517 5546; x_wconf 93' lang='lat' dir='ltr'>per</span> <span class='ocrx_word' id='word_1_417' title='bbox 1533 5459 1736 5546; x_wconf 87' lang='lat' dir='ltr'>supradicte</span> <span class='ocrx_word' id='word_1_418' title='bbox 1754 5463 1838 5532; x_wconf 86' lang='lat' dir='ltr'>finis</span> <span class='ocrx_word' id='word_1_419' title='bbox 1857 5469 1894 5532; x_wconf 90' lang='lat' dir='ltr'>et</span> <span class='ocrx_word' id='word_1_420' title='bbox 1910 5467 2096 5535; x_wconf 79' lang='lat' dir='ltr'>mensurio</span> <span class='ocrx_word' id='word_1_421' title='bbox 2112 5468 2176 5537; x_wconf 90' lang='lat' dir='ltr'>ha-</span> 
     </span>
    </p>
   </div>
   <div class='ocr_carea' id='block_1_6' title="bbox 326 5613 2177 5709">
    <p class='ocr_par' dir='ltr' id='par_1_6' title="bbox 326 5613 2177 5709">
     <span class='ocr_line' id='line_1_32' title="bbox 326 5613 2177 5709; baseline -0.004 -10"><span class='ocrx_word' id='word_1_422' title='bbox 326 5633 437 5701; x_wconf 89' lang='lat' dir='ltr'>beant</span> <span class='ocrx_word' id='word_1_423' title='bbox 459 5633 573 5698; x_wconf 88' lang='lat' dir='ltr'>totum</span> <span class='ocrx_word' id='word_1_424' title='bbox 598 5627 699 5696; x_wconf 92' lang='lat' dir='ltr'>illum</span> <span class='ocrx_word' id='word_1_425' title='bbox 722 5626 906 5695; x_wconf 84' lang='lat' dir='ltr'>arbustum</span> <span class='ocrx_word' id='word_1_426' title='bbox 930 5625 1081 5705; x_wconf 90' lang='lat' dir='ltr'>surtum,</span> <span class='ocrx_word' id='word_1_427' title='bbox 1099 5621 1135 5685; x_wconf 91' lang='lat' dir='ltr'>et</span> <span class='ocrx_word' id='word_1_428' title='bbox 1152 5619 1352 5702; x_wconf 89' lang='lat' dir='ltr'>operatum,</span> <span class='ocrx_word' id='word_1_429' title='bbox 1370 5617 1406 5683; x_wconf 90' lang='lat' dir='ltr'>et</span> <span class='ocrx_word' id='word_1_430' title='bbox 1421 5613 1609 5701; x_wconf 85' lang='lat' dir='ltr'>cultatum,</span> <span class='ocrx_word' id='word_1_431' title='bbox 1625 5618 1661 5682; x_wconf 92' lang='lat' dir='ltr'>et</span> <span class='ocrx_word' id='word_1_432' title='bbox 1676 5615 1873 5684; x_wconf 86' lang='lat' dir='ltr'>studiatum</span> <span class='ocrx_word' id='word_1_433' title='bbox 1891 5620 2024 5688; x_wconf 89' lang='lat' dir='ltr'>bonum</span> <span class='ocrx_word' id='word_1_434' title='bbox 2041 5623 2081 5689; x_wconf 89' lang='lat' dir='ltr'>ut</span> <span class='ocrx_word' id='word_1_435' title='bbox 2097 5639 2177 5709; x_wconf 88' lang='lat' dir='ltr'>per·</span> 
     </span>
    </p>
   </div>
   <div class='ocr_carea' id='block_1_7' title="bbox 324 5775 2174 5871">
    <p class='ocr_par' dir='ltr' id='par_1_7' title="bbox 324 5775 2174 5871">
     <span class='ocr_line' id='line_1_33' title="bbox 324 5775 2174 5871; baseline 0.001 -19"><span class='ocrx_word' id='word_1_436' title='bbox 324 5784 457 5854; x_wconf 82' lang='lat' dir='ltr'>fectum</span> <span class='ocrx_word' id='word_1_437' title='bbox 480 5786 606 5870; x_wconf 88' lang='lat' dir='ltr'>pareat</span> <span class='ocrx_word' id='word_1_438' title='bbox 628 5780 760 5849; x_wconf 85' lang='lat' dir='ltr'>factum</span> <span class='ocrx_word' id='word_1_439' title='bbox 778 5781 891 5847; x_wconf 90' lang='lat' dir='ltr'>totum</span> <span class='ocrx_word' id='word_1_440' title='bbox 907 5776 1051 5863; x_wconf 88' lang='lat' dir='ltr'>bonurn,</span> <span class='ocrx_word' id='word_1_441' title='bbox 1067 5782 1161 5851; x_wconf 86' lang='lat' dir='ltr'>sicut</span> <span class='ocrx_word' id='word_1_442' title='bbox 1178 5785 1361 5871; x_wconf 89' lang='lat' dir='ltr'>meruerit,</span> <span class='ocrx_word' id='word_1_443' title='bbox 1378 5777 1414 5842; x_wconf 92' lang='lat' dir='ltr'>et</span> <span class='ocrx_word' id='word_1_444' title='bbox 1429 5775 1490 5842; x_wconf 89' lang='lat' dir='ltr'>ubi</span> <span class='ocrx_word' id='word_1_445' title='bbox 1506 5776 1694 5871; x_wconf 89' lang='lat' dir='ltr'>meruerit,</span> <span class='ocrx_word' id='word_1_446' title='bbox 1712 5787 1826 5855; x_wconf 89' lang='lat' dir='ltr'>totum</span> <span class='ocrx_word' id='word_1_447' title='bbox 1848 5785 1949 5854; x_wconf 87' lang='lat' dir='ltr'>cluso</span> <span class='ocrx_word' id='word_1_448' title='bbox 1969 5793 2005 5858; x_wconf 91' lang='lat' dir='ltr'>et</span> <span class='ocrx_word' id='word_1_449' title='bbox 2031 5782 2174 5858; x_wconf 86' lang='lat' dir='ltr'>salbum</span> 
     </span>
    </p>
   </div>
   <div class='ocr_carea' id='block_1_8' title="bbox 0 0 2732 7092">
    <p class='ocr_par' dir='ltr' id='par_1_8' title="bbox 0 0 2732 7092">
     <span class='ocr_line' id='line_1_34' title="bbox 0 0 2732 7092; baseline 0 0"><span class='ocrx_word' id='word_1_450' title='bbox 0 0 2732 7092; x_wconf 95' lang='lat' dir='ltr'> </span> 
     </span>
    </p>
   </div>
  </div>
 </body>
</html>
