5408 7108
608 448 679 523 ιιι
835 429 843 442 ’
1246 456 1419 530 cunni
1454 457 1725 534 cavensis

555 691 618 763 per
640 679 864 747 successione
887 698 950 748 seu
973 685 1009 748 et
1036 699 1099 768 per
1122 683 1282 798 qqalibet
1305 684 1496 771 rationem,
1520 688 1650 771 quaet
1675 667 1803 751 incli'ta
1825 687 1957 768 quarta
1981 699 2058 766 sua,
2081 679 2174 766 quud
2197 641 2231 745 ui
2248 679 2403 764 pertinet

555 847 579 896 a
601 830 843 918 suprascripto
869 831 944 942 viru
966 851 1045 918 suo,
1067 837 1148 918 pust
1171 834 1305 899 obitum
1330 851 1435 900 suum
1458 839 1494 902 et
1519 841 1596 922 post
1619 837 1781 903 hobitum
1816 833 1968 920 predicti
2004 830 2071 900 viri
2097 831 2151 899 sui
2178 829 2408 916 peruenirent

556 985 596 1047 at
618 985 825 1082 potestatem
853 983 963 1068 ipsius
986 981 1070 1070 grid
1094 983 1165 1051 tilio
1187 1001 1252 1050 suo
1267 988 1303 1052 et
1318 983 1361 1051 de
1378 961 1501 1054 eredes
1520 987 1632 1072 ipsius
1648 987 1742 1073 grifi,
1761 961 1962 1054 faciendum
1979 987 2098 1051 omnia
2122 982 2215 1068 quod
2240 981 2408 1048 buluerit.

547 1133 596 1198 ·ln
622 1133 684 1200 tali
712 1135 839 1220 tinore,
865 1141 904 1201 ut
928 1133 1001 1220 ipse
1024 1139 1101 1201 viru
1123 1137 1200 1202 eius
1225 1136 1305 1204 illut
1331 1137 1489 1212 srudiare
1506 1138 1600 1206 etde
1618 1141 1733 1224 ipsum
1751 1137 1907 1224 trudium
1925 1134 2151 1221 facerequod
2168 1131 2411 1200 uolueritdie·

558 1287 622 1378 bus
645 1288 719 1352 vite
742 1301 817 1361 sue,
842 1293 964 1372 postea
988 1269 1219 1372 peruenirent
1244 1291 1361 1356 omnis
1385 1289 1635 1378 suprascripta
1645 1289 1763 1355 rebus
1786 1288 1830 1354 ad
1857 1291 2063 1373 potestatem
2089 1285 2202 1370 ipsius
2224 1283 2333 1369 grid,
2358 1281 2410 1348 sa·
2484 1271 2495 1292 '

557 1433 725 1502 ciendum
751 1423 871 1517 omnia
895 1438 986 1523 quod
1012 1439 1322 1526 boluerit,l1pse
1339 1441 1432 1527 griso
1447 1441 1577 1508 darent
1594 1427 1669 1525 pust
1686 1417 1872 1518 hobitum
1863 1439 1975 1526 ipsius
1990 1435 2158 1525 genitrici
2181 1453 2244 1503 sue
2259 1435 2333 1500 trio
2309 1435 2414 1520 inta

559 1586 640 1656 auri
670 1589 754 1674 tari,
780 1593 820 1704 ut
846 1589 1022 1658 ueraciter
1046 1591 1339 1677 pareretdat't1m3
1365 1597 1400 1659 et
1423 1593 1673 1716 obligaverunt
1696 1611 1733 1659 se
1758 1592 1823 1678 ipsi
1843 1589 1899 1656 vir
1915 1595 1951 1658 et
1967 1605 2108 1674 uxur,e
2088 1589 2214 1655 etsnis
2235 1585 2415 1660 eredibus,

469 1785 475 1792 -
559 1743 599 1806 ut
623 1741 651 1806 si
678 1740 721 1806 de
746 1745 856 1808 cunta
879 1760 962 1830 que,
989 1747 1028 1810 ut
1051 1743 1125 1810 dict
1111 1747 1186 1811 tum
1212 1751 1277 1822 est,
1304 1745 1382 1830 ipsa
1406 1744 1533 1811 mulier
1549 1743 1730 1818 iudicarit,
1746 1741 1876 1826 aliquit
1891 1742 2071 1807 remouere
2087 1739 2144 1806 vel
2167 1737 2415 1818 contradicere

560 1895 803 1979 presumserit,
828 1911 1037 1980 componere
1062 1896 1233 1994 obligavit
1256 1914 1294 1963 se
1317 1897 1385 1982 ipsi
1411 1897 1465 1961 vir
1488 1903 1524 1963 et
1547 1913 1637 1962 uxor
1656 1894 1766 1979 ipsius
1782 1893 1899 1978 lando,
1916 1891 2018 1958 cuius
2041 1909 2078 1958 se
2096 1889 2132 1956 in
2151 1907 2297 1958 manum
2323 1906 2417 1956 com·

508 2049 512 2056 '
559 2043 667 2128 misit,
697 2045 750 2108 vel
775 2043 818 2112 ad
843 2039 905 2111 ille
930 2048 1034 2112 homo
1058 2049 1116 2131 qui
1145 2064 1209 2132 pru
1232 2053 1334 2133 parte
1357 2048 1399 2113 de
1426 2049 1503 2133 ipsa
1528 2047 1656 2112 mulier
1673 2045 1766 2122 etde
1784 2047 1900 2130 ipsum
1918 2041 2012 2131 g’rifo
2027 2042 2243 2127 causaberit,
2262 2043 2417 2150 triginta

526 2205 535 2220 ·
557 2197 638 2260 auri
664 2191 793 2260 solidos
818 2195 1127 2262 constantinianus
1149 2201 1185 2262 et
1207 2196 1378 2283 qualiter,
1397 2203 1562 2284 utsupra
1585 2197 1715 2268 dictum
1742 2203 1809 2280 est,
1826 2195 1976 2264 firmiter
1994 2213 2218 2282 permanere.
2237 2196 2313 2280 Ego
2336 2213 2416 2279 prc-

557 2347 675 2416 dictus
698 2368 813 2418 comes
831 2355 867 2418 et
884 2351 1003 2438 iudex,
1028 2352 1112 2419 dum
1137 2317 1260 2420 taliter
1286 2353 1357 2419 illis
1382 2351 1616 2430 testificantes
1641 2349 1788 2444 audivi,
1813 2350 2033 2435 interrogavi
2058 2349 2149 2435 illis,
2174 2349 2204 2416 si
2228 2365 2414 2434 necessum

559 2507 614 2572 est
636 2503 781 2570 firmare
804 2502 891 2570 illut
914 2519 976 2588 per
1000 2506 1278 2570 sacramentum.
1305 2503 1588 2570 Illissdixerunt:
1612 2523 1694 2572 ecce
1718 2522 1780 2570 nos
1804 2504 1922 2590 parati
1946 2503 1977 2568 si
2001 2507 2161 2587 oportum
2184 2503 2252 2586 est,
2276 2518 2338 2586 per
2360 2518 2418 2590 sa·

560 2659 784 2722 crumentum
808 2654 890 2722 illut
912 2655 1111 2740 firmamus3
1136 2661 1172 2722 et
1194 2658 1317 2722 statim
1344 2656 1493 2722 fecimus
1518 2611 1591 2722 illis
1614 2656 1700 2754 dare
1724 2655 1858 2741 guadia
1883 2654 1995 2738 ipsius
2017 2651 2165 2720 landoni
2189 2657 2225 2719 et
2255 2647 2416 2737 predicto

561 2804 668 2912 grid,
694 2811 735 2872 ut
757 2807 786 2870 si
811 2803 1004 2891 aliquando
1027 2801 1256 2874 causationes
1280 2808 1411 2876 exinde
1438 2807 1551 2892 ipsius
1574 2809 1659 2893 grid
1682 2811 1810 2902 exqrte
1834 2806 1941 2873 luerit
1964 2822 2026 2891 per
2049 2819 2274 2890 quacumque
2297 2804 2416 2884 homo,

563 2961 650 3024 tunc
673 2958 849 3042 plicarunt
871 2975 908 3025 se
932 2958 998 3044 ipsi
1024 2959 1199 3026 nominati
1227 2958 1359 3046 godeni
1385 2963 1422 3026 et
1440 2961 1615 3028 iohannes
1632 2960 1726 3062 iilius
1743 2958 1890 3026 iohanni
1907 2973 2026 3043 greco,
2045 2961 2080 3023 et
2098 2955 2301 3054 rumualdus
2318 2951 2417 3020 filius

565 3111 692 3197 amori,
716 3109 862 3195 quandu
877 3081 953 3176 'illis
975 3109 1105 3178 exinde
1128 3111 1220 3176 scire
1243 3108 1394 3177 iecerint
1419 3111 1533 3195 ipsum
1557 3105 1650 3197 gillo
1675 3110 1729 3177 rel
1753 3111 1830 3178 eius
1853 3109 1988 3194 eredes,
2012 3112 2047 3176 et
2071 3127 2133 3194 per
2151 3110 2420 3176 sacramentum

574 3259 641 3328 llut
665 3263 851 3329 firmarent
865 3313 875 3348 ,
901 3260 1053 3368 qualiter
1077 3264 1260 3351 dixerunt,
1287 3263 1379 3331 sicut
1402 3281 1512 3364 supra
1537 3261 1682 3348 legitur,
1712 3265 1748 3329 el
1770 3264 1801 3329 si
1827 3261 1948 3329 taliter
1972 3279 2043 3327 nun
2067 3259 2345 3346 adimpleberint
2371 3261 2410 3327 et

413 3493 430 3514 .
560 3411 693 3498 aliquit
709 3389 1035 3481 exinde'remobure
1051 3415 1262 3501 quesierint,
1280 3432 1490 3500 componere
1509 3413 1682 3501 obligavit
1699 3432 1736 3480 se
1753 3411 1814 3504 ille
1832 3413 1894 3500 qui
1909 3412 2001 3520 ¹illut
2025 3413 2220 3498 adimplere
2244 3387 2417 3496 nuluerit,
2448 3479 2459 3502 ‚

442 3625 448 3636 .
564 3567 673 3652 ipsius
698 3567 780 3652 gritl
805 3565 858 3633 rel
883 3565 927 3634 ad
952 3567 1030 3634 eius
1053 3565 1189 3653 eredes,
1213 3570 1250 3636 et
1266 3568 1324 3634 cui
1343 3569 1410 3634 iste
1434 3557 1606 3634 scribtum
1631 3547 1669 3633 in
1686 3584 1831 3634 manum
1848 3565 2024 3653 paruerit,
2042 3565 2173 3653 biginti
2190 3565 2273 3636 auri
2291 3563 2424 3632 solidos

561 3717 873 3786 constantinianus
896 3725 932 3784 et
955 3736 1018 3803 per
1045 3715 1169 3785 iubitis
1194 3717 1274 3786 illut
1300 3685 1548 3804 adimplerent.
1574 3722 1619 3786 Et
1643 3719 1765 3789 taliter
1789 3739 1852 3806 pro
1876 3725 1977 3807 parte
2002 3720 2112 3807 ipsius
2141 3721 2224 3808 griti
2262 3721 2422 3788 scribere

564 3868 712 3937 lecimus
736 3873 771 3936 te
796 3869 978 3937 dauferius
1004 3871 1164 3962 notarius
1182 3870 1396 3988 interfuisti.
1482 3879 1490 3894 ·
1570 3863 1577 3878 '

611 3991 641 4106 ‘l'
668 4022 742 4106 Ego
765 4019 824 4106 qui
851 4040 959 4107 supra
986 4021 1191 4090 ademarius
1217 4022 1336 4092 iudex.

1682 4301 1687 4310 ι

1293 4313 1724 4328 m·

1366 4671 1623 4754 Mxxnr.

1111 4911 1128 4992 ·.
1227 5039 1230 5044 ,
1353 4938 1413 5039 AL
1435 4967 1489 5040 D.
1516 4963 1643 5042 1043.

579 5197 751 5335 †
681 5247 721 5314 ln
748 5245 909 5314 numine·
905 5245 1046 5314 domini
1072 5246 1238 5315 vicesimo
1261 5249 1385 5334 quinto
1408 5265 1503 5316 anuo
1499 5252 1698 5372 principat
1699 5269 1741 5316 us
1684 5241 1892 5324 tsalerni
1909 5249 2029 5318 domni
2045 5253 2125 5317 nost
2127 5249 2156 5315 ri
2177 5248 2369 5374 guaimarii
2390 5251 2426 5313 et

567 5397 701 5484 quinto
724 5415 820 5482 anno
843 5383 1064 5528 principatus
1089 5399 1166 5466 eius
1191 5417 1303 5486 capue
1325 5403 1363 5466 el
1348 5399 1533 5469 lducatus
1555 5401 1633 5466 eius
1657 5399 1779 5467 amalil
1801 5403 1838 5466 et
1861 5393 2069 5488 sirrentum,
2094 5393 2139 5467 Et
2154 5361 2308 5466 secundo
2330 5411 2427 5466 auno

481 5563 491 5586 ·
574 5549 896 5636 suprascriptorum
925 5549 1190 5635 principatuum
1206 5557 1242 5618 et
1259 5551 1452 5618 ducatuum
1468 5550 1588 5619 domni
1605 5551 1721 5639 gisulfi
1738 5551 1864 5620 eximii
1887 5552 2062 5638 principis
2079 5559 2115 5620 et
2101 5551 2234 5619 tducis
2251 5549 2318 5617 filii
2335 5551 2431 5635 eius,

580 5707 751 5788 quamet
774 5702 888 5786 primo
912 5717 1006 5769 anno
1030 5699 1182 5768 ducatus
1204 5719 1325 5768 eorum
1350 5701 1469 5789 apulie
1492 5707 1528 5770 et
1544 5703 1715 5792 calabrie,
1732 5721 1852 5772 mense
1867 5709 2032 5792 agustus,
2055 5702 2245 5772 undecima
2268 5701 2434 5772 indictio-
