5456 7096
620 526 686 597 tit
1057 585 1059 590 ,
1244 507 1424 587 OODEX
1462 504 1729 582 GAVENSIS

553 750 727 820 securiter
750 753 786 815 et
809 745 961 814 tirmiter
987 740 1148 809 ammodo
1171 741 1209 807 et
1230 754 1368 824 semper
1391 739 1432 804 tu
1455 738 1491 804 et
1513 733 1586 801 tuis
1609 729 1773 798 eredibus
1796 724 1876 792 illut
1902 722 2105 810 abendam,
2140 718 2409 795 dominandum,

554 900 821 993 possidendum,
845 898 968 967 omnia
995 894 1077 962 inde
1102 891 1160 960 vel
1184 887 1332 958 exsinde
1355 879 1555 957 iaciendum
1578 881 1670 970 quod
1695 877 1893 966 volueritis,
1910 893 2044 963 apsque
2058 874 2154 943 omni
2179 871 2414 941 contrarieta-
2488 859 2491 866 “

555 1063 627 1128 tem
651 1073 768 1125 meam
792 1057 829 1122 et
851 1053 894 1120 de
917 1052 1007 1118 meis
1029 1047 1212 1133 eredibus,
1236 1047 1299 1113 aut
1322 1041 1452 1128 cuique
1475 1036 1666 1123 ominibus3
1684 1041 1720 1103 et
1742 1051 1806 1121 pro
1829 1029 2110 1100 confirmandam
2132 1031 2169 1096 et
2192 1024 2410 1095 stabilissen-

558 1213 641 1283 dam
665 1229 735 1279 ano
758 1226 838 1276 mea
862 1203 1134 1273 bicariationem
1157 1199 1356 1284 recepimus
1380 1215 1403 1264 a
1426 1197 1461 1262 te
1484 1191 1640 1279 predicto
1664 1185 1814 1256 leoalia
1836 1183 1938 1269 pecie
1960 1180 2003 1248 de
2026 1184 2126 1248 terra
2153 1194 2234 1244 cum
2265 1175 2417 1286 arbusto

557 1366 713 1432 bitatum
737 1365 774 1429 et
798 1359 882 1428 aliis
905 1356 1094 1427 arboribus
1116 1351 1309 1421 fructiferis
1329 1348 1369 1416 in
1385 1345 1554 1415 iamdicto
1578 1341 1692 1408 locum
1717 1337 1899 1421 missiauo,
1924 1331 1986 1402 ubi
2010 1330 2055 1400 ad
2080 1330 2155 1417 ipse
2170 1327 2340 1416 speionke
2362 1325 2415 1396 di.

557 1519 677 1602 citur,
713 1533 783 1600 que
806 1517 861 1581 est
883 1530 946 1598 per
969 1529 1010 1578 ec
1034 1501 1117 1576 finis
1140 1509 1176 1574 et
1199 1505 1389 1574 mensurie:
1415 1500 1461 1567 da
1484 1496 1646 1584 partibus
1669 1490 1863 1561 occidentis
1879 1489 1951 1555 fine
1966 1487 2072 1554 rebus
2095 1483 2212 1552 sancti
2235 1479 2413 1564 maxsimi,

558 1675 645 1740 sunt
669 1669 751 1737 inde
775 1667 869 1755 passi
896 1667 1042 1732 centum
1068 1659 1201 1747 biginti
1226 1654 1394 1744 quinque:
1421 1652 1467 1720 da
1490 1651 1651 1737 partibus
1674 1645 1822 1714 meridie
1845 1644 1917 1712 fine
1940 1643 2001 1710 bia
2024 1639 2190 1726 pulbica,
2225 1637 2311 1703 sunt
2333 1634 2417 1702 inde
2462 1643 2465 1652 “

558 1823 657 1911 passi
681 1822 836 1908 triginta
860 1816 1049 1904 quadtuor:
1075 1813 1121 1880 da
1143 1810 1307 1898 partibus
1330 1802 1479 1872 orientis
1495 1803 1566 1869 fine
1582 1804 1716 1885 tuaque
1732 1795 1898 1864 maranci
1923 1791 2125 1880 presbiteri,
2149 1787 2241 1874 quod
2263 1789 2309 1857 ab
2333 1789 2416 1855 ante

557 1993 600 2044 os
622 1992 719 2044 anno
743 1973 818 2058 ipse
842 1969 986 2058 genitor
1009 1982 1109 2033 meus
1131 1961 1197 2030 tibi
1224 1958 1474 2027 venumdatum
1498 1953 1623 2036 abuit,
1648 1952 1741 2018 sicut
1763 1953 1822 2014 tue
1845 1944 2100 2030 scriptionibus
2122 1944 2209 2007 sunt
2233 1938 2418 2006 continen-

560 2134 626 2205 tes,
650 2128 852 2216 quodjaput
876 2128 910 2190 te
934 2120 1081 2190 exsinde
1106 2117 1248 2184 firmate
1273 2113 1453 2196 retenuit,
1490 2114 1574 2177 sunt
1597 2109 1679 2176 inde
1703 2105 1797 2192 passi
1821 2110 1977 2172 centum:
2007 2102 2053 2170 da
2086 2101 2249 2188 partibus
2271 2103 2419 2184 septem·

565 2281 733 2350 trionalis
757 2279 828 2346 dne
851 2278 894 2344 de
917 2276 1039 2344 eredes
1062 2273 1161 2342 azoni
1186 2267 1246 2357 qui
1271 2267 1339 2336 fuit
1361 2264 1563 2351 castaldus,
1595 2265 1688 2330 siout
1710 2259 1846 2329 termiti
1871 2257 1944 2326 doti
1968 2261 2074 2343 sunt,
2101 2254 2182 2322 inde
2206 2257 2291 2320 sunt
2314 2253 2411 2338 passi

565 2431 696 2522 biginti
722 2450 798 2517 sex,
824 2433 937 2496 toturn
961 2411 1006 2494 ad
1033 2425 1126 2492 iusto
1152 2440 1291 2509 passum
1316 2419 1445 2485 ominis
1468 2419 1726 2484 mensuratum.
1752 2431 1792 2480 ec
1816 2415 1899 2479 bero
1922 2412 2028 2478 rebus
2050 2426 2114 2494 per
2141 2406 2308 2474 iamdicte
2336 2405 2420 2472 finis

563 2592 602 2654 et
639 2582 819 2652 mensurio
847 2587 958 2649 totum
981 2584 1017 2646 et
1040 2579 1202 2646 inclitum
1225 2573 1305 2640 illut
1327 2573 1374 2639 ab
1398 2577 1482 2638 ante
1504 2585 1542 2634 os
1566 2585 1677 2634 annos
1700 2564 1765 2632 tibi
1790 2562 1947 2650 predicto
1970 2561 2131 2629 maranci
2155 2559 2345 2648 presbiteri
2376 2562 2416 2626 at

566 2735 800 2806 laborandum
824 2737 860 2800 et
882 2729 1146 2817 pasteuandum
1171 2726 1208 2792 iu
1232 2723 1406 2811 partionis
1427 2721 1551 2788 ordine
1574 2719 1746 2787 traditum
1770 2717 1894 2802 abuit,
1921 2717 1958 2782 et
1980 2681 2021 2781 tu
2045 2711 2224 2799 predictus
2248 2711 2412 2778 marandi

566 2890 742 2976 presbiter
768 2887 849 2953 illut
873 2887 1098 2971 pastenatum
1122 2879 1224 2947 abuit
1247 2883 1284 2945 et
1307 2877 1506 2946 dibidutum
1531 2875 1612 2943 illut
1634 2873 1766 2942 abuisti
1789 2889 1870 2937 cum
1888 2869 2003 2956 ipsum
2019 2867 2300 2956 genitor'meus,
2325 2867 2419 2934 siout

569 3044 636 3130 ipsi
661 3043 780 3109 brebri
805 3041 848 3108 de
873 3041 950 3125 ipsa
974 3033 1260 3122 pastenationem
1284 3031 1386 3098 etde
1410 3031 1488 3116 ipsa
1512 3027 1720 3096 dibisionem
1744 3029 1828 3094 sunt
1850 3023 2084 3109 continentes,
2108 3021 2200 3109 quod
2223 3038 2286 3108 per
2314 3025 2419 3108 parte

566 3195 716 3266 exsinde
740 3194 950 3275 retinemus3
976 3207 1015 3256 ec
1040 3205 1123 3257 vero
1147 3186 1254 3254 rebus
1277 3203 1340 3272 per
1366 3183 1533 3252 iamdicte
1560 3183 1643 3264 finis
1666 3185 1702 3248 et
1724 3181 1905 3247 mensurio
1930 3179 1968 3245 in
1991 3176 2051 3245 illo
2068 3177 2204 3263 ordine,
2221 3175 2313 3243 siout
2328 3175 2423 3244 dixi·
2465 3183 2467 3187 “

565 3365 657 3434 mus,
685 3351 797 3415 totum
822 3349 857 3412 et
881 3343 1043 3410 inolitum
1069 3360 1154 3409 cum
1178 3341 1320 3426 proprie
1344 3337 1426 3404 finis
1449 3341 1588 3404 etcum
1612 3334 1690 3403 bice
1714 3336 1757 3403 de
1781 3335 1849 3401 biis
1871 3335 1948 3401 suis
1971 3331 2052 3400 illut
2074 3333 2139 3400 tibi
2164 3331 2321 3418 predicto
2346 3349 2420 3400 ma-

565 3501 666 3573 ranci
694 3498 885 3587 presbiteri
909 3495 1157 3564 bicariationis
1179 3493 1304 3561 ordine
1327 3490 1556 3575 tradidimus,
1580 3489 1626 3557 ad
1649 3490 1821 3557 securiter
1837 3492 1873 3554 et
1887 3486 2036 3554 tirmiter
2053 3485 2213 3554 ammodo
2232 3488 2270 3553 et
2286 3502 2422 3572 semper

568 3659 610 3725 et
631 3671 769 3740 semper
792 3669 857 3720 nos
880 3656 916 3718 et
937 3649 1068 3717 be'stris
1089 3647 1252 3715 eredibus
1275 3645 1357 3713 iilut
1380 3643 1569 3730 abendum,
1593 3639 1873 3727 dominandum,
1897 3638 2168 3725 possidendum,
2192 3637 2314 3705 omnia
2339 3637 2422 3706 inde

571 3805 627 3875 vei
652 3802 804 3874 exsinde
827 3798 1030 3869 iaciendum
1053 3798 1144 3885 quod
1169 3797 1375 3884 volueritis,
1408 3812 1541 3882 apsque
1563 3794 1659 3861 omni
1681 3795 1935 3861 contrarietate
1957 3797 2088 3879 tuaque
2112 3793 2205 3859 leoni
2228 3795 2265 3862 et
2287 3790 2330 3858 de
2352 3793 2424 3860 tuis

572 3956 742 4027 eredibus
765 3962 829 4025 aut
854 3957 982 4042 cuique
1006 3955 1209 4040 ominibus,
1245 3956 1281 4022 et
1305 3953 1399 4021 nihil
1423 3955 1489 4021 tibi
1514 3952 1671 4039 predicto
1696 3952 1787 4021 leoni
1812 3955 1960 4022 exsinde
1983 3953 2119 4023 restitit
2143 3955 2239 4022 infra
2263 3953 2428 4023 iamdicte

572 4110 656 4179 finis
679 4117 714 4178 et
739 4109 920 4177 mensuris
944 4109 1114 4196 restituit,
1139 4113 1202 4177 aut
1224 4108 1374 4176 dicimus
1397 4126 1581 4175 remanere
1605 4107 1806 4194 sortionem,
1835 4106 1878 4174 de
1913 4111 2085 4193 quantum
2119 4111 2323 4194 quantoque
2358 4104 2427 4174 tibi

573 4265 643 4349 est,
668 4279 768 4328 seum
794 4261 917 4344 suerit,
942 4259 1038 4327 infra
1062 4227 1229 4327 iamdicte
1253 4259 1336 4326 finis
1359 4262 1395 4326 et
1416 4257 1595 4326 mensurio
1618 4258 1846 4344 pertinentes
1870 4259 1963 4326 sicut
1985 4254 2184 4343 dixsimus,
2207 4257 2321 4322 totum
2345 4251 2430 4320 illut

572 4414 680 4481 michi
704 4413 957 4481 bicariationis
980 4413 1104 4480 ordine
1127 4410 1324 4499 tradidisti3
1352 4430 1435 4478 nam
1459 4411 1550 4479 aliut
1572 4412 1671 4479 infra
1695 4409 1861 4479 iamdicte
1886 4410 1966 4477 finis
1990 4414 2026 4477 et
2050 4408 2231 4477 mensurio
2256 4410 2347 4477 mihi
2375 4416 2430 4480 est

571 4567 802 4654 pertinentes,
827 4567 921 4634 sicut
945 4565 1125 4652 dissimus,
1150 4569 1187 4634 et
1209 4585 1232 4635 a
1257 4565 1350 4636 foras
1366 4565 1441 4652 ipse
1457 4563 1540 4633 finis
1556 4571 1591 4633 et
1607 4567 1800 4651 mensuris,
1815 4567 1876 4632 ubi
1899 4564 2088 4648 dixsimus,
2112 4569 2212 4632 exset
2234 4563 2306 4629 dne
2329 4583 2422 4632 mea-

574 4738 643 4805 que
667 4719 829 4788 maranci
853 4720 1059 4814 presbiteri,
1083 4716 1251 4785 similiter
1278 4719 1367 4784 mihi
1391 4723 1444 4786 est
1466 4719 1685 4806 pertinentes
1709 4739 1730 4788 a
1753 4737 1837 4805 pars
1861 4716 1973 4805 ipsius
1995 4716 2150 4803 genitori
2175 4721 2236 4785 tuo
2264 4736 2326 4804 per
2354 4736 2433 4787 car-

575 4873 690 4942 tulam
713 4873 1004 4961 comparationis,
1028 4872 1121 4960 quod
1145 4879 1233 4960 aput
1255 4891 1312 4941 me
1326 4872 1508 4943 firmatam
1527 4873 1694 4940 retenuit.
1720 4873 1764 4940 de
1786 4891 1858 4957 qua
1872 4889 1935 4958 per
1951 4873 2044 4940 bona
2059 4871 2321 4940 combenientia
2344 4891 2431 4958 gua-

575 5023 637 5092 dia
661 5027 727 5092 tivi
750 5027 909 5113 predicto
934 5025 1025 5093 leoni
1049 5024 1220 5111 dedimus,
1245 5031 1282 5092 et
1305 5024 1534 5092 mediatorem
1556 5023 1620 5091 tivi
1645 5019 1761 5108 posuit
1785 5024 1970 5109 meipsum;
1995 5027 2031 5089 et
2053 5040 2117 5107 per
2148 5020 2271 5090 eadem
2295 5020 2429 5106 guadia

577 5177 718 5267 opbligo
741 5199 798 5248 me
821 5184 857 5248 et
879 5179 968 5244 meis
991 5178 1156 5246 eredibus
1179 5177 1425 5248 antistandum
1448 5181 1485 5244 et
1506 5175 1761 5244 defensandum
1785 5175 1850 5242 tibi
1874 5175 1999 5261 tuique
2022 5175 2189 5245 eredibus
2221 5177 2297 5242 tota
2320 5179 2357 5241 et
2381 5175 2434 5240 in·

582 5333 670 5400 clita
694 5333 941 5419 suprascripta
963 5349 1043 5399 mea
1067 5329 1326 5398 bicarationem
1352 5328 1399 5396 da
1423 5345 1508 5415 pars
1525 5345 1635 5395 uxore
1652 5345 1731 5393 mea
1747 5329 1782 5395 et
1799 5325 1844 5393 da
1860 5342 1982 5392 omnes
1998 5327 2133 5393 omines
2163 5327 2330 5412 omnique
2357 5343 2438 5413 par-

578 5483 702 5571 tibus3
729 5484 760 5550 si
784 5487 920 5569 autem,
940 5483 1032 5552 siout
1058 5483 1191 5550 dictum
1214 5485 1282 5568 est,
1305 5499 1370 5562 nos
1392 5487 1429 5549 et
1452 5482 1587 5571 nostris
1603 5479 1769 5548 eredibus
1791 5499 1928 5567 semper
1950 5479 2070 5549 taliter
2094 5479 2176 5546 iilut
2199 5479 2254 5546 vel
2291 5477 2439 5547 exsinde

581 5637 648 5704 tivi
673 5637 801 5722 tuique
827 5635 992 5704 eredibus
1016 5651 1087 5700 non
1111 5633 1423 5720 detensaberimus,
1448 5632 1503 5699 vel
1527 5635 1557 5698 si
1581 5650 1644 5700 nos
1667 5634 1869 5718 nostrisque
1892 5633 2059 5700 eredibus
2082 5630 2439 5718 quommodooumque

582 5807 644 5874 per
667 5788 923 5874 qualecumque
946 5786 1119 5858 rationem
1145 5783 1227 5855 illut
1250 5787 1305 5857 vel
1329 5786 1474 5856 exsinde
1500 5785 1564 5853 tibi
1588 5784 1712 5870 tuique
1735 5783 1898 5876 eredibus
1922 5782 2057 5870 toliere,
2081 5787 2145 5852 aut
2160 5787 2326 5852 contrare
2349 5798 2438 5868 que·
