5456 7096
971 627 977 636 .
1034 534 1491 611 orruonnrrous
1575 635 1576 638 Ν

1161 1001 1381 1082 CMLX·

1123 1263 1180 1336 A.
1205 1264 1259 1336 D.
1291 1262 1421 1338 1040.

390 1519 421 1636 †
450 1547 656 1616 innomine
682 1547 813 1616 domini
839 1548 1007 1616 vicesimo
1034 1549 1196 1617 Secundo
1219 1569 1314 1619 anno
1339 1551 1478 1620 Salerni
1503 1551 1724 1637 principatus
1747 1551 1864 1618 domni
1889 1549 2003 1618 nostri
2036 1549 2201 1620 waimari

343 1699 390 1768 Et
414 1699 574 1768 Secundo
598 1716 692 1768 anno
719 1697 954 1785 principatus
978 1700 1055 1766 eius
1078 1719 1214 1786 capue,
1248 1702 1292 1769 Et
1318 1702 1471 1769 seeundo
1494 1719 1589 1771 anno
1612 1702 1766 1771 ducatus
1788 1703 1866 1770 eius
1889 1700 2033 1770 sirrenti
2056 1701 2201 1788 gloriosi

344 1849 550 1937 principis,
573 1866 696 1917 mense
725 1849 893 1936 megrim,
929 1851 1056 1920 octaba
1080 1811 1284 1919 indictione.
1311 1854 1598 1923 Memoratorium
1621 1856 1754 1924 sactum
1778 1874 1801 1923 a
1823 1873 1879 1921 me
1901 1854 2048 1922 domnus
2072 1852 2204 1923 alferus

343 2003 626 2088 archipresbiter
649 2007 684 2070 61
707 2002 876 2072 diaconus
898 2007 935 2072 et
956 2005 1065 2071 abbas
1087 2004 1261 2072 hecclesie
1284 2004 1401 2072 661611
1426 2003 1597 2090 maximi,
1622 2006 1671 2070 Eo
1694 2005 1786 2091 quod
1809 2008 1890 2073 6116
1912 2005 2099 2090 subscripti
2125 2003 2198 2070 ido-

347 2155 426 2224 neis
450 2157 654 2223 hominibus
676 2105 739 2242 per
763 2158 1058 2256 cumvenientiam
1082 2157 1213 2226 tradidi
1237 2157 1281 2227 ad
1298 2156 1492 2226 tenendum
1507 2161 1543 2224 61
1558 2156 1790 2224 lavorandum
1807 2156 1950 2224 orsandi
1968 2155 2064 2224 filius
2088 2174 2198 2244 quon·

352 2307 435 2377 dam
460 2307 651 2394 grimoaldi
673 2314 710 2378 et
733 2309 824 2396 petri
850 2315 1010 2396 nepotem
1037 2311 1146 2395 ipsius
1175 2309 1332 2396 orsandi,
1356 2309 1417 2394 qui
1444 2308 1512 2374 suit
1527 2307 1623 2374 tilius
1640 2302 1820 2394 quondam
1838 2307 1986 2376 iohanni
2004 2309 2205 2396 presbiteri,

349 2475 422 2526 una
445 2458 605 2528 clusuria
629 2459 672 2526 de
695 2463 795 2527 terra
819 2479 899 2527 oum
923 2462 1029 2528 binea
1052 2464 1088 2528 61
1111 2462 1297 2529 arbustum
1321 2477 1392 2527 uno
1415 2457 1621 2546 lenientem,
1649 2460 1739 2546 quod
1762 2479 1849 2546 pars
1873 2464 1983 2548 ipsius
1999 2437 2146 2531 66616616
2168 2483 2206 2534 a·

343 2612 405 2678 bet
434 2610 473 2676 in
498 2612 613 2678 locum
636 2611 765 2682 aroelle
789 2610 1010 2680 salernitane
1033 2614 1177 2699 11111116,
1202 2614 1261 2698 qui
1287 2561 1341 2681 661
1367 2632 1429 2700 per
1453 2633 1492 2682 66
1518 2615 1617 2682 fines.
1644 2617 1691 2682 De
1717 2632 1790 2682 una
1813 2618 1915 2700 parte
1938 2616 2009 2682 fine
2027 2615 2143 2684 media
2167 2636 2205 2686 a·

344 2784 418 2852 qua
442 2765 486 2834 de
509 2765 617 2832 tlubio
639 2765 792 2856 aroelle:
819 2767 894 2836 alia
917 2769 1001 2834 bero
1024 2773 1127 2854 parte
1152 2768 1223 2835 line
1247 2766 1413 2836 iamdiote
1436 2767 1619 2836 hecclesie:
1645 2768 1688 2836 de
1711 2768 1785 2837 alia
1810 2787 1892 2836 vero
1917 2773 2018 2854 parte
2040 2769 2110 2836 tine
2142 2768 2202 2838 bia

346 2917 517 3004 pulbioa:
542 2921 590 2987 De
612 2917 686 2987 alia
709 2923 811 3004 parte
834 2920 906 2986 1116
933 2918 1049 2987 media
1070 2937 1164 3004 aqua
1186 2918 1228 2986 de
1251 2918 1357 2986 flubio
1381 2920 1508 3005 sorino;
1525 2919 1590 2986 hec
1607 2937 1688 2988 vero
1707 2939 1763 2987 res
1779 2939 1841 3008 per
1857 2921 2024 2989 iamdiote
2048 2921 2199 2990 1111611-

349 3073 474 3140 olitum
499 3071 580 3140 illut
605 3073 758 3158 ipsorum
787 3073 865 3141 thio
888 3077 924 3140 61
947 3078 1089 3158 nepotes
1112 3072 1243 3141 tradidi
1268 3092 1348 3141 eum
1373 3074 1536 3143 omnibus
1559 3075 1655 3142 intro
1678 3094 1715 3142 se
1738 3077 1924 3144 abentibus
1948 3079 1984 3144 61
2011 3094 2092 3143 oum
2128 3076 2204 3146 vioe

353 3223 396 3292 de
420 3223 479 3292 via
502 3241 584 3311 sua,
609 3223 647 3291 in
672 3222 736 3293 tali
762 3223 898 3312 ordine,
914 3223 963 3291 ud
981 3224 1103 3292 amodo
1120 3229 1156 3292 61
1171 3242 1321 3310 semper,
1338 3228 1441 3293 natos
1456 3228 1699 3312 naxsoentem,
1718 3224 1859 3292 illorum
1874 3230 1910 3294 et
1925 3227 1968 3294 de
1985 3225 2127 3294 illorum
2144 3229 2203 3296 he·
2289 3228 2293 3236 ’

354 3375 503 3445 redibus
526 3380 620 3444 esset
643 3379 855 3467 potestatem
879 3375 961 3444 illut
983 3377 1177 3444 tenendum
1202 3381 1239 3444 61
1255 3376 1502 3463 laborandum,
1519 3375 1616 3444 fobee
1633 3380 1670 3443 et
1686 3393 1806 3445 omnes
1824 3377 1965 3447 illorum
1984 3378 2134 3448 utilitati
2154 3380 2206 3447 iu-

350 3532 420 3597 xta
443 3530 584 3598 ratione
610 3531 660 3598 ibi
685 3529 900 3617 iaciendum,
923 3533 960 3598 et
981 3528 1117 3598 taoiant
1139 3529 1190 3596 ibi
1213 3526 1378 3606 reditum,
1405 3530 1440 3595 61
1462 3525 1593 3596 ibidem
1617 3527 1772 3596 residere
1795 3531 1832 3596 61
1855 3528 1992 3598 avitare
2009 3529 2126 3615 ipsum
2142 3548 2201 3616 pe-
2232 3553 2237 3562 ·

343 3684 425 3750 trus
455 3686 492 3750 et
514 3682 593 3750 eius
616 3681 753 3769 eredes,
777 3685 813 3751 et
835 3680 959 3751 eredes
982 3680 1096 3767 ipsius
1119 3679 1278 3765 orsandi,
1303 3682 1340 3746 61
1363 3681 1475 3746 totum
1499 3678 1575 3764 ipso
1597 3678 1785 3746 arbustum
1808 3681 1844 3746 61
1859 3680 1935 3746 1616
1958 3679 2038 3774 ipsa
2053 3679 2127 3767 bia,
2144 3699 2212 3766 que

347 3838 400 3902 est
423 3811 461 3902 in
485 3833 564 3920 ipsa
587 3833 811 3922 tradiotione,
838 3853 998 3920 operare,
1023 3838 1058 3900 et
1086 3837 1279 3918 pasteuare
1293 3833 1450 3918 perlaeta
1466 3830 1571 3899 binea
1588 3834 1624 3898 61
1639 3830 1832 3917 perfeetum
1848 3832 2035 3900 arbustum
2057 3833 2208 3902 debono

349 3987 506 4073 bitineo,
531 3990 572 4054 ut
597 3986 723 4055 amodo
746 3990 782 4056 et
807 4004 917 4072 usque
940 3983 1122 4053 duodecim
1145 3984 1233 4052 anni
1257 3983 1421 4070 completi
1438 3983 1475 4050 in
1490 3985 1567 4050 tota
1588 3983 1833 4069 suprascripta
1856 3982 2069 4053 tradiotione
2092 3974 2208 4071 perse·

350 4145 415 4208 ota
438 4139 545 4209 vinea
570 4145 606 4209 61
629 4139 822 4228 perfeetum
847 4141 1033 4209 arbustum
1056 4139 1196 4204 surtum
1219 4139 1255 4204 61
1277 4138 1462 4222 operatum
1487 4133 1616 4202 ibidem
1638 4135 1793 4221 abeant,
1828 4123 1865 4204 61
1897 4135 1971 4205 iam
2005 4137 2137 4206 abinde
2172 4140 2212 4206 in

350 4298 475 4393 antea
491 4291 565 4360 illis
588 4302 623 4361 et
648 4293 723 4360 suis
746 4291 911 4360 eredibus
935 4289 1015 4358 illut
1038 4293 1159 4358 tenere
1182 4296 1218 4358 et
1242 4288 1404 4359 laborare
1427 4295 1463 4357 61
1485 4288 1635 4374 euitare,
1660 4288 1706 4356 ud
1736 4288 1834 4356 omui
1858 4292 2013 4377 tempore
2038 4294 2153 4360 totum
2176 4298 2212 4362 et
2321 4271 2325 4280 ¹

355 4444 521 4513 inolitum
549 4445 681 4511 bonum
704 4443 837 4531 paread
860 4443 1070 4530 laboratum,
1086 4445 1123 4510 61
1147 4443 1297 4547 salbum,
1315 4441 1514 4528 obclusum,
1538 4441 1724 4514 anamodo
1747 4445 1783 4511 et
1804 4461 1942 4529 semper
1966 4445 2087 4511 vinum
2114 4445 2210 4514 exie·

362 4598 411 4666 rit
436 4597 479 4666 de
503 4597 582 4684 ipsa
606 4595 712 4665 binea
736 4599 773 4664 et
796 4595 838 4663 de
862 4596 937 4681 ipso
960 4596 1160 4681 arbustum,
1183 4614 1246 4682 per
1269 4613 1403 4663 annum
1427 4612 1489 4680 per
1512 4594 1690 4663 vindemie
1714 4598 1868 4680 tempum
1884 4594 1957 4664 11116
1972 4594 2026 4664 vel
2042 4595 2117 4664 suis
2138 4614 2214 4667 ere-

361 4749 465 4818 dibus
489 4748 627 4818 faciant
650 4746 733 4816 inde
756 4746 849 4815 seire
872 4765 935 4816 nos
959 4746 1015 4815 vel
1037 4765 1123 4836 pars
1147 4745 1313 4815 iamdicta
1335 4745 1519 4832 hecclesie‚
1542 4745 1590 4814 ud
1612 4746 1811 4832 dirigamus
1834 4745 1965 4814 ibidem
1988 4745 2135 4815 missum
2152 4765 2214 4816 no·

361 4906 488 4991 strum,
506 4907 549 5000 61
572 4901 646 4969 11116
668 4900 728 4969 vel
750 4901 825 4970 suis
847 4897 1041 4969 heredibus
1063 4902 1138 4968 tota
1161 4899 1239 4986 ipsa
1261 4900 1364 4968 vinea
1387 4902 1423 4966 61
1439 4898 1513 4983 ipso
1530 4898 1715 4967 arbustum
1732 4895 1996 4966 rationaviliter
2014 4898 2209 4970 bindemia·

361 5073 415 5142 re,
439 5058 476 5124 61
498 5056 613 5124 omnis
638 5054 761 5122 binum
784 5073 889 5141 quem
913 5053 998 5122 inde
1019 5041 1163 5140 exierit,
1187 5072 1251 5139 per
1273 5051 1497 5122 medietatem
1514 5049 1563 5116 ibi
1581 5049 1626 5120 ad
1641 5049 1862 5136 palmentum
1877 5068 1960 5118 oum
1977 5049 2053 5138 ipso
2064 5053 2212 5122 missum

361 5211 523 5277 nostrum
547 5204 726 5292 dividant3
750 5211 787 5274 et
810 5204 841 5272 61
865 5193 1082 5274 boluerimus
1105 5222 1169 5272 nos
1193 5222 1255 5291 per
1279 5221 1363 5290 pars
1399 5201 1567 5272 iamdicto
1589 5201 1763 5270 1166616616
1787 5219 1917 5288 ponere
1941 5203 2016 5289 ipso
2039 5205 2163 5272 binum
2187 5208 2216 5270 i·

364 5359 493 5447 bidem,
517 5378 601 5446 pars
624 5359 791 5430 iamdiote
813 5360 961 5430 66616616
985 5360 1092 5430 deant
1118 5359 1259 5429 illorum
1280 5377 1436 5449 organeo
1458 5361 1505 5429 da
1529 5363 1653 5430 binum
1679 5363 1822 5451 bonum,
1848 5363 1908 5432 ubi
1932 5369 2084 5452 reponat
2100 5365 2216 5452 ipsam

360 5510 552 5578 sortionem
577 5507 620 5578 de
645 5511 720 5598 ipso
743 5512 881 5600 vinum,
905 5515 942 5581 61
965 5529 1029 5600 per
1053 5512 1126 5580 illis
1148 5514 1185 5580 61
1207 5529 1270 5599 per
1293 5510 1433 5580 illorum
1447 5512 1611 5582 eredibus
1623 5533 1684 5601 per
1700 5533 1837 5585 annum
1854 5517 1930 5604 ipso
1945 5535 2103 5605 organeo
2115 5521 2214 5588 siant

356 5661 491 5729 bonum
516 5641 719 5732 conor'atum
734 5667 770 5732 61
792 5662 1003 5742 modiolum,
1027 5666 1064 5732 et
1086 5663 1223 5733 1661611
1239 5663 1311 5733 11116
1334 5666 1409 5752 ipso
1431 5663 1555 5732 binum
1586 5664 1748 5756 salbum,
1781 5669 1891 5739 donee
1926 5689 2009 5757 pars
2044 5639 2213 5742 iamdicto

354 5814 503 5885 66616616
527 5814 609 5885 illut
638 5815 768 5886 exinde
792 5813 916 5885 tollere
938 5815 1076 5894 feeerit,
1103 5815 1236 5902 absque
1259 5814 1535 5904 degeneratione
1557 5821 1594 5886 61
1616 5818 1738 5907 ingne3
1763 5819 1838 5908 ipso
1861 5823 2009 5892 missum
2041 5829 2218 5912 nostrum,
