5408 7108
953 545 1398 648 ‚urruoumrrcu
1632 635 1636 642 ⁴
2060 541 2126 614 rus

308 773 511 858 civitatem,
535 791 577 842 eo
600 774 692 860 quod
716 779 800 845 aute
826 776 1014 863 subscripti
1040 783 1146 846 testes
1170 776 1213 846 ad
1239 775 1483 844 tenendumet
1499 773 1758 861 pasteuapdum
1785 773 1936 843 tradidit
1953 775 1999 844 ad
2020 776 2176 862 iaquln-

309 929 367 994 tus
390 925 432 994 de
457 925 578 994 locum
603 928 751 998 nuceria
774 926 869 996 filius
892 929 1070 1016 quondam
1094 931 1274 1016 iohannis,
1299 937 1335 998 et
1358 891 1472 998 disiio¹
1487 927 1560 997 lllio
1582 933 1672 1018 petri
1698 929 1885 1014 presbiteri
1912 930 1955 998 de
1978 913 2098 1000 codem
2119 932 2168 999 lo·

314 1097 368 1164 co,
387 1080 430 1148 de
447 1098 503 1148 res
518 1082 725 1168 pertinente,
738 1081 850 1168 ipsius
867 1083 1025 1170 ecclesie,
1041 1087 1119 1151 Una
1137 1083 1235 1169 pecie
1250 1084 1292 1150 de
1309 1090 1406 1162 terra
1430 1084 1543 1152 bacua
1566 1082 1603 1149 in
1627 1081 1749 1150 eodem
1768 1083 1842 1150 loco
1859 1081 2006 1151 nuceria
2024 1088 2172 1171 propin·

317 1247 387 1316 quo
410 1229 559 1298 ecclesie
583 1234 700 1300 sancti
726 1234 819 1319 petri
844 1253 907 1320 per
931 1253 970 1302 as
994 1233 1082 1301 fines
1106 1239 1141 1302 et
1166 1251 1361 1302 mensuras:
1387 1235 1418 1300 A
1441 1239 1544 1320 parte
1567 1233 1716 1301 orientis
1733 1235 1803 1302 fine
1824 1235 1883 1303 bia
1899 1221 2056 1322 puplica,¹
2074 1239 2170 1323 passi

315 1385 469 1472 triginta
493 1337 624 1488 septem
650 1389 769 1454 minus
792 1389 980 1474 gubitum:
1007 1394 1035 1456 A
1058 1387 1208 1458 meridie
1231 1385 1423 1471 similiter,
1449 1385 1517 1452 tine
1542 1384 1625 1470 bia,
1650 1389 1746 1470 passi
1773 1387 1925 1471 triginta
1950 1389 2107 1474 quinque
2132 1395 2168 1457 ct

313 1537 478 1622 gubitum
495 1555 628 1605 unum:
654 1545 683 1604 A
701 1557 790 1624 pars
814 1539 991 1608 occidente
1017 1538 1088 1608 fine
1113 1540 1224 1625 ipsius
1247 1536 1393 1604 ecclesie
1417 1537 1512 1622 passi
1537 1542 1614 1603 octo
1638 1545 1673 1604 et
1697 1538 1852 1604 medium
1875 1546 1912 1606 et
1936 1542 2118 1625 gubitum:
2138 1545 2168 1608 A

319 1689 570 1773 septemtrione
595 1691 665 1758 dne
690 1693 802 1778 ipsius
824 1692 969 1760 ecclesie
992 1692 1084 1778 quod
1108 1692 1259 1758 retinuit
1283 1691 1455 1758 iohannes
1479 1689 1697 1755 sirrentiuus
1720 1689 1766 1758 da
1802 1709 1885 1776 pars
1920 1693 2032 1778 ipsius
2057 1673 2167 1761 eoele-

318 1839 370 1910 sie
393 1823 489 1927 pa's'si
516 1842 708 1934 undecim,
732 1851 767 1914 et
790 1845 837 1913 da
861 1845 942 1914 inde
966 1811 1168 1912 revolbente
1193 1844 1230 1908 in
1254 1859 1337 1929 pars
1368 1841 1631 1927 septemtrionis
1662 1841 1754 1926 passi
1788 1849 1865 1908 octe
1888 1847 1923 1910 et
1949 1843 2103 1912 medium
2129 1855 2165 1912 et

315 1994 481 2080 gubitum
504 2015 567 2082 per
590 1997 708 2064 eodem
734 1999 867 2084 finem,
892 2002 928 2064 et
952 1997 1083 2066 abinde
1108 1997 1308 2064 rebolbente
1334 1997 1370 2060 in
1396 2006 1496 2081 parte
1519 1997 1669 2063 orientis
1695 1997 1788 2082 passi
1814 1963 1933 2063 decem
1959 1999 2079 2064 minus
2103 2015 2171 2083 gu·

235 2135 239 2144 “
314 2146 430 2213 bitum
455 2153 491 2216 et
514 2129 685 2236 pal'mum,
708 2149 812 2218 alda
836 2151 918 2218 inde
943 2149 1143 2228 revellente
1173 2153 1209 2216 in
1234 2168 1316 2234 pars
1341 2149 1605 2234 septemtrionis
1630 2149 1723 2233 passi
1749 2149 1867 2216 decem
1893 2153 1928 2216 et
1953 2152 2107 2237 nobem,
2134 2155 2171 2222 et

316 2300 362 2370 da
386 2301 468 2370 inde
495 2303 654 2370 rediente
678 2323 740 2390 per
763 2305 885 2373 eadem
910 2305 1013 2370 finem
1041 2322 1150 2390 usquc.
1175 2302 1343 2370 iamdicta
1369 2305 1427 2370 via
1445 2307 1537 2389 passi
1563 2302 1864 2388 quattuordecim,
1889 2307 2001 2370 totum
2027 2289 2170 2372 mensu*-

317 2457 434 2521 ratum
459 2455 504 2522 ad
528 2456 619 2522 iusto
646 2474 790 2541 passum
822 2455 974 2523 ominis:
1004 2475 1066 2542 per
1096 2457 1280 2524 iamdictas
1307 2457 1395 2522 flues
1427 2457 1468 2522 et'
1486 2457 1685 2522 mensurias
1712 2457 1877 2524 inclitum
1903 2457 1984 2524 illut
2009 2459 2167 2544 ipsorum

316 2605 473 2692 iaquinti
500 2611 541 2710 et
559 2593 663 2674 disiio
688 2608 916 2694 tradidimus
939 2607 1014 2711 Tali
1040 2611 1169 2692 tinore,
1195 2615 1234 2674 ut
1258 2607 1380 2674 amodo
1403 2613 1439 2674 et
1463 2626 1611 2693 semper,
1630 2614 1732 2675 natos
1757 2615 1957 2696 nascentes,
1975 2610 2020 2676 ad
2045 2609 2117 2676 illis
2134 2618 2170 2678 et
2218 2677 2224 2688 ,

316 2757 361 2825 ad
385 2759 526 2826 illorum
551 2760 740 2828 heredibus
763 2763 837 2828 sint
861 2741 1045 2847 potestatis
1072 2761 1153 2828 illut
1182 2759 1373 2827 tenendum
1399 2769 1435 2827 et
1458 2759 1739 2846 dominandum,
1766 2762 1863 2828 sebee
1887 2768 1923 2830 et
1946 2764 2061 2829 omnis
2083 2755 2167 2830 'illo-

319 2908 400 2978 ru‘m
427 2913 596 2981 utilitatis
621 2915 714 2982 iusta
738 2913 914 2983 rationem
939 2915 1067 2983 ibidem
1093 2914 1293 2984 laciendum
1320 2961 1328 2978 .
1358 2961 1366 2978 .
1396 2963 1403 2978 .
1434 2933 1456 2976 .·
1469 2961 1629 2980 .....
1631 3007 1640 3024 1
1659 2962 1848 2985 ......
1876 2916 2017 2984 cludere
2041 2923 2076 2984 et
2100 2917 2174 2985 sal·

288 3065 400 3130 'bum
424 3065 504 3133 illut
526 3069 655 3153 lacere,
680 3070 772 3136 sicut
796 3068 978 3152 meruerit,
1001 3075 1036 3134 et
1061 3067 1241 3134 licentiam
1266 3065 1337 3134 illis
1362 3068 1519 3134 habeant
1542 3067 1677 3152 omines
1700 3067 1744 3134 ad
1773 3068 2003 3135 laroraudum
2030 3069 2164 3137 ibidem

317 3215 472 3303 mittere,
497 3217 652 3304 qualiter
675 3237 797 3286 eorum
822 3219 1009 3306 placuerit.
1035 3225 1071 3286 et
1095 3225 1208 3286 totum
1232 3216 1312 3284 illut
1335 3221 1523 3302 pastenare
1547 3218 1825 3304 abellanietum,
1852 3219 1944 3288 sicut
1968 3191 2166 3308 meruerit,

315 3375 352 3436 et
379 3375 515 3454 quante
539 3370 677 3440 nucelle
702 3371 783 3438 inde
806 3374 966 3441 exierint
988 3371 1112 3440 amodo
1135 3377 1170 3436 et
1194 3386 1303 3454 usque
1327 3372 1405 3435 octo
1432 3353 1518 3436 anni
1543 3368 1735 3456 completi,
1760 3376 1832 3438 tote
1856 3377 1893 3438 et
1916 3373 1978 3439 ille
2002 3373 2077 3440 illis
2101 3376 2174 3444 sivi
2286 3459 2289 3465 Ι

323 3523 428 3591 abere
445 3527 484 3622 et·
500 3521 635 3592 nullam
654 3524 736 3598 inde
755 3526 792 3590 in
809 3544 892 3610 pars
909 3525 1021 3611 ipsius
1037 3522 1184 3592 ecclesie
1201 3521 1299 3607 dare,
1315 3531 1352 3590 et
1364 3523 1400 3588 in
1414 3523 1578 3608 completi
1594 3495 1777 3591 duedecim
1795 3525 1883 3592 anni
1899 3526 2033 3594 abeant
2054 3527 2125 3596 illis
2139 3533 2175 3597 et

215 3747 218 3752 ,
316 3677 461 3745 illorum
486 3677 608 3746 eredes
632 3681 707 3746 tota
731 3679 808 3765 ipsa
832 3677 1043 3746 tradictione
1066 3681 1259 3763 pastenata
1282 3679 1318 3742 et
1332 3681 1435 3742 surta
1461 3673 1503 3741 de
1525 3690 1615 3739 veno
1631 3671 1902 3760 abellanietum,
1922 3677 2015 3743 sicut
2031 3676 2074 3745 de
2092 3681 2172 3746 tan·

316 3839 371 3900 tos
396 3849 510 3900 anuos
535 3831 631 3900 locus
655 3835 729 3918 ipse
752 3831 946 3917 meruerit,
970 3829 1069 3898 etde
1094 3829 1175 3896 inde
1203 3829 1371 3898 inantea
1399 3828 1497 3895 omni
1527 3837 1681 3914 tempore
1709 3827 1831 3895 eadem
1858 3847 1913 3896 res
1939 3827 2011 3895 illis
2034 3833 2069 3897 et
2093 3831 2170 3900 suis

317 3985 484 4053 eredibus
507 3989 631 4052 tenere
654 3989 690 4052 et
713 3985 909 4070 dominare,
927 3989 962 4078 et
987 3983 1148 4050 lavorare
1173 3983 1338 4069 desuper
1363 3989 1398 4050 et
1422 3937 1464 4049 de
1480 3984 1615 4070 subter,
1639 3985 1732 4050 sicut
1757 3983 1855 4050 locus
1882 3983 1954 4070 ipse
1980 3988 2169 4073 meruerit,

313 4142 357 4206 ut
379 4137 567 4224 proficiant
587 4121 626 4204 'et
648 4154 719 4212 non
743 4136 947 4222 dispereant
978 4143 1013 4203 et
1043 4136 1173 4202 bonum
1204 4141 1329 4222 pareat
1352 4136 1577 4220 lavoratum,
1603 4141 1638 4202 et
1661 4135 1711 4202 da
1731 4137 1799 4220 ipsi
1824 4141 1902 4204 octo
1927 4139 2016 4205 anni
2044 4138 2081 4204 in
2105 4157 2172 4206 an·
2294 4162 2309 4192 ο

317 4299 374 4358 tea
400 4309 461 4376 per
485 4292 601 4355 omnis
624 4307 758 4356 aunum
784 4287 855 4354 illis
880 4243 920 4354 et·
938 4285 1013 4353 suis
1036 4286 1201 4354 eredibus
1231 4292 1302 4355 tote
1332 4286 1406 4372 ipse
1436 4287 1600 4356 abellane
1631 4286 1799 4374 colligere
1824 4295 1859 4356 et
1882 4308 2024 4357 seccare
2052 4290 2089 4354 ln
2114 4290 2173 4358 do·

317 4464 396 4512 mus
421 4445 576 4528 illorum,
602 4397 796 4510 etfaciant
820 4442 891 4508 illis
916 4460 977 4526 per
1002 4443 1116 4506 omnis
1140 4458 1273 4507 annum
1299 4439 1391 4508 scire
1416 4458 1497 4526 pars
1521 4441 1632 4526 ipsius
1655 4441 1829 4526 ecclesie,
1855 4449 1892 4509 ut
1918 4444 2003 4511 illuc
2030 4443 2171 4530 dirigat

316 4603 463 4666 missum
487 4616 603 4682 suum,
629 4601 665 4664 et
688 4595 760 4662 illis
784 4600 856 4663 tole
880 4597 953 4681 ipse
978 4578 1116 4662 nucelle
1140 4593 1297 4661 dividere
1314 4595 1352 4660 in
1370 4597 1442 4660 tres
1464 4592 1570 4660 sortis
1594 4594 1881 4664 rationabiliter:
1906 4615 1990 4682 pars
2009 4597 2173 4681 predicte

317 4753 466 4821 ecclesie
485 4749 586 4819 tollat
603 4747 684 4818 iude
704 4747 832 4815 ibidem
852 4749 995 4816 tertiam
1022 4750 1173 4833 partem,
1192 4755 1227 4813 et
1244 4744 1316 4812 illis
1340 4743 1407 4812 due
1432 4745 1551 4812 sortis,
1569 4745 1714 4812 Missum
1743 4750 1864 4813 autem
1881 4747 1992 4831 ipsius
2009 4747 2173 4834 ecclesie,

191 4885 194 4890 ¹
316 4905 399 4972 dum
425 4903 555 4971 ibidem
579 4902 721 4969 steterit
743 4917 807 4986 pro
827 4897 1083 4985 ipse‘abellane
1102 4893 1359 4984 recipiendum,
1377 4897 1450 4964 illis
1465 4915 1545 4964 eum
1563 4897 1702 4966 nutrire
1718 4897 1911 4968 secuudum
1929 4897 2071 4965 illorum
2097 4918 2174 4986 pos-

318 5059 548 5142 sivililatem,
573 5054 673 5122 etde
697 5053 875 5139 quodper
900 5069 1034 5120 annum
1059 5053 1095 5116 in
1121 5049 1198 5136 ipsa
1223 5033 1326 5118 rebus
1350 5054 1566 5120 seminatum
1592 5052 1710 5138 luerit,
1736 5051 1844 5120 deant
1871 5053 1951 5121 inde
1984 5053 2109 5122 amodo
2135 5061 2175 5124 et

318 5227 454 5296 semper
470 5210 563 5276 iusto
577 5205 785 5276 terraticum
816 5204 852 5270 iu
872 5223 954 5290 pars
972 5183 1083 5291 ipsius
1099 5204 1259 5290 ecclesie,
1277 5205 1371 5272 sicut
1385 5205 1601 5272 consuetudo
1617 5211 1671 5272 est
1688 5223 1750 5292 per
1770 5205 1844 5292 ipso
1863 5205 1990 5292 locum,
2010 5212 2046 5274 et
2062 5205 2173 5294 quale

318 5369 474 5451 tempore
497 5363 543 5433 da
566 5363 635 5448 ipsi
660 5358 843 5429 duodecim
867 5359 953 5428 anui
985 5357 1153 5428 inantea
1181 5359 1287 5426 rebus
1314 5360 1391 5444 ipsa
1418 5363 1541 5427 tenere
1570 5361 1606 5426 et
1633 5358 1798 5428 lavorare
1822 5357 2006 5427 noluerint
2032 5359 2070 5426 in
2096 5379 2175 5446 pre-

316 5517 412 5586 dicto
436 5517 573 5602 ordine,
599 5514 728 5583 inclita
755 5513 835 5599 ipsa
858 5514 964 5581 rebus
987 5515 1083 5580 iusta
1108 5513 1150 5580 de
1174 5530 1264 5580 rouo
1287 5510 1541 5580 abellanietum
1567 5511 1749 5579 remittere
1775 5511 1813 5578 in
1836 5531 1920 5598 pars
1941 5511 2099 5598 predicte
2118 5531 2174 5582 ec·
2197 5541 2215 5608 '.

317 5673 439 5759 clesie,
456 5675 492 5740 et
507 5671 616 5738 liceat
631 5667 703 5736 illis
720 5672 757 5735 et
773 5665 916 5734 illorum
931 5665 1053 5733 eredes
1069 5663 1150 5732 inde
1166 5663 1266 5732 exire
1283 5680 1363 5730 cum
1380 5662 1495 5729 omnis
1512 5635 1848 5764 illorum'mobilem.
1875 5663 2068 5760 Simulque,
2088 5669 2124 5733 et
2141 5669 2172 5736 si

312 5825 359 5894 de
384 5826 463 5911 ipsa
488 5827 584 5892 terra
610 5819 770 5890 exierint
795 5837 857 5904 pro
882 5815 993 5887 aliubi
1022 5815 1066 5886 ad
1096 5815 1328 5900 avitandum,
1355 5821 1418 5884 aut
1441 5817 1472 5883 si
1502 5816 1609 5884 talem
1640 5815 1788 5886 iecerint
1815 5817 1982 5906 culpam,
2009 5819 2101 5890 undo
2124 5820 2171 5891 ad
