5456 7096
1041 525 1448 602 DIPLOMATICUS
2054 527 2119 602 107

314 748 456 838 quando
479 752 520 820 tu
543 753 580 820 et
605 753 683 820 tuos
706 749 829 820 eredes
851 767 916 837 per
939 766 1002 818 ros
1024 749 1110 838 ipsis
1132 749 1215 820 inde
1240 752 1423 822 volueritis
1437 755 1530 822 essct
1545 750 1761 839 defensores,
1779 750 1992 839 potestatem
2020 755 2159 824 abeatis

316 926 396 978 cum
421 907 490 978 ista
515 909 653 979 cartula
676 909 713 976 et
734 925 816 976 cum
840 907 946 994 quale
970 905 1044 976 alia
1065 906 1245 974 monimen
1268 911 1304 976 et
1317 907 1468 994 ratione,
1485 925 1574 994 quas
1590 905 1673 978 inde
1689 908 1796 974 abere
1813 885 2013 995 potueritis,
2030 910 2070 975 in
2086 925 2159 976 om·

312 1058 421 1128 nibus
445 1059 529 1128 inde
552 1027 702 1130 causare
725 1063 761 1128 et
783 1059 889 1130 finem
912 1060 1041 1148 iacere,
1066 1059 1219 1146 qualiter
1243 1059 1440 1128 volueritis.
1464 1061 1557 1146 quod
1581 1059 1611 1127 si
1631 1058 1752 1128 taliter
1769 1063 1833 1130 oto.
1853 1061 2002 1130 socioso
2024 1063 2159 1130 nenictc

319 1213 436 1284 worn
458 1213 541 1281 ann
562 1213 757 1282 solidorum
781 1214 1021 1284 Constantini.
1048 1215 1093 1281 Et
1116 1210 1238 1281 taliter
1260 1211 1417 1280 scribere
1440 1210 1644 1300 rogavimus
1679 1215 1715 1280 te
1743 1214 1868 1298 petrus
1902 1210 2094 1298 presbiteri
2131 1215 2167 1282 et

320 1367 498 1454 notarius,
522 1370 642 1436 actum
666 1369 904 1455 aput-moute.
1924 1336 1926 1340 ⁵

265 1491 268 1499 ¹
358 1491 389 1607 †
413 1521 489 1608 Ego
514 1519 702 1590 mirandus

359 1645 390 1762 †
413 1676 491 1764 Ego
513 1677 697 1745 iohannes.

1019 1895 1444 1912 m

1098 2189 1371 2274 omxmv.
1433 2123 1435 2128 ⁵

1087 2486 1145 2563 A·
1172 2485 1228 2562 D.
1259 2482 1384 2560 1039.
1463 2603 1466 2610 .

354 2716 390 2857 †
415 2771 455 2837 In
478 2769 622 2840 nomine
644 2769 776 2838 domini
800 2771 968 2840 vicesimo
991 2769 1105 2857 primo
1128 2787 1223 2839 anno
1245 2771 1469 2857 principatus
1499 2770 1634 2840 salerni
1667 2769 1789 2838 domni
1823 2769 1937 2839 nostri
1974 2771 2158 2858 guaimari

308 2921 462 3011 glorioso
486 2924 662 3011 principe,
682 2927 718 2992 et
743 2923 858 3012 primo
873 2939 968 2992 anno
984 2923 1208 3011 principatus
1222 2923 1300 2992 eius
1315 2942 1440 3010 capue,
1458 2943 1501 2992 ac
1517 2925 1630 3010 primo
1646 2940 1742 2992 anuo
1758 2923 1911 2993 ducatus
1928 2923 2026 2993 illius
2050 2927 2161 2994 amal·

306 3077 346 3164 n,
370 3094 492 3145 mense
516 3076 640 3165 iulius,
663 3075 814 3164 septima
838 3076 1042 3147 indictione.
1068 3077 1290 3146 declaramus
1313 3095 1377 3154 nos
1399 3077 1530 3146 mulier
1547 3079 1690 3146 nomine
1705 3097 1809 3166 vona,
1826 3078 1953 3149 relicta
1977 3079 2155 3166 quondam

308 3231 458 3299 martini
482 3230 525 3300 de
550 3230 662 3298 locum
689 3237 888 3318 paternum,
913 3239 949 3300 et
972 3231 1049 3300 filia
1072 3231 1215 3300 cuidam
1238 3231 1383 3319 stefani,
1406 3238 1442 3300 et
1464 3251 1575 3301 cunso
1598 3234 1693 3303 filius
1718 3233 1916 3320 supradicti
1946 3231 2093 3302 martini
2117 3235 2155 3301 et

306 3384 463 3471 predicte
487 3404 587 3474 vene,
605 3389 667 3474 qui
684 3406 805 3455 sumus
821 3391 934 3456 mater
950 3363 1108 3474 stillim,
1126 3388 1297 3474 quoniam
1313 3407 1374 3474 per
1393 3388 1523 3456 nostris
1542 3343 1741 3456 rationibus
1765 3388 1868 3456 nobis
1892 3392 1947 3456 est
1970 3389 2156 3474 pertinen·

305 3541 359 3607 tes
382 3541 488 3608 abere
511 3542 617 3608 rebus
642 3539 681 3606 in
704 3539 913 3609 iamdictam
936 3541 1052 3608 locum
1074 3542 1264 3628 paternum
1287 3563 1309 3611 a
1332 3545 1433 3627 parte
1455 3541 1661 3627 supradicto
1687 3541 1764 3609 viro
1788 3546 1824 3610 ct
1848 3545 1990 3629 genitor
2016 3548 2150 3630 noster,

305 3694 343 3761 et
367 3710 562 3776 congruum
586 3699 640 3762 est
663 3693 765 3762 nobis
788 3693 940 3782 predicti
963 3700 1076 3762 mater
1099 3699 1135 3762 et
1156 3693 1230 3761 filio
1251 3692 1381 3762 exinde
1398 3693 1615 3762 venumdare
1633 3712 1704 3762 una
1722 3695 1824 3782 pecia
1839 3695 1882 3762 de
1899 3701 1997 3763 terra
2024 3715 2151 3773 vacua,

303 3843 397 3929 quod
421 3844 588 3913 abuimus
610 3862 749 3912 sursum
775 3845 815 3912 in
838 3847 956 3913 monte
979 3865 1002 3914 a
1024 3846 1266 3931 supradictum
1289 3845 1402 3914 locum
1426 3849 1629 3932 paternum,
1654 3848 1715 3914 ubi
1739 3847 1888 3917 ecclesia
1911 3846 2027 3917 sancti
2053 3849 2150 3935 apol·

304 3997 437 4066 linaris
470 3993 541 4068 sita
574 4002 640 4086 est,
676 4002 712 4067 et
744 4000 799 4067 est
821 3979 900 4086 ipsa
922 3997 1022 4086 pecia
1044 3998 1088 4067 de
1111 4002 1210 4066 terra
1233 4001 1348 4069 bacua
1370 3956 1433 4086 per
1455 4019 1494 4070 as
1518 3999 1606 4068 fines
1631 4005 1666 4068 et
1691 4005 1886 4071 mensuris:
1913 4001 1955 4069 de
1979 4005 2102 4072 subter
2131 4022 2154 4072 a

305 4155 409 4239 parte
432 4151 581 4221 orientis
604 4152 675 4221 fine
699 4155 883 4221 nostrast
908 4151 951 4220 de
975 4154 1155 4220 consortes
1176 4155 1326 4239 nostros,
1351 4154 1434 4223 inde
1456 4158 1540 4224 sunt
1563 4154 1714 4224 latitudo
1738 4139 1834 4242 pa'ssi
1860 4153 1990 4244 viginti
2017 4160 2104 4225 tres:
2130 4175 2154 4227 a

304 4309 407 4392 parte
428 4306 691 4394 septemtrionis
713 4305 882 4374 similiter
906 4305 978 4376 fine
1000 4309 1122 4376 nostra
1145 4311 1180 4376 et
1202 4307 1246 4376 de
1268 4313 1447 4377 consortes
1461 4307 1605 4395 uostris,
1623 4307 1706 4376 inde
1723 4312 1809 4376 sunt
1826 4309 1923 4396 passi
1939 4311 2151 4398 octuaginta

305 4475 430 4527 unum:
456 4458 498 4528 de
520 4476 627 4546 super
649 4478 673 4529 a
695 4462 797 4546 parte
821 4458 1015 4530 occidentis
1037 4461 1108 4528 due
1130 4459 1248 4530 media
1271 4479 1384 4546 serra,
1408 4459 1499 4529 iude·
1514 4465 1600 4530 sunt
1622 4460 1776 4530 latitudo
1792 4461 1888 4548 passi
1913 4461 2082 4550 triginta:
2105 4464 2152 4532 ab

301 4612 387 4681 inde
409 4612 643 4683 descendente
665 4633 688 4683 a
710 4617 812 4700 parte
835 4613 983 4682 meridie
1006 4613 1076 4682 flue
1099 4613 1264 4694 domnica
1287 4631 1398 4699 usque
1421 4613 1543 4700 priora
1566 4615 1666 4699 flue,
1692 4612 1775 4681 inde
1799 4617 1884 4682 sunt
1909 4614 2003 4702 passi
2029 4617 2152 4685 octua-

300 4766 405 4856 ginta
427 4770 517 4854 octc‚
540 4771 653 4837 totum
678 4770 922 4836 mensuratum
944 4765 990 4836 ad
1013 4766 1106 4835 iusto
1128 4785 1271 4854 passum
1293 4765 1461 4836 hominis.
1487 4767 1530 4836 de
1553 4769 1618 4836 hec
1642 4785 1724 4836 vero
1749 4767 1922 4838 iamdicta
1942 4771 2055 4838 rebus
2084 4788 2148 4856 per

299 4918 471 4988 iamdicto
493 4919 578 4988 fluis
602 4923 639 4988 et
660 4919 841 4989 mensurie
863 4936 927 4988 nos
949 4917 1098 5006 predicti
1121 4921 1234 4988 mater
1256 4922 1294 4986 et
1322 4917 1396 4986 filio
1420 4917 1596 4988 voluimus
1620 4918 1704 4987 inde
1737 4918 1956 4989 venumdare
1991 4920 2148 4990 tecsrede
2194 4960 2196 4968 ·

298 5069 350 5142 de·
364 5071 511 5141 heodem
535 5071 662 5153 locum,
689 5069 767 5141 fllia
789 5070 967 5158 quondam
990 5071 1095 5157 petri,
1117 5073 1286 5156 quartam
1308 5075 1410 5157 parte
1424 5069 1591 5139 sortionis
1606 5075 1726 5139 nostre
1743 5089 1845 5139 secus
1861 5076 1897 5140 et
1914 5071 2150 5142 coniunctum

306 5247 388 5297 cum
412 5229 566 5298 sortione
590 5245 656 5297 sua
678 5227 722 5296 de
743 5227 824 5314 ipsa
844 5229 963 5314 rebus,
986 5225 1078 5313 quod
1101 5228 1268 5312 paratum
1291 5225 1392 5294 abuit
1413 5226 1460 5296 da
1483 5243 1677 5313 sparauum
1700 5228 1897 5313 cognatum
1921 5228 1958 5294 et
1980 5225 2059 5293 thio
2088 5241 2150 5292 no·

305 5383 433 5465 strum,
457 5383 493 5448 ct
516 5396 583 5467 ego
605 5379 792 5449 nominata
810 5378 950 5466 mulier,
967 5397 1105 5448 mecum
1121 5381 1266 5449 abactas
1282 5383 1355 5449 tres
1370 5384 1536 5467 parentes
1552 5397 1659 5467 meos,
1675 5386 1711 5450 et
1729 5381 1956 5468 perreximus
1972 5399 2054 5448 cum
2072 5379 2145 5449 illis

298 5531 337 5598 in
361 5534 541 5620 presentia
562 5534 710 5602 iohanni
736 5531 859 5620 iudici,
885 5537 921 5602 et
945 5535 1060 5620 ipsum
1084 5533 1237 5602 iudIcem
1260 5533 1416 5622 rogavit,
1441 5535 1529 5621 quia
1554 5533 1630 5620 ipsa
1647 5538 1749 5620 parte
1767 5552 1846 5603 mea
1865 5533 1907 5602 de
1924 5535 2003 5619 ipsa
2018 5549 2148 5620 supra-

297 5682 394 5756 dicta
418 5688 526 5755 rebus
549 5685 627 5754 voto
649 5687 869 5756 venumdare
891 5685 1003 5773 ipsius
1025 5685 1192 5774 teofrede‚
1208 5689 1244 5755 et
1261 5686 1429 5755 iamdicta
1453 5686 1582 5754 mulier
1605 5687 1692 5754 fecit
1715 5686 1779 5773 sic,
1805 5690 1842 5754 et
1866 5683 2060 5755 mundoald
2078 5687 2145 5754 mei

296 5837 387 5904 mihi
410 5836 494 5909 inde
516 5839 802 5926 consentierunt,
826 5843 864 5914 et
883 5842 984 5926 patro
1007 5839 1201 5926 presbitero
1217 5843 1253 5907 et
1268 5841 1408 5907 notario
1423 5855 1505 5906 cum
1521 5835 1686 5907 notitiam
1701 5837 1746 5906 de
1764 5838 1852 5924 ipsis
1869 5836 1958 5906 meis
1974 5839 2146 5924 parentes
