5402 7088
1265 537 1441 614 OODEX
1475 536 1745 616 dovensis

1280 943 1708 1028 DCCCLXXIV.

1351 1208 1410 1284 Α.
1437 1209 1493 1283 D.
1523 1208 1654 1284 1034.

620 1446 657 1588 †
680 1500 721 1566 In
743 1499 888 1568 nomine
911 1497 1046 1567 domini
1070 1497 1297 1568 sestodecimo
1320 1515 1416 1568 anno
1440 1494 1807 1584 principatusdomni
1823 1487 1937 1563 no'stri
1963 1493 2131 1565 waimari
2150 1492 2297 1582 gloriosi
2322 1495 2423 1584 prin·

577 1631 684 1740 cipis,
708 1651 774 1720 iiiii
798 1651 978 1740 quondam
1001 1649 1124 1718 domni
1146 1649 1312 1720 waimari
1336 1649 1519 1737 principis,
1543 1667 1664 1720 mense
1686 1647 1814 1735 iulius,
1838 1648 1994 1718 secunda
2017 1647 2224 1720 indictione.
2248 1651 2290 1718 In
2320 1668 2425 1721 sacro

578 1799 798 1872 salernitano
821 1800 956 1888 palatio
979 1805 1063 1872 ante
1089 1819 1145 1869 me
1168 1802 1340 1870 iohannes
1358 1798 1467 1870 iudex
1483 1775 1649 1870 causabit
1665 1801 1815 1868 domnus
1831 1799 1977 1869 adelferi
1995 1799 2148 1870 clericus
2165 1806 2201 1873 et
2217 1781 2329 1873 abbas
2343 1806 2425 1873 hec-

578 1954 684 2022 clesie
707 1953 825 2022 sancti
851 1953 1019 2024 maxsimi
1039 2003 1049 2040 ,
1073 1923 1249 2022 unacum
1274 1952 1349 2040 ipse
1372 1953 1523 2022 domnus
1547 1955 1657 2022 abbas
1682 1957 1773 2023 esset
1794 1959 1937 2024 amatus
1964 1953 2072 2024 iudex
2094 1955 2285 2025 adbocator
2308 1957 2422 2044 ipsius

575 2105 737 2192 ecclesie,
761 2123 841 2172 oum
866 2105 971 2174 disiio
994 2105 1037 2174 de
1060 2107 1267 2193 propiciano
1289 2105 1363 2173 filio
1385 2106 1564 2192 quondam
1585 2107 1706 2192 corbi,
1730 2107 1918 2177 dicendum
1940 2108 2001 2196 ei,
2034 2113 2073 2178 ut
2096 2110 2171 2196 ipse
2197 2109 2304 2178 disiio
2327 2109 2423 2181 malo

578 2256 704 2330 ordine
727 2261 893 2330 introisse
917 2261 956 2357 in
979 2261 1085 2330 rebus
1109 2259 1309 2345 pertinente
1333 2258 1445 2345 ipsius
1468 2247 1616 2329 ecclesie
1640 2259 1679 2326 in
1702 2260 1818 2328 locum
1842 2261 1904 2346 qui
1925 2257 2059 2328 dicitur
2081 2259 2217 2348 agello,
2233 2265 2270 2330 et
2285 2261 2324 2332 in
2340 2278 2425 2334 san-

578 2417 673 2482 ctum
696 2413 858 2482 martino
880 2415 918 2480 et
939 2429 1002 2499 per
1026 2410 1108 2478 finis
1131 2414 1167 2478 et
1189 2409 1362 2479 uocabula
1384 2411 1429 2479 de
1453 2411 1540 2497 ipsis
1569 2410 1655 2480 iocis
1688 2417 1725 2481 et
1751 2459 2244 2481 ..............
2270 2412 2430 2504 fecisse,

446 2641 461 2672 ο
575 2567 618 2634 'et
640 2565 761 2633 arbori
785 2563 869 2632 inde
891 2561 1098 2649 abscidisse,
1123 2567 1159 2631 et
1183 2561 1340 2630 frudium
1365 2563 1447 2632 inde
1471 2547 1608 2652 tulisse,
1632 2569 1668 2633 et
1691 2566 1770 2652 ipsa
1793 2567 1901 2635 rebus
1923 2565 1969 2635 ad
1992 2583 2077 2653 pars
2094 2564 2261 2634 iamdicto
2275 2564 2425 2636 ecclesio

574 2719 782 2784 contrasse:
808 2714 883 2802 ipse
906 2714 1012 2784 disiio
1035 2715 1155 2800 dixit,
1179 2713 1218 2782 in
1240 2713 1410 2801 predictis
1436 2712 1521 2781 locis
1543 2717 1579 2781 et
1603 2731 1666 2800 per
1689 2714 1772 2782 imis
1793 2719 1834 2783 et
1858 2715 2029 2784 bocabula
2051 2717 2095 2785 de
2119 2717 2205 2804 ipsis
2235 2717 2320 2786 locis
2343 2717 2421 2804 plu·

577 2885 635 2936 res
658 2867 763 2935 rebus
786 2867 906 2953 abere,
930 2869 984 2935 set
1005 2865 1156 2940 nescire,
1182 2864 1225 2934 de
1247 2865 1355 2952 quale
1378 2863 1454 2952 ipse
1479 2865 1629 2933 domnus
1652 2868 1763 2942 abbas
1786 2885 1867 2934 curn
1890 2885 1972 2935 eum
1999 2871 2203 2936 causarent.
2234 2870 2310 2958 Idgo
2334 2869 2425 2938 iarn·

576 3021 693 3090 dictus
716 3019 826 3091 iudex
849 3018 943 3089 inter
966 3015 1019 3088 eis
1043 3017 1201 3087 iudicabi
1225 3023 1260 3087 et
1284 3020 1358 3105 ipse
1380 3017 1528 3086 domnus
1551 3020 1663 3087 abbas
1686 3036 1863 3088 unacum
1886 3018 1961 3104 ipso
1978 3018 2222 3088 adbocatorem
2238 3037 2322 3087 cum
2346 3021 2424 3108 ipso
2457 3069 2464 3082 .

578 3172 686 3242 disiio
712 3172 887 3262 guadiare
910 3173 989 3259 ieci,
1008 3171 1054 3240 ud
1071 3188 1156 3258 pars
1178 3169 1290 3257 ipsius
1314 3167 1462 3238 ecclesie
1486 3167 1624 3256 pariter
1647 3188 1727 3236 oum
1751 3168 1827 3256 ipso
1849 3169 1955 3238 disiio
1982 3186 2089 3256 snper
2113 3169 2191 3256 ipsa
2215 3171 2322 3238 rebus
2344 3187 2424 3258 per·

581 3344 668 3414 gere
691 3344 773 3417 cum
796 3324 949 3394 iudicem
970 3328 1008 3394 et
1029 3323 1223 3409 notarium,
1247 3326 1293 3406 et,
1306 3339 1390 3409 pars
1414 3321 1525 3408 ipsius
1546 3321 1694 3390 ecclesie
1717 3326 1934 3392 monstraret
1949 3323 2063 3410 ipsius
2077 3323 2184 3412 disigi
2203 3322 2282 3412 ipsa
2300 3326 2420 3414 rebus,

516 3531 522 3542 .
582 3477 676 3546 unde
700 3477 864 3566 superius
887 3479 963 3566 ipse
985 3477 1137 3546 domnus
1160 3476 1270 3546 abbas
1294 3493 1376 3543 cum
1399 3491 1439 3542 eo
1462 3473 1635 3560 causabi,
1659 3479 1695 3543 'et
1717 3491 1802 3560 pars
1824 3473 1982 3561 predicte
2004 3473 2151 3544 ecclesie
2182 3474 2362 3563 plicarent
2384 3494 2422 3546 se

540 3603 547 3616 ⁹
584 3649 664 3700 cum
691 3632 850 3700 rationes
871 3631 1112 3717 pertinentem
1136 3628 1302 3698 iamdicto
1325 3625 1472 3696 ecclesie
1493 3632 1531 3696 et
1556 3675 1820 3696 ........
1844 3628 2020 3715 plicarent
2040 3646 2079 3698 se
2100 3647 2183 3697 cnm
2211 3629 2287 3698 suis
2316 3631 2426 3700 ratio-

580 3785 690 3852 nibus
711 3789 748 3852 et
770 3783 963 3853 secundum
987 3783 1101 3870 legem
1125 3782 1220 3850 inter
1243 3801 1280 3850 se
1305 3781 1387 3854 inde
1410 3783 1516 3851 finem
1539 3781 1710 3849 facerent.
1735 3781 1833 3850 Unde
1858 3795 1861 3800 ·
1861 3827 2272 3851 ............
2291 3831 2309 3850 ..
2345 3803 2420 3855 una

582 3954 664 4005 oum
686 3936 885 4028 predictum
908 3935 1152 4006 adbocatorem
1177 3934 1279 4022 posui
1302 3934 1534 4004 mediatorem
1557 3934 1778 4022 grimoaldus
1799 3951 1915 4003 comes
1937 3933 2032 4002 iilius
2046 3934 2226 4022 quondam
2242 3935 2370 4006 amiczi
2387 3940 2424 4007 et

579 4091 657 4178 ipse
684 4135 991 4160 .........
1015 4089 1117 4178 posui
1139 4088 1371 4159 mediatorem
1395 4104 1515 4157 amore
1537 4087 1611 4156 filio
1633 4087 1811 4174 quondam
1834 4087 2007 4176 balsami,
2029 4090 2066 4156 et
2088 4086 2212 4157 taliter
2235 4105 2298 4176 pro
2321 4091 2424 4188 parte

582 4241 741 4332 predicte
763 4241 910 4311 ecclesie
932 4243 1088 4311 scribere
1112 4240 1258 4311 fecimus
1282 4245 1318 4311 te
1341 4239 1503 4311 alderissi
1521 4239 1714 4308 notarium.

622 4366 654 4486 †
678 4395 754 4485 Ego
776 4395 839 4484 qui
861 4413 972 4484 supra
995 4393 1169 4464 iohannes
1192 4392 1313 4464 iudex.

1298 4645 1702 4657 Μ

1318 4941 1690 5033 DCCLXXV·.

1347 5213 1405 5288 A.
1432 5211 1487 5287 D.
1516 5211 1645 5288 1034.

618 5447 655 5592 †
680 5503 719 5569 in
743 5505 890 5594 nomine
906 5501 1039 5572 domini
1057 5501 1293 5572 sextodecimo
1311 5518 1406 5606 anno
1421 5499 1644 5588 principatus
1656 5499 1775 5569 domni
1793 5501 1908 5570 nostri
1925 5503 2105 5589 guaimari
2124 5503 2300 5591 gloriosus
2317 5505 2420 5592 prin·

572 5671 656 5741 ceps
679 5655 775 5724 iilius
797 5655 978 5743 quondam
1001 5655 1118 5724 domni
1142 5654 1321 5742 guaimari
1345 5652 1532 5740 principis,
1549 5667 1669 5719 mense
1686 5657 1830 5739 agusto,
1848 5653 2004 5722 secunda
2021 5653 2226 5724 indictione.
2254 5658 2292 5726 ln
2308 5659 2422 5730 saler-

571 5809 698 5878 nitano
720 5825 821 5877 sacro
846 5807 981 5896 palatio
1003 5812 1088 5878 ante
1112 5824 1168 5874 me
1192 5804 1341 5876 iohanni
1365 5803 1519 5872 iudicem
1535 5807 1571 5872 et
1587 5801 1676 5872 alios
1699 5801 1840 5872 idoneos
1856 5806 2017 5874 homiues
2032 5808 2224 5877 coniuntus
2246 5809 2303 5874 est
2318 5805 2416 5874 dom·
