5408 7108
603 461 674 535 ces
940 466 968 524 κ
1004 537 1011 552 ,
1083 551 1086 558 ,
1232 449 1407 545 eou'nx
1445 469 1721 548 clususrs

552 694 614 760 ubi
639 692 683 763 ad
708 698 847 782 partem
871 695 983 782 ipsius
1007 699 1154 768 ecclesie
1177 699 1276 787 dare,
1293 703 1329 767 et
1347 701 1535 770 medietate
1557 701 1625 768 sibi
1650 703 1770 770 abere.
1796 703 1841 769 Et
1857 721 1919 788 per
1946 693 2199 770 omne'annum
2226 722 2287 788 per
2317 709 2411 772 tem-

410 917 418 932 ,
486 897 490 906 .
552 865 638 934 pore
661 850 703 916 de
728 811 905 919 uindemio
927 852 1003 938 ipse
1027 857 1247 940 roregrimus
1271 858 1306 923 ot
1328 872 1409 922 suos
1433 855 1558 924 eredes
1582 857 1718 924 saciant
1740 858 1832 924 scire
1849 875 1903 946 me
1921 857 1973 923 vel
1998 863 2137 943 partem
2162 857 2393 942 predictsec-

551 1001 672 1087 clesie,
689 1006 728 1070 ut
745 1005 793 1070 ibi
819 1022 1011 1098 pergamus
1034 1006 1090 1074 vet
1114 1006 1316 1094 dirigamus
1339 1007 1486 1075 missum
1510 1007 1556 1076 da
1579 1015 1680 1094 parte
1703 1009 1745 1077 de
1770 1009 1926 1095 predicte
1949 1008 2173 1094 ecclesie,·et
2202 1009 2277 1096 ipso
2302 1026 2400 1077 rore·

554 1151 700 1238 grimus
721 1159 756 1222 et
779 1172 861 1223 suos
884 1157 1005 1224 eredes
1029 1159 1185 1226 arbustis
1210 1159 1383 1268 ipsis-suo
1408 1165 1566 1266 tempore
1589 1161 1810 1230 vindemiare
1845 1166 1881 1230 et
1910 1179 2026 1249 poma,
2051 1163 2192 1248 quando
2216 1163 2405 1250 meruerit,

551 1297 720 1393 colligere
740 1310 776 1374 et
799 1308 914 1374 omnis
939 1309 1061 1376 binum
1086 1307 1217 1378 exinde
1242 1311 1363 1398 ibique
1386 1313 1432 1382 ad
1455 1313 1680 1399 pulmentum
1706 1319 1742 1382 et
1767 1316 1845 1402 ipsa
1861 1333 1979 1402 poma,
1996 1293 2137 1404 quando
2154 1315 2402 1392 merueritno·

551 1457 688 1537 bis'cum
715 1435 872 1529 vel'cnm
897 1464 973 1548 ipso
997 1461 1326 1532 missum'dibidere
1350 1483 1414 1551 per
1438 1466 1666 1533 medietatem
1690 1484 1755 1554 ego
1772 1431 1832 1533 ubi
1850 1467 1924 1552 ipso
1948 1455 2095 1533 missum
2119 1464 2286 1542 tollamus
2310 1465 2393 1533 indo

553 1613 781 1692 medietatem
806 1621 842 1684 et
867 1615 927 1683 ille
949 1621 985 1685 et
1008 1633 1089 1684 suos
1112 1617 1234 1687 eredes
1256 1618 1457 1704 medietate,
1483 1619 1558 1706 ipsa
1577 1591 1704 1687 ¹nostra
1727 1620 1881 1687 sortione
1904 1617 1947 1685 de
1971 1618 2046 1703 ipso
2075 1611 2202 1685 binum
2220 1622 2402 1704 reponant.
2515 1599 2521 1610 ’

549 1767 588 1833 in
612 1769 717 1836 bucte
740 1771 877 1854 nostra,
902 1787 1005 1855 quem
1029 1771 1063 1837 ei
1087 1771 1281 1858 assignare,
1296 1771 1522 1862 debuerimus
1546 1773 1676 1841 ibidem
1701 1789 1763 1859 per
1790 1771 1892 1840 illum
1915 1779 1952 1841 et
1987 1792 2050 1860 per
2084 1777 2163 1842 eius
2184 1773 2306 1842 eredes
2330 1791 2394 1861 per

466 1885 470 1892 ’
515 1915 522 1946 ²
547 1936 687 2016 annum
711 1919 811 1988 siant
836 1923 928 1988 bona
951 1920 1115 1990 cunctata
1138 1901 1174 2025 et
1196 1923 1356 1992 studiata
1381 1927 1416 1992 et
1439 1923 1595 2008 reposita
1618 1903 1717 1990 i'ntns
1740 1925 1818 2009 ipsa
1840 1942 1936 2010 oasa,
1954 1929 1989 1992 et
2006 1925 2082 2010 ipsa
2099 1931 2222 1993 nostra
2238 1885 2401 1994 sortione

546 2071 590 2140 de
617 2074 692 2158 ipso
716 2075 840 2141 binum
864 2074 913 2142 ibi
938 2075 1083 2143 mictere
1106 2030 1143 2160 et
1164 2075 1300 2144 salbum
1323 2073 1407 2174 illut
1430 2075 1532 2142 nobis
1556 2071 1712 2160 faciant,
1736 2077 1819 2143 dum
1839 2074 2019 2142 illutinde
2045 2075 2169 2144 tollere
2192 2039 2394 2162 fecerimus,

546 2228 681 2313 absque
705 2229 980 2316 degeneratione
1004 2239 1039 2298 et
1062 2230 1185 2317 ingne.
1204 2233 1251 2328 Et
1264 2230 1307 2298 de
1325 2246 1393 2315 que
1410 2230 1534 2297 amodo
1550 2233 1585 2295 et
1602 2246 1739 2314 semper
1756 2229 1795 2295 in
1811 2229 1888 2314 ipsa
1905 2230 2010 2294 rebus
2027 2203 2273 2317 seminaberit,
2287 2229 2405 2299 deant

547 2380 632 2449 inde
655 2381 866 2450 terraticum
889 2382 935 2450 ad
951 2385 1060 2470 ¹parte
1084 2341 1241 2469 predicte
1264 2382 1412 2450 ecclesie
1435 2381 1627 2448 secundum
1645 2381 1862 2448 consuetudo
1881 2381 1923 2448 de
1946 2381 2020 2468 ipso
2037 2381 2165 2450 locum.
2189 2383 2234 2448 Et
2250 2400 2314 2469 per
2329 2400 2396 2452 an·

437 2557 442 2566 ·
545 2553 634 2602 num
657 2534 768 2603 deant
791 2533 883 2602 mihi
906 2533 961 2603 uel
977 2535 1021 2602 ad
1039 2529 1276 2642 parteipsius
1297 2505 1444 2602 ecclesie
1461 2503 1735 2620 palmentateca,
1751 2535 1845 2603 sicut
1862 2539 1915 2604 est
1931 2535 2148 2606 consuetudo
2165 2535 2310 2604 missum
2339 2535 2401 2604 vel

541 2689 585 2755 de
609 2693 747 2774 partem
770 2686 926 2772 predicte
948 2685 1108 2772 ecclesie,
1133 2689 1214 2755 dum
1239 2707 1302 2774 pro
1325 2689 1403 2774 ipsa
1426 2687 1568 2754 frudia·
1569 2734 1799 2756 .......
1825 2651 1972 2773 italique
1990 2707 2085 2774 pars
2112 2689 2219 2758 tuitus
2240 2689 2401 2759 obortae
2487 2677 2490 2680 ’

542 2854 596 2918 ita
619 2815 788 2936 temporis
809 2854 983 2920 vetustate
1004 2868 1128 2920 coroso
1151 2841 1190 2917 ut
1214 2853 1360 2934 ucqucot
1382 2849 1522 2915 omniuo
1539 2848 1685 2934 pertcpi.

587 2977 619 3092 †
643 3007 718 3104 Ego
741 3003 903 3074 alderissi
928 3006 1093 3073 notarius
1116 3021 1171 3072 me
1195 3004 1403 3088 subscripsi.

1260 3265 1264 3274 ι

1267 3289 1691 3303 w

1340 3617 1601 3701 MXXIV·

1316 3915 1372 3990 A.
1397 3914 1452 3987 D.
1482 3909 1611 3992 1043.

581 4153 619 4295 †
643 4207 683 4272 ln
706 4204 849 4274 nomine
872 4205 1005 4273 domini
1027 4203 1155 4272 domno
1177 4201 1404 4292 constantino
1426 4199 1551 4304 dibina
1574 4185 1696 4287 gratia
1712 4197 1905 4284 imperator
1922 4204 2050 4284 agusto
2066 4195 2130 4264 deo
2146 4179 2315 4283 propitio,
2334 4185 2407 4261 sta-3

535 4363 654 4433 cundo
675 4361 771 4432 anno
794 4345 936 4450 imperii
959 4363 1049 4448 eiuS,
1074 4378 1192 4430 mense
1214 4363 1349 4445 agusto,
1375 4356 1562 4425 undecima
1585 4355 1791 4423 indictione.
1810 4313 1959 4438 Ideoque
1973 4367 2039 4439 ego
2057 4350 2113 4418 vir
2136 4349 2279 4418 nomine
2302 4349 2391 4418 dau·
2457 4307 2491 4390 ἶ.

527 4516 621 4585 'terii
643 4515 741 4584 tilius
764 4515 941 4602 quondam
965 4514 1112 4602 falconi,
1136 4513 1199 4600 qui
1223 4517 1308 4580 sunt
1330 4461 1588 4580 commorantes
1610 4511 1707 4579 intus
1729 4509 1878 4578 cibitate
1910 4467 2060 4593 luceria,
2085 4502 2288 4573 declaratus
2311 4521 2396 4571 sum
2433 4561 2438 4570 .
2478 4489 2483 4502 '

534 4687 617 4737 cum
641 4671 742 4737 intus
764 4667 912 4738 cibitate
935 4665 1069 4744 lucer-ie
1093 4685 1213 4737 coram
1236 4667 1416 4755 presentia
1438 4665 1595 4733 iohanne
1627 4661 1818 4750 magnifico
1841 4646 1971 4728 iudice¹
1987 4665 2024 4728 et
2051 4656 2163 4776 baliis
2195 4655 2389 4725 nobiliores

427 4849 429 4854 ·
526 4823 751 4908 bominibus,
775 4803 836 4908 qui
853 4819 911 4889 hic
927 4823 1049 4906 supter
1070 4820 1262 4905 conscripti
1285 4822 1381 4906 sunt,
1399 4819 1484 4906 quia
1500 4819 1702 4904 pertinente
1717 4817 1819 4884 nobis
1836 4816 2007 4885 habemus
2023 4832 2096 4882 una
2112 4809 2209 4900 petia
2225 4809 2269 4880 de
2287 4781 2387 4878 terra

536 4975 651 5043 bacua
674 4973 872 5061 propinquo
895 4973 1045 5043 ecclesia
1067 4973 1181 5041 sancti
1206 4941 1320 5040 iacobi
1346 4977 1382 5039 et
1405 4973 1607 5038 statuerunt
1629 4986 1673 5036 ea
1696 4986 1764 5054 que
1786 4919 1913 5036 isdicta
1938 4971 2035 5035 terra
2070 4981 2135 5052 pro
2168 4963 2302 5032 nostris
2324 4981 2386 5032 ne·
2490 4959 2504 4988 ⁸

490 5121 497 5132 '
534 5127 775 5213 cessitatibus,
794 5131 833 5194 ut
849 5127 1027 5195 cambiare
1051 5143 1248 5214 congruum
1270 5133 1323 5194 est
1339 5131 1375 5192 et
1392 5131 1550 5194 nostram
1565 5125 1830 5212 congruitatem
1853 5123 1904 5190 uel
1923 5121 2170 5191 necessitatem
2186 5117 2319 5188 exinde
2336 5117 2399 5186 sa·-
2474 5111 2481 5126 '

490 5307 494 5316 ·
534 5286 644 5366 ceret3
670 5286 945 5369 quapropter·et
966 5299 1032 5380 ego
1055 5259 1936 5364 muliernominodiseiauxorvidelicetquesum
1953 5275 2269 5362 supranominatus
2299 5272 2418 5350 dau·,
2498 5291 2507 5310 ·

533 5431 602 5500 leri
625 5439 661 5503 ct
684 5433 760 5502 fllia
785 5433 1014 5521 teudelgardo
1036 5410 1222 5521 presbiter,
1246 5421 1389 5504 declaro
1416 5433 1526 5521 enim,
1550 5433 1636 5518 quia
1652 5434 1689 5502 in
1706 5430 1762 5500 die
1779 5429 2014 5520 copulationis
2038 5431 2159 5498 nostre
2184 5473 2345 5496 .....
2373 5471 2390 5492 s

534 5583 572 5651 in
598 5586 766 5676 coniugio
789 5585 972 5672 copulabit
994 5587 1038 5656 de
1060 5587 1226 5654 omnibus
1249 5589 1358 5655 rebus
1381 5590 1417 5655 et
1439 5585 1677 5655 facultatibus·
1691 5547 1958 5670 suis'quartam
1982 5591 2120 5670 partem
2144 5579 2395 5655 emanuesto

533 5707 680 5826 babere,
705 5739 799 5806 sicut
825 5740 862 5806 iu
886 5739 945 5808 lex
968 5739 1266 5826 longobardorum
1291 5738 1463 5807 continet.
1489 5739 1548 5807 Set
1570 5737 1758 5806 audientes
1781 5753 1845 5804 nos
1867 5752 1911 5803 ea
1932 5753 2001 5821 que
2018 5733 2057 5802 in
2075 5733 2189 5802 series
2204 5731 2293 5824 legis
2309 5730 2401 5800 lan-
