<?xml version="1.0" encoding="UTF-8"?>
<!DOCTYPE html PUBLIC "-//W3C//DTD XHTML 1.0 Transitional//EN"
    "http://www.w3.org/TR/xhtml1/DTD/xhtml1-transitional.dtd">
<html xmlns="http://www.w3.org/1999/xhtml" xml:lang="en" lang="en">
 <head>
  <title>
</title>
<meta http-equiv="Content-Type" content="text/html;charset=utf-8" />
  <meta name='ocr-system' content='tesseract 3.04.00' />
  <meta name='ocr-capabilities' content='ocr_page ocr_carea ocr_par ocr_line ocrx_word'/>
</head>
<body>
  <div class='ocr_page' id='page_1' title='image "./codexdiplomatic04aragoog_0214.png"; bbox 0 0 5408 7108; ppageno 0'>
   <div class='ocr_carea' id='block_1_1' title="bbox 319 425 1726 622">
    <p class='ocr_par' dir='ltr' id='par_1_1' title="bbox 319 425 1726 622">
     <span class='ocr_line' id='line_1_1' title="bbox 319 425 1726 622; baseline -0.003 -52"><span class='ocrx_word' id='word_1_1' title='bbox 319 550 330 570; x_wconf 91' lang='lat'>.</span> <span class='ocrx_word' id='word_1_2' title='bbox 464 425 507 620; x_wconf 26' lang='lat'>‘⁰</span> <span class='ocrx_word' id='word_1_3' title='bbox 605 493 674 564; x_wconf 83' lang='lat' dir='ltr'>rrr</span> <span class='ocrx_word' id='word_1_4' title='bbox 840 595 844 604; x_wconf 23' lang='grc' dir='ltr'>ι</span> <span class='ocrx_word' id='word_1_5' title='bbox 984 597 989 608; x_wconf 26' lang='grc' dir='ltr'>Ι</span> <span class='ocrx_word' id='word_1_6' title='bbox 1097 597 1110 622; x_wconf 87' lang='lat'>.</span> <span class='ocrx_word' id='word_1_7' title='bbox 1250 494 1726 571; x_wconf 78' lang='lat' dir='ltr'>uonsxurvsrsrs</span> 
     </span>
    </p>
   </div>
   <div class='ocr_carea' id='block_1_2' title="bbox 535 716 2491 4035">
    <p class='ocr_par' dir='ltr' id='par_1_2' title="bbox 535 716 2491 4035">
     <span class='ocr_line' id='line_1_2' title="bbox 561 716 2400 812; baseline 0.003 -28"><span class='ocrx_word' id='word_1_8' title='bbox 561 716 606 785; x_wconf 87' lang='lat' dir='ltr'>de</span> <span class='ocrx_word' id='word_1_9' title='bbox 628 719 706 788; x_wconf 88' lang='lat' dir='ltr'>aire</span> <span class='ocrx_word' id='word_1_10' title='bbox 730 721 902 792; x_wconf 85' lang='lat' dir='ltr'>faciamus</span> <span class='ocrx_word' id='word_1_11' title='bbox 926 721 999 790; x_wconf 92' lang='lat' dir='ltr'>illis</span> <span class='ocrx_word' id='word_1_12' title='bbox 1021 723 1124 810; x_wconf 86' lang='lat' dir='ltr'>scire,</span> <span class='ocrx_word' id='word_1_13' title='bbox 1147 723 1203 792; x_wconf 85' lang='lat' dir='ltr'>vel</span> <span class='ocrx_word' id='word_1_14' title='bbox 1227 742 1309 810; x_wconf 89' lang='lat' dir='ltr'>pars</span> <span class='ocrx_word' id='word_1_15' title='bbox 1334 723 1491 811; x_wconf 80' lang='lat' dir='ltr'>predicte</span> <span class='ocrx_word' id='word_1_16' title='bbox 1514 723 1675 811; x_wconf 78' lang='lat' dir='ltr'>ecclesie,</span> <span class='ocrx_word' id='word_1_17' title='bbox 1702 729 1740 793; x_wconf 91' lang='lat' dir='ltr'>ut</span> <span class='ocrx_word' id='word_1_18' title='bbox 1766 726 1815 794; x_wconf 93' lang='lat' dir='ltr'>ibi</span> <span class='ocrx_word' id='word_1_19' title='bbox 1838 724 1974 812; x_wconf 90' lang='lat' dir='ltr'>dirigat</span> <span class='ocrx_word' id='word_1_20' title='bbox 1997 726 2143 791; x_wconf 88' lang='lat' dir='ltr'>missum</span> <span class='ocrx_word' id='word_1_21' title='bbox 2163 741 2267 792; x_wconf 92' lang='lat' dir='ltr'>suum</span> <span class='ocrx_word' id='word_1_22' title='bbox 2285 725 2321 790; x_wconf 91' lang='lat' dir='ltr'>et</span> <span class='ocrx_word' id='word_1_23' title='bbox 2336 739 2400 790; x_wconf 85' lang='lat' dir='ltr'>nos</span> 
     </span>
     <span class='ocr_line' id='line_1_3' title="bbox 556 857 2453 966; baseline 0.001 -24"><span class='ocrx_word' id='word_1_24' title='bbox 556 873 623 961; x_wconf 87' lang='lat' dir='ltr'>ipsi</span> <span class='ocrx_word' id='word_1_25' title='bbox 650 875 762 946; x_wconf 91' lang='lat' dir='ltr'>labori</span> <span class='ocrx_word' id='word_1_26' title='bbox 788 877 994 965; x_wconf 85' lang='lat' dir='ltr'>recolligere</span> <span class='ocrx_word' id='word_1_27' title='bbox 1019 924 1213 946; x_wconf 92' lang='grc'><strong>......</strong></span> <span class='ocrx_word' id='word_1_28' title='bbox 1239 885 1274 946; x_wconf 88' lang='lat' dir='ltr'>et</span> <span class='ocrx_word' id='word_1_29' title='bbox 1299 879 1379 946; x_wconf 89' lang='lat' dir='ltr'>illut</span> <span class='ocrx_word' id='word_1_30' title='bbox 1404 877 1619 966; x_wconf 67' lang='lat' dir='ltr'>tritulemus</span> <span class='ocrx_word' id='word_1_31' title='bbox 1644 885 1681 949; x_wconf 89' lang='lat' dir='ltr'>et</span> <span class='ocrx_word' id='word_1_32' title='bbox 1704 881 1848 949; x_wconf 89' lang='lat' dir='ltr'>tertiam</span> <span class='ocrx_word' id='word_1_33' title='bbox 1873 882 2012 966; x_wconf 89' lang='lat' dir='ltr'>partem</span> <span class='ocrx_word' id='word_1_34' title='bbox 2037 876 2087 946; x_wconf 92' lang='lat' dir='ltr'>ibi</span> <span class='ocrx_word' id='word_1_35' title='bbox 2115 876 2261 944; x_wconf 91' lang='lat' dir='ltr'>illorum</span> <span class='ocrx_word' id='word_1_36' title='bbox 2285 877 2407 945; x_wconf 92' lang='lat' dir='ltr'>demus</span> <span class='ocrx_word' id='word_1_37' title='bbox 2444 857 2453 874; x_wconf 70' lang='grc'>’</span> 
     </span>
     <span class='ocr_line' id='line_1_4' title="bbox 555 1028 2409 1121; baseline 0.002 -26"><span class='ocrx_word' id='word_1_38' title='bbox 555 1028 599 1098; x_wconf 86' lang='lat' dir='ltr'>de</span> <span class='ocrx_word' id='word_1_39' title='bbox 624 1032 700 1116; x_wconf 88' lang='lat' dir='ltr'>ipso</span> <span class='ocrx_word' id='word_1_40' title='bbox 724 1033 921 1116; x_wconf 89' lang='lat' dir='ltr'>arbustum,</span> <span class='ocrx_word' id='word_1_41' title='bbox 947 1039 983 1098; x_wconf 90' lang='lat' dir='ltr'>et</span> <span class='ocrx_word' id='word_1_42' title='bbox 1007 1049 1069 1118; x_wconf 92' lang='lat' dir='ltr'>per</span> <span class='ocrx_word' id='word_1_43' title='bbox 1093 1037 1207 1100; x_wconf 90' lang='lat' dir='ltr'>omnis</span> <span class='ocrx_word' id='word_1_44' title='bbox 1231 1051 1365 1104; x_wconf 89' lang='lat' dir='ltr'>annum</span> <span class='ocrx_word' id='word_1_45' title='bbox 1389 1053 1453 1121; x_wconf 92' lang='lat' dir='ltr'>pro</span> <span class='ocrx_word' id='word_1_46' title='bbox 1476 1039 1632 1121; x_wconf 91' lang='lat' dir='ltr'>tempore</span> <span class='ocrx_word' id='word_1_47' title='bbox 1655 1036 1698 1120; x_wconf 68' lang='lat' dir='ltr'>dg</span> <span class='ocrx_word' id='word_1_48' title='bbox 1723 1033 1899 1102; x_wconf 89' lang='lat' dir='ltr'>bindemie</span> <span class='ocrx_word' id='word_1_49' title='bbox 1903 1079 2135 1102; x_wconf 92' lang='grc'><strong>.......</strong></span> <span class='ocrx_word' id='word_1_50' title='bbox 2161 1031 2268 1116; x_wconf 89' lang='lat' dir='ltr'>scire,</span> <span class='ocrx_word' id='word_1_51' title='bbox 2292 1034 2338 1098; x_wconf 89' lang='lat' dir='ltr'>Ut</span> <span class='ocrx_word' id='word_1_52' title='bbox 2360 1031 2409 1099; x_wconf 89' lang='lat' dir='ltr'>ibi</span> 
     </span>
     <span class='ocr_line' id='line_1_5' title="bbox 555 1181 2407 1275; baseline 0.001 -25"><span class='ocrx_word' id='word_1_53' title='bbox 555 1181 692 1271; x_wconf 88' lang='lat' dir='ltr'>dirigat</span> <span class='ocrx_word' id='word_1_54' title='bbox 715 1186 864 1252; x_wconf 89' lang='lat' dir='ltr'>missum</span> <span class='ocrx_word' id='word_1_55' title='bbox 888 1203 1005 1270; x_wconf 91' lang='lat' dir='ltr'>suum,</span> <span class='ocrx_word' id='word_1_56' title='bbox 1030 1191 1067 1254; x_wconf 88' lang='lat' dir='ltr'>et</span> <span class='ocrx_word' id='word_1_57' title='bbox 1092 1204 1155 1252; x_wconf 89' lang='lat' dir='ltr'>nus</span> <span class='ocrx_word' id='word_1_58' title='bbox 1180 1187 1257 1272; x_wconf 85' lang='lat' dir='ltr'>ipsa</span> <span class='ocrx_word' id='word_1_59' title='bbox 1281 1186 1494 1255; x_wconf 85' lang='lat' dir='ltr'>tradictione</span> <span class='ocrx_word' id='word_1_60' title='bbox 1519 1188 1602 1256; x_wconf 87' lang='lat' dir='ltr'>abto</span> <span class='ocrx_word' id='word_1_61' title='bbox 1625 1189 1780 1275; x_wconf 84' lang='lat' dir='ltr'>tempore</span> <span class='ocrx_word' id='word_1_62' title='bbox 1805 1187 2023 1257; x_wconf 89' lang='lat' dir='ltr'>bindemiare</span> <span class='ocrx_word' id='word_1_63' title='bbox 2042 1186 2161 1272; x_wconf 87' lang='lat' dir='ltr'>ibique</span> <span class='ocrx_word' id='word_1_64' title='bbox 2179 1186 2224 1253; x_wconf 88' lang='lat' dir='ltr'>ad</span> <span class='ocrx_word' id='word_1_65' title='bbox 2242 1183 2407 1270; x_wconf 87' lang='lat' dir='ltr'>palmeu-</span> 
     </span>
     <span class='ocr_line' id='line_1_6' title="bbox 555 1289 2409 1424; baseline -0.001 -19"><span class='ocrx_word' id='word_1_66' title='bbox 555 1335 695 1422; x_wconf 87' lang='lat' dir='ltr'>tum‚et</span> <span class='ocrx_word' id='word_1_67' title='bbox 717 1337 943 1406; x_wconf 86' lang='lat' dir='ltr'>medietatem</span> <span class='ocrx_word' id='word_1_68' title='bbox 968 1339 1107 1424; x_wconf 88' lang='lat' dir='ltr'>ipsius.</span> <span class='ocrx_word' id='word_1_69' title='bbox 1137 1389 1144 1404; x_wconf 97' lang='lat'>.</span> <span class='ocrx_word' id='word_1_70' title='bbox 1242 1389 1250 1404; x_wconf 95' lang='lat'>.</span> <span class='ocrx_word' id='word_1_71' title='bbox 1277 1391 1286 1408; x_wconf 87' lang='lat'>.</span> <span class='ocrx_word' id='word_1_72' title='bbox 1312 1346 1348 1406; x_wconf 92' lang='lat' dir='ltr'>et</span> <span class='ocrx_word' id='word_1_73' title='bbox 1373 1341 1596 1410; x_wconf 89' lang='lat' dir='ltr'>medictatem</span> <span class='ocrx_word' id='word_1_74' title='bbox 1621 1343 1722 1408; x_wconf 89' lang='lat' dir='ltr'>nobis</span> <span class='ocrx_word' id='word_1_75' title='bbox 1760 1344 1928 1411; x_wconf 89' lang='lat' dir='ltr'>abeamus</span> <span class='ocrx_word' id='word_1_76' title='bbox 1962 1289 2157 1407; x_wconf 86' lang='lat' dir='ltr'>sortioncm</span> <span class='ocrx_word' id='word_1_77' title='bbox 2195 1337 2341 1407; x_wconf 91' lang='lat' dir='ltr'>illorum</span> <span class='ocrx_word' id='word_1_78' title='bbox 2365 1338 2409 1405; x_wconf 91' lang='lat' dir='ltr'>de</span> 
     </span>
     <span class='ocr_line' id='line_1_7' title="bbox 555 1473 2406 1580; baseline 0.002 -24"><span class='ocrx_word' id='word_1_79' title='bbox 555 1490 631 1576; x_wconf 89' lang='lat' dir='ltr'>ipso</span> <span class='ocrx_word' id='word_1_80' title='bbox 655 1489 779 1558; x_wconf 91' lang='lat' dir='ltr'>binum</span> <span class='ocrx_word' id='word_1_81' title='bbox 804 1508 867 1559; x_wconf 91' lang='lat' dir='ltr'>nos</span> <span class='ocrx_word' id='word_1_82' title='bbox 892 1491 972 1560; x_wconf 92' lang='lat' dir='ltr'>illut</span> <span class='ocrx_word' id='word_1_83' title='bbox 994 1511 1205 1580; x_wconf 88' lang='lat' dir='ltr'>reponamus</span> <span class='ocrx_word' id='word_1_84' title='bbox 1231 1497 1269 1561; x_wconf 90' lang='lat' dir='ltr'>in</span> <span class='ocrx_word' id='word_1_85' title='bbox 1293 1513 1456 1580; x_wconf 88' lang='lat' dir='ltr'>orgauea</span> <span class='ocrx_word' id='word_1_86' title='bbox 1481 1497 1586 1579; x_wconf 67' lang='lat' dir='ltr'>loona⁷</span> <span class='ocrx_word' id='word_1_87' title='bbox 1611 1509 1679 1579; x_wconf 89' lang='lat' dir='ltr'>que</span> <span class='ocrx_word' id='word_1_88' title='bbox 1699 1493 1806 1560; x_wconf 88' lang='lat' dir='ltr'>nobis</span> <span class='ocrx_word' id='word_1_89' title='bbox 1830 1493 1995 1562; x_wconf 85' lang='lat' dir='ltr'>dederit.</span> <span class='ocrx_word' id='word_1_90' title='bbox 2024 1541 2032 1558; x_wconf 95' lang='lat'>.</span> <span class='ocrx_word' id='word_1_91' title='bbox 2063 1541 2072 1559; x_wconf 96' lang='lat'>.</span> <span class='ocrx_word' id='word_1_92' title='bbox 2103 1543 2111 1560; x_wconf 97' lang='lat'>.</span> <span class='ocrx_word' id='word_1_93' title='bbox 2138 1537 2147 1556; x_wconf 87' lang='lat'>.</span> <span class='ocrx_word' id='word_1_94' title='bbox 2176 1543 2184 1558; x_wconf 92' lang='lat'>.</span> <span class='ocrx_word' id='word_1_95' title='bbox 2214 1473 2221 1559; x_wconf 80' lang='lat'>.</span> <span class='ocrx_word' id='word_1_96' title='bbox 2244 1508 2406 1580; x_wconf 86' lang='lat' dir='ltr'>organea</span> 
     </span>
     <span class='ocr_line' id='line_1_8' title="bbox 553 1644 2410 1742; baseline 0.002 -32"><span class='ocrx_word' id='word_1_97' title='bbox 553 1644 646 1712; x_wconf 89' lang='lat' dir='ltr'>bona</span> <span class='ocrx_word' id='word_1_98' title='bbox 669 1644 769 1712; x_wconf 87' lang='lat' dir='ltr'>siant</span> <span class='ocrx_word' id='word_1_99' title='bbox 792 1647 958 1715; x_wconf 90' lang='lat' dir='ltr'>conciata</span> <span class='ocrx_word' id='word_1_100' title='bbox 975 1650 1011 1714; x_wconf 91' lang='lat' dir='ltr'>et</span> <span class='ocrx_word' id='word_1_101' title='bbox 1027 1649 1198 1734; x_wconf 80' lang='lat' dir='ltr'>stodiam,</span> <span class='ocrx_word' id='word_1_102' title='bbox 1222 1653 1259 1714; x_wconf 90' lang='lat' dir='ltr'>et</span> <span class='ocrx_word' id='word_1_103' title='bbox 1283 1649 1357 1734; x_wconf 87' lang='lat' dir='ltr'>ipso</span> <span class='ocrx_word' id='word_1_104' title='bbox 1383 1649 1507 1715; x_wconf 88' lang='lat' dir='ltr'>binum</span> <span class='ocrx_word' id='word_1_105' title='bbox 1531 1647 1669 1714; x_wconf 88' lang='lat' dir='ltr'>salbum</span> <span class='ocrx_word' id='word_1_106' title='bbox 1688 1647 1874 1734; x_wconf 83' lang='lat' dir='ltr'>iaciamus,</span> <span class='ocrx_word' id='word_1_107' title='bbox 1892 1646 1976 1742; x_wconf 82' lang='lat' dir='ltr'>dum</span> <span class='ocrx_word' id='word_1_108' title='bbox 1991 1646 2071 1715; x_wconf 89' lang='lat' dir='ltr'>illut</span> <span class='ocrx_word' id='word_1_109' title='bbox 2089 1645 2138 1714; x_wconf 94' lang='lat' dir='ltr'>ibi</span> <span class='ocrx_word' id='word_1_110' title='bbox 2155 1648 2310 1732; x_wconf 84' lang='lat' dir='ltr'>abuerit,</span> <span class='ocrx_word' id='word_1_111' title='bbox 2327 1649 2410 1714; x_wconf 88' lang='lat' dir='ltr'>abs·</span> 
     </span>
     <span class='ocr_line' id='line_1_9' title="bbox 552 1761 2405 1889; baseline 0 -23"><span class='ocrx_word' id='word_1_112' title='bbox 552 1815 622 1884; x_wconf 83' lang='lat' dir='ltr'>que</span> <span class='ocrx_word' id='word_1_113' title='bbox 645 1761 923 1884; x_wconf 78' lang='lat' dir='ltr'>degeneratione</span> <span class='ocrx_word' id='word_1_114' title='bbox 948 1805 984 1867; x_wconf 89' lang='lat' dir='ltr'>et</span> <span class='ocrx_word' id='word_1_115' title='bbox 1010 1801 1132 1886; x_wconf 87' lang='lat' dir='ltr'>iugne,</span> <span class='ocrx_word' id='word_1_116' title='bbox 1158 1805 1193 1868; x_wconf 94' lang='lat' dir='ltr'>et</span> <span class='ocrx_word' id='word_1_117' title='bbox 1218 1763 1570 1886; x_wconf 51' lang='lat' dir='ltr'>ipsa&#39;organeacum</span> <span class='ocrx_word' id='word_1_118' title='bbox 1587 1804 1661 1888; x_wconf 88' lang='lat' dir='ltr'>ipso</span> <span class='ocrx_word' id='word_1_119' title='bbox 1678 1804 1801 1869; x_wconf 88' lang='lat' dir='ltr'>binum</span> <span class='ocrx_word' id='word_1_120' title='bbox 1818 1819 2032 1889; x_wconf 89' lang='lat' dir='ltr'>reponamus</span> <span class='ocrx_word' id='word_1_121' title='bbox 2057 1803 2095 1870; x_wconf 89' lang='lat' dir='ltr'>in</span> <span class='ocrx_word' id='word_1_122' title='bbox 2118 1819 2201 1872; x_wconf 89' lang='lat' dir='ltr'>casa</span> <span class='ocrx_word' id='word_1_123' title='bbox 2217 1818 2287 1887; x_wconf 90' lang='lat' dir='ltr'>que</span> <span class='ocrx_word' id='word_1_124' title='bbox 2305 1798 2405 1867; x_wconf 92' lang='lat' dir='ltr'>modo</span> 
     </span>
     <span class='ocr_line' id='line_1_10' title="bbox 551 1917 2407 2048; baseline 0.001 -28"><span class='ocrx_word' id='word_1_125' title='bbox 551 1951 602 2048; x_wconf 87' lang='lat' dir='ltr'>ibi</span> <span class='ocrx_word' id='word_1_126' title='bbox 627 1954 695 2037; x_wconf 90' lang='lat' dir='ltr'>est,</span> <span class='ocrx_word' id='word_1_127' title='bbox 720 1917 827 2038; x_wconf 76' lang='lat' dir='ltr'>poma</span> <span class='ocrx_word' id='word_1_128' title='bbox 847 1957 883 2018; x_wconf 90' lang='lat' dir='ltr'>et</span> <span class='ocrx_word' id='word_1_129' title='bbox 907 1951 1034 2020; x_wconf 90' lang='lat' dir='ltr'>insites</span> <span class='ocrx_word' id='word_1_130' title='bbox 1059 1952 1296 2040; x_wconf 31' lang='lat' dir='ltr'>indeque-suo</span> <span class='ocrx_word' id='word_1_131' title='bbox 1320 1959 1475 2040; x_wconf 86' lang='lat' dir='ltr'>ternpore</span> <span class='ocrx_word' id='word_1_132' title='bbox 1500 1955 1583 2023; x_wconf 88' lang='lat' dir='ltr'>illut</span> <span class='ocrx_word' id='word_1_133' title='bbox 1605 1954 1829 2042; x_wconf 86' lang='lat' dir='ltr'>colligamus,</span> <span class='ocrx_word' id='word_1_134' title='bbox 1855 1957 1988 2042; x_wconf 86' lang='lat' dir='ltr'>etipse</span> <span class='ocrx_word' id='word_1_135' title='bbox 2012 1956 2139 2024; x_wconf 82' lang='lat' dir='ltr'>insitos</span> <span class='ocrx_word' id='word_1_136' title='bbox 2166 1971 2345 2023; x_wconf 88' lang='lat' dir='ltr'>seccemus</span> <span class='ocrx_word' id='word_1_137' title='bbox 2370 1959 2407 2022; x_wconf 89' lang='lat' dir='ltr'>et</span> 
     </span>
     <span class='ocr_line' id='line_1_11' title="bbox 551 2067 2406 2194; baseline 0 -22"><span class='ocrx_word' id='word_1_138' title='bbox 551 2067 781 2173; x_wconf 83' lang='lat' dir='ltr'>medietatem</span> <span class='ocrx_word' id='word_1_139' title='bbox 804 2105 847 2172; x_wconf 88' lang='lat' dir='ltr'>de</span> <span class='ocrx_word' id='word_1_140' title='bbox 874 2075 948 2191; x_wconf 81' lang='lat' dir='ltr'>ipse</span> <span class='ocrx_word' id='word_1_141' title='bbox 973 2107 1097 2174; x_wconf 87' lang='lat' dir='ltr'>insites</span> <span class='ocrx_word' id='word_1_142' title='bbox 1119 2111 1154 2176; x_wconf 88' lang='lat' dir='ltr'>et</span> <span class='ocrx_word' id='word_1_143' title='bbox 1176 2106 1219 2175; x_wconf 90' lang='lat' dir='ltr'>de</span> <span class='ocrx_word' id='word_1_144' title='bbox 1244 2113 1319 2193; x_wconf 85' lang='lat' dir='ltr'>ipsa</span> <span class='ocrx_word' id='word_1_145' title='bbox 1342 2127 1447 2193; x_wconf 86' lang='lat' dir='ltr'>poma</span> <span class='ocrx_word' id='word_1_146' title='bbox 1473 2109 1504 2177; x_wconf 88' lang='lat' dir='ltr'>ei</span> <span class='ocrx_word' id='word_1_147' title='bbox 1524 2108 1658 2194; x_wconf 86' lang='lat' dir='ltr'>demus,</span> <span class='ocrx_word' id='word_1_148' title='bbox 1678 2107 1998 2194; x_wconf 87' lang='lat' dir='ltr'>missum&#39;illorum,</span> <span class='ocrx_word' id='word_1_149' title='bbox 2015 2103 2100 2174; x_wconf 87' lang='lat' dir='ltr'>du&#39;m</span> <span class='ocrx_word' id='word_1_150' title='bbox 2118 2106 2168 2174; x_wconf 90' lang='lat' dir='ltr'>ibi</span> <span class='ocrx_word' id='word_1_151' title='bbox 2184 2105 2324 2175; x_wconf 87' lang='lat' dir='ltr'>steterit</span> <span class='ocrx_word' id='word_1_152' title='bbox 2342 2125 2406 2193; x_wconf 87' lang='lat' dir='ltr'>per</span> 
     </span>
     <span class='ocr_line' id='line_1_12' title="bbox 550 2242 2402 2348; baseline -0.001 -20"><span class='ocrx_word' id='word_1_153' title='bbox 550 2263 628 2348; x_wconf 92' lang='lat' dir='ltr'>ipso</span> <span class='ocrx_word' id='word_1_154' title='bbox 650 2262 734 2330; x_wconf 92' lang='lat' dir='ltr'>bino</span> <span class='ocrx_word' id='word_1_155' title='bbox 756 2265 792 2330; x_wconf 88' lang='lat' dir='ltr'>et</span> <span class='ocrx_word' id='word_1_156' title='bbox 807 2278 868 2348; x_wconf 90' lang='lat' dir='ltr'>per</span> <span class='ocrx_word' id='word_1_157' title='bbox 885 2261 959 2347; x_wconf 87' lang='lat' dir='ltr'>ipso</span> <span class='ocrx_word' id='word_1_158' title='bbox 976 2242 1182 2331; x_wconf 85' lang='lat' dir='ltr'>terraticum</span> <span class='ocrx_word' id='word_1_159' title='bbox 1197 2262 1451 2348; x_wconf 89' lang='lat' dir='ltr'>recipiendum,</span> <span class='ocrx_word' id='word_1_160' title='bbox 1470 2281 1532 2332; x_wconf 93' lang='lat' dir='ltr'>nos</span> <span class='ocrx_word' id='word_1_161' title='bbox 1544 2282 1624 2330; x_wconf 89' lang='lat' dir='ltr'>eum</span> <span class='ocrx_word' id='word_1_162' title='bbox 1641 2263 1776 2330; x_wconf 85' lang='lat' dir='ltr'>notrire</span> <span class='ocrx_word' id='word_1_163' title='bbox 1791 2260 1984 2328; x_wconf 90' lang='lat' dir='ltr'>secundum</span> <span class='ocrx_word' id='word_1_164' title='bbox 2001 2267 2126 2328; x_wconf 89' lang='lat' dir='ltr'>nostra</span> <span class='ocrx_word' id='word_1_165' title='bbox 2145 2259 2402 2346; x_wconf 88' lang='lat' dir='ltr'>possibilitate,</span> 
     </span>
     <span class='ocr_line' id='line_1_13' title="bbox 535 2411 2409 2505; baseline -0.004 -19"><span class='ocrx_word' id='word_1_166' title='bbox 535 2420 590 2486; x_wconf 88' lang='lat' dir='ltr'>·et</span> <span class='ocrx_word' id='word_1_167' title='bbox 614 2418 737 2486; x_wconf 87' lang='lat' dir='ltr'>amodo</span> <span class='ocrx_word' id='word_1_168' title='bbox 762 2436 874 2505; x_wconf 86' lang='lat' dir='ltr'>usque</span> <span class='ocrx_word' id='word_1_169' title='bbox 898 2420 1056 2504; x_wconf 82' lang='lat' dir='ltr'>quinque</span> <span class='ocrx_word' id='word_1_170' title='bbox 1080 2417 1166 2486; x_wconf 87' lang='lat' dir='ltr'>anni</span> <span class='ocrx_word' id='word_1_171' title='bbox 1192 2419 1416 2503; x_wconf 83' lang='lat' dir='ltr'>assignemus</span> <span class='ocrx_word' id='word_1_172' title='bbox 1440 2415 1578 2484; x_wconf 92' lang='lat' dir='ltr'>illorum</span> <span class='ocrx_word' id='word_1_173' title='bbox 1605 2416 1654 2482; x_wconf 91' lang='lat' dir='ltr'>ibi</span> <span class='ocrx_word' id='word_1_174' title='bbox 1679 2413 1896 2500; x_wconf 85' lang='lat' dir='ltr'>palmentum</span> <span class='ocrx_word' id='word_1_175' title='bbox 1922 2413 2054 2481; x_wconf 84' lang='lat' dir='ltr'>iactum</span> <span class='ocrx_word' id='word_1_176' title='bbox 2077 2414 2219 2498; x_wconf 90' lang='lat' dir='ltr'>bonum,</span> <span class='ocrx_word' id='word_1_177' title='bbox 2237 2413 2314 2480; x_wconf 87' lang='lat' dir='ltr'>sibe</span> <span class='ocrx_word' id='word_1_178' title='bbox 2340 2411 2409 2480; x_wconf 92' lang='lat' dir='ltr'>lin·</span> 
     </span>
     <span class='ocr_line' id='line_1_14' title="bbox 549 2565 2472 2672; baseline -0.001 -36"><span class='ocrx_word' id='word_1_179' title='bbox 549 2571 679 2660; x_wconf 87' lang='lat' dir='ltr'>gnitio,</span> <span class='ocrx_word' id='word_1_180' title='bbox 703 2571 781 2640; x_wconf 90' lang='lat' dir='ltr'>sibe</span> <span class='ocrx_word' id='word_1_181' title='bbox 806 2572 974 2641; x_wconf 79' lang='lat' dir='ltr'>trabitunr</span> <span class='ocrx_word' id='word_1_182' title='bbox 1002 2573 1047 2641; x_wconf 90' lang='lat' dir='ltr'>ad</span> <span class='ocrx_word' id='word_1_183' title='bbox 1072 2565 1148 2658; x_wconf 87' lang='lat' dir='ltr'>ip&#39;so</span> <span class='ocrx_word' id='word_1_184' title='bbox 1172 2573 1404 2639; x_wconf 89' lang='lat' dir='ltr'>constitutum</span> <span class='ocrx_word' id='word_1_185' title='bbox 1427 2571 1469 2638; x_wconf 91' lang='lat' dir='ltr'>de</span> <span class='ocrx_word' id='word_1_186' title='bbox 1494 2571 1561 2657; x_wconf 88' lang='lat' dir='ltr'>ipsi</span> <span class='ocrx_word' id='word_1_187' title='bbox 1587 2571 1707 2637; x_wconf 89' lang='lat' dir='ltr'>decem</span> <span class='ocrx_word' id='word_1_188' title='bbox 1732 2570 1819 2637; x_wconf 89' lang='lat' dir='ltr'>anni</span> <span class='ocrx_word' id='word_1_189' title='bbox 1846 2567 1972 2636; x_wconf 92' lang='lat' dir='ltr'>inclita</span> <span class='ocrx_word' id='word_1_190' title='bbox 1995 2568 2072 2654; x_wconf 87' lang='lat' dir='ltr'>ipsa</span> <span class='ocrx_word' id='word_1_191' title='bbox 2095 2567 2309 2636; x_wconf 85' lang='lat' dir='ltr'>tradictione</span> <span class='ocrx_word' id='word_1_192' title='bbox 2326 2587 2408 2654; x_wconf 86' lang='lat' dir='ltr'>ope·</span> <span class='ocrx_word' id='word_1_193' title='bbox 2468 2663 2472 2672; x_wconf 24' lang='grc' dir='ltr'>ι</span> 
     </span>
     <span class='ocr_line' id='line_1_15' title="bbox 554 2673 2408 2811; baseline -0.001 -21"><span class='ocrx_word' id='word_1_194' title='bbox 554 2729 637 2794; x_wconf 85' lang='lat' dir='ltr'>rata</span> <span class='ocrx_word' id='word_1_195' title='bbox 660 2729 699 2792; x_wconf 87' lang='lat' dir='ltr'>et</span> <span class='ocrx_word' id='word_1_196' title='bbox 721 2731 836 2810; x_wconf 83' lang='lat' dir='ltr'>suria,</span> <span class='ocrx_word' id='word_1_197' title='bbox 862 2726 1017 2810; x_wconf 87' lang='lat' dir='ltr'>qualiter</span> <span class='ocrx_word' id='word_1_198' title='bbox 1041 2744 1150 2811; x_wconf 90' lang='lat' dir='ltr'>supra</span> <span class='ocrx_word' id='word_1_199' title='bbox 1167 2725 1310 2810; x_wconf 81' lang='lat' dir='ltr'>legitur,</span> <span class='ocrx_word' id='word_1_200' title='bbox 1327 2731 1363 2792; x_wconf 89' lang='lat' dir='ltr'>et</span> <span class='ocrx_word' id='word_1_201' title='bbox 1381 2725 1455 2811; x_wconf 89' lang='lat' dir='ltr'>ipsa</span> <span class='ocrx_word' id='word_1_202' title='bbox 1471 2742 1552 2794; x_wconf 85' lang='lat' dir='ltr'>casa</span> <span class='ocrx_word' id='word_1_203' title='bbox 1568 2723 1742 2810; x_wconf 75' lang='lat' dir='ltr'>conciam,</span> <span class='ocrx_word' id='word_1_204' title='bbox 1761 2730 1796 2791; x_wconf 90' lang='lat' dir='ltr'>et</span> <span class='ocrx_word' id='word_1_205' title='bbox 1813 2723 1891 2810; x_wconf 90' lang='lat' dir='ltr'>ipsa</span> <span class='ocrx_word' id='word_1_206' title='bbox 1908 2673 2084 2808; x_wconf 64' lang='lat' dir='ltr'>organea,⁹</span> <span class='ocrx_word' id='word_1_207' title='bbox 2101 2722 2228 2808; x_wconf 86' lang='lat' dir='ltr'>etipse</span> <span class='ocrx_word' id='word_1_208' title='bbox 2245 2721 2408 2808; x_wconf 88' lang='lat' dir='ltr'>palmen-</span> 
     </span>
     <span class='ocr_line' id='line_1_16' title="bbox 548 2877 2406 2966; baseline -0.001 -22"><span class='ocrx_word' id='word_1_209' title='bbox 548 2881 624 2945; x_wconf 91' lang='lat' dir='ltr'>tum</span> <span class='ocrx_word' id='word_1_210' title='bbox 650 2877 874 2945; x_wconf 88' lang='lat' dir='ltr'>remittamus</span> <span class='ocrx_word' id='word_1_211' title='bbox 898 2877 943 2944; x_wconf 91' lang='lat' dir='ltr'>ad</span> <span class='ocrx_word' id='word_1_212' title='bbox 971 2895 1092 2945; x_wconf 89' lang='lat' dir='ltr'>eorum</span> <span class='ocrx_word' id='word_1_213' title='bbox 1120 2883 1304 2962; x_wconf 80' lang='lat' dir='ltr'>potestate.</span> <span class='ocrx_word' id='word_1_214' title='bbox 1330 2879 1377 2945; x_wconf 89' lang='lat' dir='ltr'>De</span> <span class='ocrx_word' id='word_1_215' title='bbox 1400 2897 1471 2966; x_wconf 90' lang='lat' dir='ltr'>qua</span> <span class='ocrx_word' id='word_1_216' title='bbox 1494 2895 1555 2964; x_wconf 92' lang='lat' dir='ltr'>per</span> <span class='ocrx_word' id='word_1_217' title='bbox 1578 2879 1847 2947; x_wconf 87' lang='lat' dir='ltr'>combenientia</span> <span class='ocrx_word' id='word_1_218' title='bbox 1869 2877 2003 2964; x_wconf 89' lang='lat' dir='ltr'>guadia</span> <span class='ocrx_word' id='word_1_219' title='bbox 2038 2877 2125 2945; x_wconf 91' lang='lat' dir='ltr'>mibi</span> <span class='ocrx_word' id='word_1_220' title='bbox 2167 2877 2242 2963; x_wconf 91' lang='lat' dir='ltr'>ipse</span> <span class='ocrx_word' id='word_1_221' title='bbox 2276 2879 2406 2961; x_wconf 90' lang='lat' dir='ltr'>petrus</span> 
     </span>
     <span class='ocr_line' id='line_1_17' title="bbox 551 3025 2403 3140; baseline -0.001 -44"><span class='ocrx_word' id='word_1_222' title='bbox 551 3027 630 3097; x_wconf 88' lang='lat' dir='ltr'>dedi</span> <span class='ocrx_word' id='word_1_223' title='bbox 637 3032 702 3140; x_wconf 25' lang='lat' dir='ltr'>,let</span> <span class='ocrx_word' id='word_1_224' title='bbox 719 3028 986 3097; x_wconf 88' lang='lat' dir='ltr'>medietatorem</span> <span class='ocrx_word' id='word_1_225' title='bbox 1001 3025 1092 3097; x_wconf 82' lang='lat' dir='ltr'>&#39;mihi</span> <span class='ocrx_word' id='word_1_226' title='bbox 1110 3032 1227 3116; x_wconf 84' lang='lat' dir='ltr'>posuit</span> <span class='ocrx_word' id='word_1_227' title='bbox 1243 3029 1416 3099; x_wconf 87' lang='lat' dir='ltr'>malsreda</span> <span class='ocrx_word' id='word_1_228' title='bbox 1432 3030 1641 3104; x_wconf 74' lang='lat' dir='ltr'>inbecillius</span> <span class='ocrx_word' id='word_1_229' title='bbox 1656 3031 1763 3112; x_wconf 84' lang='lat' dir='ltr'>(deest</span> <span class='ocrx_word' id='word_1_230' title='bbox 1780 3035 1928 3113; x_wconf 79' lang='lat' dir='ltr'>nomeu);</span> <span class='ocrx_word' id='word_1_231' title='bbox 1945 3035 1980 3096; x_wconf 88' lang='lat' dir='ltr'>et</span> <span class='ocrx_word' id='word_1_232' title='bbox 1995 3047 2055 3116; x_wconf 79' lang='lat' dir='ltr'>por</span> <span class='ocrx_word' id='word_1_233' title='bbox 2072 3029 2149 3114; x_wconf 90' lang='lat' dir='ltr'>ipsa</span> <span class='ocrx_word' id='word_1_234' title='bbox 2161 3028 2295 3115; x_wconf 87' lang='lat' dir='ltr'>guadia</span> <span class='ocrx_word' id='word_1_235' title='bbox 2312 3025 2403 3094; x_wconf 90' lang='lat' dir='ltr'>obli·</span> 
     </span>
     <span class='ocr_line' id='line_1_18' title="bbox 549 3154 2403 3276; baseline -0.003 -25"><span class='ocrx_word' id='word_1_236' title='bbox 549 3185 653 3272; x_wconf 81' lang='lat' dir='ltr'>gavit</span> <span class='ocrx_word' id='word_1_237' title='bbox 675 3201 712 3252; x_wconf 90' lang='lat' dir='ltr'>se</span> <span class='ocrx_word' id='word_1_238' title='bbox 737 3154 812 3270; x_wconf 85' lang='lat' dir='ltr'>ipsc</span> <span class='ocrx_word' id='word_1_239' title='bbox 837 3203 920 3251; x_wconf 88' lang='lat' dir='ltr'>urso</span> <span class='ocrx_word' id='word_1_240' title='bbox 943 3187 1054 3254; x_wconf 87' lang='lat' dir='ltr'>abbas</span> <span class='ocrx_word' id='word_1_241' title='bbox 1069 3190 1105 3252; x_wconf 88' lang='lat' dir='ltr'>et</span> <span class='ocrx_word' id='word_1_242' title='bbox 1124 3185 1347 3250; x_wconf 86' lang='lat' dir='ltr'>subcessores</span> <span class='ocrx_word' id='word_1_243' title='bbox 1363 3201 1456 3268; x_wconf 73' lang='lat' dir='ltr'>sum,</span> <span class='ocrx_word' id='word_1_244' title='bbox 1474 3192 1513 3251; x_wconf 91' lang='lat' dir='ltr'>ut</span> <span class='ocrx_word' id='word_1_245' title='bbox 1530 3183 1651 3250; x_wconf 88' lang='lat' dir='ltr'>amodo</span> <span class='ocrx_word' id='word_1_246' title='bbox 1668 3189 1702 3247; x_wconf 90' lang='lat' dir='ltr'>et</span> <span class='ocrx_word' id='word_1_247' title='bbox 1722 3200 1830 3267; x_wconf 87' lang='lat' dir='ltr'>usque</span> <span class='ocrx_word' id='word_1_248' title='bbox 1849 3180 1922 3266; x_wconf 91' lang='lat' dir='ltr'>ipso</span> <span class='ocrx_word' id='word_1_249' title='bbox 1938 3178 2145 3276; x_wconf 89' lang='lat' dir='ltr'>costitutum</span> <span class='ocrx_word' id='word_1_250' title='bbox 2172 3178 2298 3248; x_wconf 88' lang='lat' dir='ltr'>inclita</span> <span class='ocrx_word' id='word_1_251' title='bbox 2322 3178 2403 3266; x_wconf 89' lang='lat' dir='ltr'>ipsa</span> 
     </span>
     <span class='ocr_line' id='line_1_19' title="bbox 547 3291 2401 3420; baseline -0.002 -16"><span class='ocrx_word' id='word_1_252' title='bbox 547 3337 744 3406; x_wconf 88' lang='lat' dir='ltr'>traditione</span> <span class='ocrx_word' id='word_1_253' title='bbox 768 3337 953 3406; x_wconf 83' lang='lat' dir='ltr'>defensare</span> <span class='ocrx_word' id='word_1_254' title='bbox 977 3337 1080 3403; x_wconf 90' lang='lat' dir='ltr'>nobis</span> <span class='ocrx_word' id='word_1_255' title='bbox 1095 3355 1173 3403; x_wconf 91' lang='lat' dir='ltr'>cum</span> <span class='ocrx_word' id='word_1_256' title='bbox 1192 3337 1270 3402; x_wconf 88' lang='lat' dir='ltr'>bice</span> <span class='ocrx_word' id='word_1_257' title='bbox 1293 3291 1335 3405; x_wconf 86' lang='lat' dir='ltr'>de</span> <span class='ocrx_word' id='word_1_258' title='bbox 1360 3337 1420 3402; x_wconf 86' lang='lat' dir='ltr'>bia</span> <span class='ocrx_word' id='word_1_259' title='bbox 1436 3353 1500 3402; x_wconf 87' lang='lat' dir='ltr'>sua</span> <span class='ocrx_word' id='word_1_260' title='bbox 1518 3335 1563 3402; x_wconf 87' lang='lat' dir='ltr'>da</span> <span class='ocrx_word' id='word_1_261' title='bbox 1580 3338 1692 3401; x_wconf 90' lang='lat' dir='ltr'>omnis</span> <span class='ocrx_word' id='word_1_262' title='bbox 1710 3335 1857 3402; x_wconf 88' lang='lat' dir='ltr'>omines.</span> <span class='ocrx_word' id='word_1_263' title='bbox 1878 3337 1919 3402; x_wconf 89' lang='lat' dir='ltr'>Et</span> <span class='ocrx_word' id='word_1_264' title='bbox 1934 3315 1964 3400; x_wconf 83' lang='lat' dir='ltr'>si</span> <span class='ocrx_word' id='word_1_265' title='bbox 1984 3331 2105 3402; x_wconf 88' lang='lat' dir='ltr'>taliter</span> <span class='ocrx_word' id='word_1_266' title='bbox 2128 3335 2249 3402; x_wconf 89' lang='lat' dir='ltr'>omnia</span> <span class='ocrx_word' id='word_1_267' title='bbox 2273 3352 2401 3420; x_wconf 89' lang='lat' dir='ltr'>supra-</span> 
     </span>
     <span class='ocr_line' id='line_1_20' title="bbox 547 3486 2491 3586; baseline 0 -28"><span class='ocrx_word' id='word_1_268' title='bbox 547 3490 684 3578; x_wconf 90' lang='lat' dir='ltr'>scripta</span> <span class='ocrx_word' id='word_1_269' title='bbox 709 3490 784 3575; x_wconf 91' lang='lat' dir='ltr'>ipso</span> <span class='ocrx_word' id='word_1_270' title='bbox 808 3491 919 3560; x_wconf 86' lang='lat' dir='ltr'>abbas</span> <span class='ocrx_word' id='word_1_271' title='bbox 943 3494 979 3557; x_wconf 90' lang='lat' dir='ltr'>et</span> <span class='ocrx_word' id='word_1_272' title='bbox 1004 3490 1223 3556; x_wconf 87' lang='lat' dir='ltr'>subcessores</span> <span class='ocrx_word' id='word_1_273' title='bbox 1247 3505 1328 3554; x_wconf 89' lang='lat' dir='ltr'>suos</span> <span class='ocrx_word' id='word_1_274' title='bbox 1351 3489 1453 3554; x_wconf 90' lang='lat' dir='ltr'>nobis</span> <span class='ocrx_word' id='word_1_275' title='bbox 1478 3506 1548 3554; x_wconf 91' lang='lat' dir='ltr'>non</span> <span class='ocrx_word' id='word_1_276' title='bbox 1572 3489 1820 3576; x_wconf 88' lang='lat' dir='ltr'>adirupleberit</span> <span class='ocrx_word' id='word_1_277' title='bbox 1844 3497 1879 3556; x_wconf 87' lang='lat' dir='ltr'>et</span> <span class='ocrx_word' id='word_1_278' title='bbox 1910 3489 1953 3556; x_wconf 89' lang='lat' dir='ltr'>de</span> <span class='ocrx_word' id='word_1_279' title='bbox 1983 3487 2230 3575; x_wconf 90' lang='lat' dir='ltr'>suprascripta</span> <span class='ocrx_word' id='word_1_280' title='bbox 2262 3486 2401 3574; x_wconf 88' lang='lat' dir='ltr'>aliquid</span> <span class='ocrx_word' id='word_1_281' title='bbox 2487 3582 2491 3586; x_wconf 15' lang='grc' dir='ltr'>Π</span> 
     </span>
     <span class='ocr_line' id='line_1_21' title="bbox 547 3593 2402 3730; baseline 0 -21"><span class='ocrx_word' id='word_1_282' title='bbox 547 3642 872 3728; x_wconf 83' lang='lat' dir='ltr'>contradixserint,</span> <span class='ocrx_word' id='word_1_283' title='bbox 897 3659 960 3728; x_wconf 89' lang='lat' dir='ltr'>per</span> <span class='ocrx_word' id='word_1_284' title='bbox 985 3642 1062 3728; x_wconf 92' lang='lat' dir='ltr'>ipsa</span> <span class='ocrx_word' id='word_1_285' title='bbox 1085 3641 1220 3728; x_wconf 88' lang='lat' dir='ltr'>guadia</span> <span class='ocrx_word' id='word_1_286' title='bbox 1245 3660 1308 3728; x_wconf 90' lang='lat' dir='ltr'>per</span> <span class='ocrx_word' id='word_1_287' title='bbox 1333 3642 1594 3710; x_wconf 86' lang='lat' dir='ltr'>combenicntia</span> <span class='ocrx_word' id='word_1_288' title='bbox 1609 3659 1818 3730; x_wconf 88' lang='lat' dir='ltr'>componere</span> <span class='ocrx_word' id='word_1_289' title='bbox 1835 3593 2011 3730; x_wconf 80' lang='lat' dir='ltr'>obligavit</span> <span class='ocrx_word' id='word_1_290' title='bbox 2027 3661 2064 3710; x_wconf 93' lang='lat' dir='ltr'>se</span> <span class='ocrx_word' id='word_1_291' title='bbox 2079 3603 2181 3712; x_wconf 86' lang='lat' dir='ltr'>nobis</span> <span class='ocrx_word' id='word_1_292' title='bbox 2198 3641 2272 3729; x_wconf 88' lang='lat' dir='ltr'>ipse</span> <span class='ocrx_word' id='word_1_293' title='bbox 2290 3642 2402 3710; x_wconf 88' lang='lat' dir='ltr'>abbas</span> 
     </span>
     <span class='ocr_line' id='line_1_22' title="bbox 547 3793 2395 3883; baseline -0.001 -21"><span class='ocrx_word' id='word_1_294' title='bbox 547 3799 584 3862; x_wconf 92' lang='lat' dir='ltr'>et</span> <span class='ocrx_word' id='word_1_295' title='bbox 607 3794 829 3861; x_wconf 73' lang='lat' dir='ltr'>subsessores</span> <span class='ocrx_word' id='word_1_296' title='bbox 852 3811 936 3862; x_wconf 91' lang='lat' dir='ltr'>suos</span> <span class='ocrx_word' id='word_1_297' title='bbox 962 3794 1091 3881; x_wconf 85' lang='lat' dir='ltr'>viginti</span> <span class='ocrx_word' id='word_1_298' title='bbox 1116 3793 1218 3883; x_wconf 84' lang='lat' dir='ltr'>aurei</span> <span class='ocrx_word' id='word_1_299' title='bbox 1242 3793 1345 3862; x_wconf 89' lang='lat' dir='ltr'>solidi</span> <span class='ocrx_word' id='word_1_300' title='bbox 1370 3797 1615 3880; x_wconf 84' lang='lat' dir='ltr'>constantini,</span> <span class='ocrx_word' id='word_1_301' title='bbox 1640 3796 1731 3882; x_wconf 90' lang='lat' dir='ltr'>quod</span> <span class='ocrx_word' id='word_1_302' title='bbox 1755 3797 1879 3882; x_wconf 87' lang='lat' dir='ltr'>scripsi</span> <span class='ocrx_word' id='word_1_303' title='bbox 1906 3814 1971 3882; x_wconf 84' lang='lat' dir='ltr'>ego</span> <span class='ocrx_word' id='word_1_304' title='bbox 1997 3796 2197 3866; x_wconf 87' lang='lat' dir='ltr'>romoaldus</span> <span class='ocrx_word' id='word_1_305' title='bbox 2220 3793 2395 3866; x_wconf 87' lang='lat' dir='ltr'>notarius.</span> 
     </span>
     <span class='ocr_line' id='line_1_23' title="bbox 594 3899 2039 4035; baseline 0 -21"><span class='ocrx_word' id='word_1_306' title='bbox 594 3919 625 4034; x_wconf 88' lang='lat'><em>†</em></span> <span class='ocrx_word' id='word_1_307' title='bbox 651 3947 727 4035; x_wconf 87' lang='lat' dir='ltr'>Ego</span> <span class='ocrx_word' id='word_1_308' title='bbox 750 3965 856 4015; x_wconf 91' lang='lat' dir='ltr'>ursus</span> <span class='ocrx_word' id='word_1_309' title='bbox 879 3949 1052 4034; x_wconf 90' lang='lat' dir='ltr'>presbiter</span> <span class='ocrx_word' id='word_1_310' title='bbox 1076 3953 1112 4016; x_wconf 90' lang='lat' dir='ltr'>et</span> <span class='ocrx_word' id='word_1_311' title='bbox 1134 3949 1244 4017; x_wconf 89' lang='lat' dir='ltr'>abbas</span> <span class='ocrx_word' id='word_1_312' title='bbox 2033 3899 2039 3912; x_wconf 32' lang='grc'>’</span> 
     </span>
    </p>
   </div>
   <div class='ocr_carea' id='block_1_3' title="bbox 553 4073 1404 4189">
    <p class='ocr_par' dir='ltr' id='par_1_3' title="bbox 553 4073 1404 4189">
     <span class='ocr_line' id='line_1_24' title="bbox 553 4073 1404 4189; baseline 0.002 -22"><span class='ocrx_word' id='word_1_313' title='bbox 553 4085 556 4092; x_wconf 72' lang='grc'>’</span> <span class='ocrx_word' id='word_1_314' title='bbox 594 4073 725 4189; x_wconf 88' lang='lat' dir='ltr'>†Ego</span> <span class='ocrx_word' id='word_1_315' title='bbox 747 4100 968 4189; x_wconf 83' lang='lat' dir='ltr'>grimoaldus</span> <span class='ocrx_word' id='word_1_316' title='bbox 991 4120 1047 4170; x_wconf 90' lang='lat' dir='ltr'>me</span> <span class='ocrx_word' id='word_1_317' title='bbox 1069 4102 1273 4188; x_wconf 91' lang='lat' dir='ltr'>subscripsi.</span> <span class='ocrx_word' id='word_1_318' title='bbox 1397 4079 1404 4094; x_wconf 70' lang='grc'><strong>’</strong></span> 
     </span>
    </p>
   </div>
   <div class='ocr_carea' id='block_1_4' title="bbox 1202 4731 1687 4839">
    <p class='ocr_par' dir='ltr' id='par_1_4' title="bbox 1202 4731 1687 4839">
     <span class='ocr_line' id='line_1_25' title="bbox 1202 4731 1687 4839; baseline -0.023 -2"><span class='ocrx_word' id='word_1_319' title='bbox 1202 4757 1206 4764; x_wconf 93' lang='grc'><strong><em>·</em></strong></span> <span class='ocrx_word' id='word_1_320' title='bbox 1257 4731 1687 4839; x_wconf 73' lang='lat' dir='ltr'>omnxxxvrr.</span> 
     </span>
    </p>
   </div>
   <div class='ocr_carea' id='block_1_5' title="bbox 1321 5053 1621 5131">
    <p class='ocr_par' dir='ltr' id='par_1_5' title="bbox 1321 5053 1621 5131">
     <span class='ocr_line' id='line_1_26' title="bbox 1321 5053 1621 5131; baseline -0.027 0"><span class='ocrx_word' id='word_1_321' title='bbox 1321 5056 1379 5131; x_wconf 92' lang='lat' dir='ltr'>A.</span> <span class='ocrx_word' id='word_1_322' title='bbox 1407 5056 1461 5130; x_wconf 92' lang='lat' dir='ltr'>D.</span> <span class='ocrx_word' id='word_1_323' title='bbox 1491 5053 1621 5129; x_wconf 87' lang='grc'><strong>1042.</strong></span> 
     </span>
    </p>
   </div>
   <div class='ocr_carea' id='block_1_6' title="bbox 548 5295 2401 5745">
    <p class='ocr_par' dir='ltr' id='par_1_6' title="bbox 548 5295 2401 5745">
     <span class='ocr_line' id='line_1_27' title="bbox 598 5295 2398 5438; baseline -0.006 -22"><span class='ocrx_word' id='word_1_324' title='bbox 598 5295 634 5438; x_wconf 70' lang='lat'><em>†</em></span> <span class='ocrx_word' id='word_1_325' title='bbox 662 5347 703 5416; x_wconf 91' lang='lat' dir='ltr'>ln</span> <span class='ocrx_word' id='word_1_326' title='bbox 727 5350 872 5418; x_wconf 88' lang='lat' dir='ltr'>nomine</span> <span class='ocrx_word' id='word_1_327' title='bbox 895 5349 1029 5418; x_wconf 90' lang='lat' dir='ltr'>domini</span> <span class='ocrx_word' id='word_1_328' title='bbox 1053 5350 1219 5418; x_wconf 87' lang='lat' dir='ltr'>vicesimo</span> <span class='ocrx_word' id='word_1_329' title='bbox 1241 5344 1370 5436; x_wconf 84' lang='lat' dir='ltr'>qua&#39;rto</span> <span class='ocrx_word' id='word_1_330' title='bbox 1393 5362 1488 5414; x_wconf 89' lang='lat' dir='ltr'>anno</span> <span class='ocrx_word' id='word_1_331' title='bbox 1512 5345 1732 5431; x_wconf 88' lang='lat' dir='ltr'>principatus</span> <span class='ocrx_word' id='word_1_332' title='bbox 1756 5339 1888 5412; x_wconf 85' lang='lat' dir='ltr'>salerni</span> <span class='ocrx_word' id='word_1_333' title='bbox 1911 5340 2031 5408; x_wconf 89' lang='lat' dir='ltr'>domni</span> <span class='ocrx_word' id='word_1_334' title='bbox 2065 5337 2178 5407; x_wconf 89' lang='lat' dir='ltr'>nostri</span> <span class='ocrx_word' id='word_1_335' title='bbox 2203 5338 2398 5426; x_wconf 82' lang='lat' dir='ltr'>guaimarii</span> 
     </span>
     <span class='ocr_line' id='line_1_28' title="bbox 551 5491 2401 5590; baseline -0.006 -22"><span class='ocrx_word' id='word_1_336' title='bbox 551 5502 698 5590; x_wconf 84' lang='lat' dir='ltr'>gloriosi</span> <span class='ocrx_word' id='word_1_337' title='bbox 725 5503 911 5590; x_wconf 89' lang='lat' dir='ltr'>principis,</span> <span class='ocrx_word' id='word_1_338' title='bbox 935 5507 972 5571; x_wconf 89' lang='lat' dir='ltr'>et</span> <span class='ocrx_word' id='word_1_339' title='bbox 996 5505 1124 5589; x_wconf 84' lang='lat' dir='ltr'>quarto</span> <span class='ocrx_word' id='word_1_340' title='bbox 1141 5519 1236 5571; x_wconf 88' lang='lat' dir='ltr'>aune</span> <span class='ocrx_word' id='word_1_341' title='bbox 1254 5499 1476 5590; x_wconf 87' lang='lat' dir='ltr'>principatus</span> <span class='ocrx_word' id='word_1_342' title='bbox 1492 5499 1569 5566; x_wconf 89' lang='lat' dir='ltr'>eius</span> <span class='ocrx_word' id='word_1_343' title='bbox 1587 5515 1711 5584; x_wconf 84' lang='lat' dir='ltr'>capue,</span> <span class='ocrx_word' id='word_1_344' title='bbox 1736 5501 1771 5564; x_wconf 89' lang='lat' dir='ltr'>et</span> <span class='ocrx_word' id='word_1_345' title='bbox 1786 5498 1890 5564; x_wconf 90' lang='lat' dir='ltr'>tertio</span> <span class='ocrx_word' id='word_1_346' title='bbox 1907 5511 2002 5563; x_wconf 88' lang='lat' dir='ltr'>anno</span> <span class='ocrx_word' id='word_1_347' title='bbox 2018 5493 2175 5576; x_wconf 86' lang='lat' dir='ltr'>ducatus</span> <span class='ocrx_word' id='word_1_348' title='bbox 2187 5494 2264 5561; x_wconf 90' lang='lat' dir='ltr'>eius</span> <span class='ocrx_word' id='word_1_349' title='bbox 2288 5491 2401 5560; x_wconf 79' lang='lat' dir='ltr'>amal·</span> 
     </span>
     <span class='ocr_line' id='line_1_29' title="bbox 548 5647 2399 5745; baseline -0.006 -19"><span class='ocrx_word' id='word_1_350' title='bbox 548 5661 591 5728; x_wconf 90' lang='lat' dir='ltr'>tls</span> <span class='ocrx_word' id='word_1_351' title='bbox 616 5664 651 5728; x_wconf 92' lang='lat' dir='ltr'>et</span> <span class='ocrx_word' id='word_1_352' title='bbox 674 5659 837 5745; x_wconf 86' lang='lat' dir='ltr'>sirrenti‚</span> <span class='ocrx_word' id='word_1_353' title='bbox 862 5675 984 5728; x_wconf 92' lang='lat' dir='ltr'>mense</span> <span class='ocrx_word' id='word_1_354' title='bbox 1007 5657 1186 5744; x_wconf 88' lang='lat' dir='ltr'>ianuario,</span> <span class='ocrx_word' id='word_1_355' title='bbox 1210 5656 1347 5724; x_wconf 89' lang='lat' dir='ltr'>decima</span> <span class='ocrx_word' id='word_1_356' title='bbox 1365 5655 1567 5724; x_wconf 86' lang='lat' dir='ltr'>indictione.</span> <span class='ocrx_word' id='word_1_357' title='bbox 1587 5653 1879 5721; x_wconf 88' lang='lat' dir='ltr'>Memoratorium</span> <span class='ocrx_word' id='word_1_358' title='bbox 1897 5651 2030 5720; x_wconf 86' lang='lat' dir='ltr'>lactum</span> <span class='ocrx_word' id='word_1_359' title='bbox 2047 5670 2070 5720; x_wconf 90' lang='lat' dir='ltr'>a</span> <span class='ocrx_word' id='word_1_360' title='bbox 2087 5668 2143 5719; x_wconf 90' lang='lat' dir='ltr'>me</span> <span class='ocrx_word' id='word_1_361' title='bbox 2160 5647 2308 5718; x_wconf 84' lang='lat' dir='ltr'>alterius</span> <span class='ocrx_word' id='word_1_362' title='bbox 2322 5647 2399 5716; x_wconf 90' lang='lat' dir='ltr'>dia·</span> 
     </span>
    </p>
   </div>
   <div class='ocr_carea' id='block_1_7' title="bbox 549 5802 2398 5899">
    <p class='ocr_par' dir='ltr' id='par_1_7' title="bbox 549 5802 2398 5899">
     <span class='ocr_line' id='line_1_30' title="bbox 549 5802 2398 5899; baseline -0.008 -19"><span class='ocrx_word' id='word_1_363' title='bbox 549 5831 663 5882; x_wconf 90' lang='lat' dir='ltr'>conus</span> <span class='ocrx_word' id='word_1_364' title='bbox 687 5815 970 5899; x_wconf 86' lang='lat' dir='ltr'>archipresbiter</span> <span class='ocrx_word' id='word_1_365' title='bbox 995 5817 1030 5880; x_wconf 90' lang='lat' dir='ltr'>et</span> <span class='ocrx_word' id='word_1_366' title='bbox 1054 5813 1165 5881; x_wconf 88' lang='lat' dir='ltr'>abbas</span> <span class='ocrx_word' id='word_1_367' title='bbox 1188 5809 1334 5879; x_wconf 87' lang='lat' dir='ltr'>ecclesie</span> <span class='ocrx_word' id='word_1_368' title='bbox 1359 5809 1474 5879; x_wconf 91' lang='lat' dir='ltr'>sancti</span> <span class='ocrx_word' id='word_1_369' title='bbox 1502 5807 1663 5893; x_wconf 86' lang='lat' dir='ltr'>maximi,</span> <span class='ocrx_word' id='word_1_370' title='bbox 1688 5825 1755 5892; x_wconf 88' lang='lat' dir='ltr'>que</span> <span class='ocrx_word' id='word_1_371' title='bbox 1772 5806 1841 5874; x_wconf 85' lang='lat' dir='ltr'>sila</span> <span class='ocrx_word' id='word_1_372' title='bbox 1857 5811 1912 5874; x_wconf 86' lang='lat' dir='ltr'>est</span> <span class='ocrx_word' id='word_1_373' title='bbox 1929 5805 2027 5874; x_wconf 89' lang='lat' dir='ltr'>intus</span> <span class='ocrx_word' id='word_1_374' title='bbox 2051 5823 2119 5875; x_wconf 89' lang='lat' dir='ltr'>anc</span> <span class='ocrx_word' id='word_1_375' title='bbox 2142 5802 2398 5872; x_wconf 86' lang='lat' dir='ltr'>salernitanam</span> 
     </span>
    </p>
   </div>
   <div class='ocr_carea' id='block_1_8' title="bbox 0 0 2708 7108">
    <p class='ocr_par' dir='ltr' id='par_1_8' title="bbox 0 0 2708 7108">
     <span class='ocr_line' id='line_1_31' title="bbox 0 0 2708 7108; baseline 0 7"><span class='ocrx_word' id='word_1_376' title='bbox 0 0 2708 7108; x_wconf 95' lang='lat' dir='ltr'> </span> 
     </span>
    </p>
   </div>
  </div>
 </body>
</html>
