5408 7108
982 493 1441 572 DIPLOMATIOUS
2022 496 2095 572 loo

288 722 402 810 ipsius
417 719 565 791 ecclesie
580 723 695 794 sancti
712 719 900 810 gramatii,
917 738 990 789 non
1004 719 1075 791 siat
1090 719 1173 790 inde
1190 721 1399 811 culpavilem
1416 741 1501 811 pars
1518 723 1630 812 ipsius
1647 721 1794 793 ecclesie
1810 724 1928 792 sancti
1943 723 2130 812 gramatii.

289 875 388 945 Etsi
412 878 564 962 parutns
587 875 698 943 suerit
715 878 757 942 ut
780 874 859 961 ipsa
882 892 977 961 aqua
1000 874 1220 944 minuaberit
1242 894 1306 964 per
1328 880 1497 964 tempore,
1515 881 1552 946 et
1568 895 1630 964 per
1657 875 1837 946 rationem
1861 877 1930 945 sivi
1947 837 2143 965 impeteret

293 1045 378 1119 pars
403 1027 516 1116 ipsius
532 1027 678 1098 ecclesie
696 1025 813 1098 sancti
835 1025 987 1096 maximi
1001 1027 1044 1096 de
1059 1027 1138 1115 ipsa
1160 1048 1255 1116 aqua
1270 1030 1511 1116 minuitatem,
1527 1035 1564 1100 et
1579 1047 1651 1098 non
1666 1031 1745 1101 siad
1758 1031 1842 1100 inde
1864 1031 2078 1118 culpavilem
2102 1034 2143 1102 in

289 1199 374 1270 pars
390 1181 507 1269 ipsius
522 1181 669 1250 ecclesie
684 1155 799 1256 saneti
817 1180 983 1250 maximi.
1002 1181 1099 1258 Quod
1111 1183 1143 1252 si
1157 1182 1280 1253 taliter
1295 1183 1415 1252 omnia
1425 1185 1669 1272 suprascripta
1694 1202 1756 1270 per
1771 1185 1974 1272 supradicto
1986 1185 2138 1255 hordine

293 1353 361 1423 ego
384 1337 422 1404 et
436 1336 527 1404 meis
550 1335 812 1404 successoribus
835 1340 872 1405 et
895 1353 980 1423 pars
1003 1335 1116 1424 ipsius
1137 1337 1287 1406 ecclesie
1309 1337 1426 1407 sancti
1449 1339 1619 1426 gramatii
1647 1355 1718 1406 non
1750 1337 2068 1426 adimpleberimus
2101 1340 2142 1408 in

293 1507 377 1575 pars
397 1487 508 1575 ipsius
521 1487 667 1558 ecclesie
680 1490 796 1558 sancti
811 1489 977 1578 maximi,
994 1493 1030 1558 et
1046 1490 1175 1576 aliquit
1190 1489 1273 1558 inde
1288 1493 1471 1559 remobere
1486 1492 1551 1560 aut
1566 1491 1808 1561 contradicere
1824 1491 2062 1578 quesierimus
2075 1509 2140 1579 pro

292 1659 518 1728 quacumque
540 1640 699 1729 ingenio,
723 1643 769 1712 ad
785 1642 1047 1730 compositione
1070 1643 1188 1732 obligo
1206 1661 1261 1712 me
1277 1645 1339 1730 qui
1356 1659 1465 1730 supra
1482 1642 1669 1712 iannacius
1685 1645 1795 1712 abbas
1813 1644 1953 1731 meique
1969 1662 2144 1714 successo·

292 1798 392 1867 ribus
408 1799 444 1865 et
461 1813 546 1882 pars
572 1795 688 1883 ipsius
710 1795 858 1864 ecclesis
881 1795 997 1865 sancti
1021 1795 1197 1882 gramatii
1216 1795 1262 1864 ad
1278 1796 1558 1882 componendum
1581 1797 1621 1864 in
1636 1816 1720 1884 pars
1737 1797 1849 1884 ipsius
1865 1796 2012 1866 ecclesie
2027 1799 2146 1867 sancti
2226 1827 2228 1830 ·

294 1947 445 2018 maximi
469 1953 612 2017 centum
636 1947 716 2018 auri
742 1947 870 2030 solidos
892 1947 1212 2017 constantinianus.
1238 1951 1486 2018 verumtamen
1510 1952 1579 2017 hoc
1608 1968 1842 2020 memoramus
1870 1968 1936 2039 ego
1963 1951 2144 2038 predictus

295 2103 487 2174 iannacius
510 2105 634 2190 abbas,
652 2106 692 2170 ut
709 2119 847 2189 semper
870 2121 955 2190 pars
980 2101 1093 2188 ipsius
1116 2100 1264 2171 ecclesie
1287 2105 1402 2172 sancti
1426 2102 1598 2189 gramatii
1616 2101 1659 2170 de
1682 2104 1760 2188 ipsa
1777 2121 1893 2190 aqua,
1911 2101 2069 2188 qualiter
2086 2118 2147 2168 su-

293 2277 362 2346 pra
386 2258 557 2348 diximus,
577 2259 616 2325 in
640 2277 725 2346 pars
749 2258 862 2346 ipsius
886 2257 1032 2326 ecclesie
1054 2255 1167 2328 sancti
1194 2256 1343 2326 maximi
1368 2256 1414 2326 ad
1437 2257 1515 2343 ipsa
1538 2254 1661 2324 fistula
1684 2255 1781 2325 intus
1798 2257 1838 2324 in
1854 2256 2006 2344 aquaria
2026 2260 2148 2326 vetere

293 2413 508 2502 portandum
533 2412 626 2499 illut,
652 2411 711 2481 ubi
738 2411 890 2480 voluerit
912 2416 948 2479 et
972 2409 1126 2498 qualiter
1145 2408 1312 2496 voluerit,
1329 2427 1392 2497 per
1408 2407 1653 2495 suprascripta
1677 2408 1836 2495 obligata
1860 2425 1968 2497 pena.
1995 2410 2042 2476 De
2067 2410 2148 2495 qui·

295 2569 361 2636 bus
383 2568 452 2638 due
474 2567 613 2638 cartule
638 2568 744 2634 unius
767 2566 903 2634 tenoris
927 2565 1009 2633 inde
1032 2563 1162 2650 scripte
1185 2567 1281 2650 sunt,
1295 2567 1334 2632 ut
1358 2564 1397 2631 in
1414 2563 1496 2632 aliis
1512 2563 1624 2632 modis
1640 2565 1879 2632 transmutata
1902 2579 1975 2630 non
1992 2562 2055 2640 sit3
2074 2563 2149 2634 ista

295 2719 388 2806 quod
412 2719 477 2787 tivi
500 2717 659 2805 predicto
682 2717 787 2786 alferi
811 2718 934 2786 abbati
957 2717 1155 2804 emisimus,
1178 2721 1215 2786 et
1237 2716 1311 2786 alia
1334 2715 1407 2786 tale
1430 2720 1550 2812 nostre
1572 2715 1756 2803 potestatis
1779 2718 2010 2806 retinemus,
2032 2721 2068 2787 et
2091 2722 2149 2788 ta·

296 2869 378 2940 liter
401 2887 465 2957 per
488 2871 654 2940 notitiam
669 2873 706 2938 et
722 2871 1034 2940 demandationem
1060 2867 1175 2956 ipsius
1197 2869 1386 2956 grimoaldi
1405 2869 1526 2938 comiti
1543 2874 1579 2939 et
1602 2869 1726 2958 iudici,
1742 2873 1827 2939 ante
1843 2871 1945 2940 cuius
1961 2871 2149 2957 presentia

297 3023 431 3092 sactum
454 3024 534 3112 luit,
558 3023 768 3112 scripsi'ego
788 3023 982 3110 myrandus
1004 3023 1182 3092 notarius.
1207 3027 1288 3092 actu
1312 3023 1468 3092 salerno.

347 3149 377 3264 †
402 3180 477 3267 Ego
500 3178 562 3265 qui
587 3196 697 3264 supra
720 3176 890 3264 grimoalt
914 3193 1029 3246 comes
1052 3181 1088 3246 et
1112 3176 1222 3246 iudex

340 3301 378 3418 †
403 3349 469 3419 ego
491 3331 554 3420 qui
577 3349 687 3420 supra
710 3333 924 3402 ioannacius
946 3334 1067 3402 abbas.

1020 3644 1444 3664 ffl-

1179 4039 1281 4122 ΜΙ.

1076 4369 1135 4443 Α.
1163 4370 1219 4444 D.
1248 4367 1377 4443 1042.

355 4643 390 4784 †
418 4695 460 4760 ln
483 4692 628 4762 nomine
655 4689 789 4758 domini
813 4686 981 4759 vicesimo
1003 4694 1131 4778 quarto
1153 4709 1249 4760 anno
1271 4693 1497 4780 principatus
1518 4695 1653 4764 salerni
1676 4693 1796 4762 domni
1820 4694 1934 4762 nostri
1958 4691 2156 4781 guaimarii

302 4846 474 4936 glorioso
499 4846 673 4934 principe,
697 4845 743 4913 Et
760 4848 889 4932 quarto
912 4861 1008 4913 anno
1030 4845 1254 4933 principatus
1277 4847 1354 4915 eius
1377 4865 1490 4936 capue
1505 4851 1542 4918 et
1563 4849 1713 4917 ducatus
1736 4849 1813 4916 eius
1835 4845 1970 4934 amalfi,
1995 4851 2031 4916 et
2052 4848 2159 4916 tertio

317 5018 416 5072 anno
441 5002 591 5072 ducatus
613 5002 693 5071 eius
717 5000 880 5086 sirrenti,
907 5018 1014 5087 quam
1031 5004 1068 5068 et
1082 5001 1196 5086 primo
1213 5017 1308 5069 anno
1331 5001 1653 5090 suprascriptorum
1675 5001 1916 5088 principatum
1931 5003 1967 5068 et
1990 4999 2158 5068 ducatum

309 5154 441 5237 domni
465 5155 584 5244 gisolfi
606 5154 734 5226 eximii
757 5153 932 5241 principis
947 5157 983 5222 et
999 5153 1101 5221 ducis
1123 5152 1218 5222 illius
1235 5153 1329 5242 eius,
1346 5171 1469 5222 mense
1492 5154 1625 5242 iunius,
1648 5153 1787 5222 decima
1802 5153 2009 5222 indictione.
2029 5155 2158 5222 Memo-

316 5307 501 5377 ratorium
525 5307 621 5378 sactu
646 5325 669 5375 a
691 5324 748 5374 me
770 5305 825 5372 leo
849 5305 1023 5374 diaconus
1047 5305 1192 5375 ecclesie
1207 5309 1321 5376 sancti
1337 5310 1510 5399 massimi,
1525 5327 1566 5378 eo
1582 5309 1674 5396 quod
1696 5313 1780 5378 ante
1795 5309 2012 5397 presentiam
2035 5308 2156 5376 domni

317 5458 467 5529 adelferi
493 5461 629 5547 abbati,
652 5459 714 5548 qui
739 5466 793 5530 est
825 5478 937 5529 unum
960 5462 1005 5532 de
1026 5462 1161 5530 domini
1196 5463 1309 5548 ipsius
1331 5463 1480 5532 ecclesie
1503 5461 1619 5532 sancti
1642 5463 1826 5550 massimi,
1851 5462 1974 5550 ibique
1997 5463 2162 5532 adessent

316 5609 512 5698 subscripti
536 5612 658 5698 testes,
682 5629 745 5698 per
768 5612 1078 5684 demandationem
1101 5616 1213 5703 ipsius
1230 5615 1349 5684 domni
1365 5615 1487 5683 abbati
1504 5615 1636 5685 tradidi
1651 5617 1697 5686 ad
1713 5618 1906 5687 tenendum
1929 5623 1967 5687 et
1992 5619 2161 5689 laboran-

311 5763 397 5832 dum
422 5765 584 5856 iohanni,
601 5768 664 5855 qui
680 5767 812 5838 dicitur
834 5787 994 5856 grecum,
1019 5767 1093 5836 lilio
1114 5768 1219 5857 leoni,
1234 5771 1271 5838 et
1285 5767 1437 5839 maraldi
1454 5768 1528 5840 lilio
1551 5771 1701 5840 iohanni
1723 5769 1896 5841 abitatori
1912 5771 1956 5840 de
1974 5773 2067 5860 rota,
2087 5789 2161 5840 una
