5408 7108
608 517 677 588 2⁹2ss
1254 513 1430 587 GODEX
1463 513 1727 587 clvENsls

563 759 649 827 una,
675 741 768 810 idria
793 763 879 829 una,
903 743 1005 812 codta
1028 759 1113 811 una.
1141 743 1295 810 Homnes
1318 742 1527 828 supradicta
1551 740 1706 828 movilia,
1729 758 1812 808 cum
1835 741 1912 826 ipsa
1935 738 2111 809 animalia
2142 737 2231 807 mibi
2248 737 2407 807 tradide-

561 900 649 964 runt
671 903 707 965 et
732 899 1038 986 adsingnaberunt
1060 896 1124 1006 tali
1151 896 1292 980 ordine,
1317 900 1357 963 ut
1380 895 1503 963 amodo
1527 902 1562 964 et
1585 897 1725 964 eunctis
1748 898 1873 965 diebus
1896 899 1968 966 vite
1993 913 2071 964 mee
2086 914 2143 964 me
2158 895 2206 962 sit
2223 893 2409 980 potestatis

560 1071 643 1120 cum
661 1051 906 1138 ipsaecclesia
921 1058 958 1119 et
973 1071 1054 1120 cum
1077 1052 1173 1118 omni
1191 1053 1410 1138 pertinentia
1426 1051 1539 1121 eidem
1555 1050 1701 1119 ecclesie
1716 1048 1797 1118 illut
1812 1049 2015 1126 tenendum,
2033 1053 2068 1118 et
2084 1047 2353 1132 dominandum,
2372 1048 2410 1111 et

511 1210 514 1216 '
560 1203 850 1290 guvernandum,
876 1209 912 1270 et
935 1205 1033 1272 fovee
1050 1209 1086 1271 et
1105 1207 1221 1272 omnis
1244 1210 1363 1274 nostre
1387 1202 1555 1272 utilitatis
1579 1201 1673 1270 iusta
1696 1169 1868 1269 rationem
1893 1200 1936 1266 in
1956 1204 2033 1287 ipsa
2057 1202 2162 1269 rebus
2178 1197 2337 1285 predicte
2353 1214 2408 1263 ec·

561 1355 669 1424 clesie
692 1364 728 1426 et
752 1361 790 1424 in
817 1360 895 1444 ipsa
919 1356 1069 1426 ecclesia
1094 1357 1279 1442 iaciamus,
1304 1360 1340 1424 et
1364 1354 1478 1424 licead
1501 1373 1556 1422 me
1582 1403 1774 1422 ......
1801 1355 1846 1422 ad
1877 1353 2087 1424 avitandum
2111 1357 2147 1420 et
2174 1347 2407 1419 lavorandum

560 1515 600 1581 in
626 1515 732 1582 rebus
757 1514 872 1600 ipsius
895 1513 1043 1582 ecclesio
1067 1514 1214 1598 quantis
1237 1519 1272 1581 et
1296 1511 1467 1599 quomodo
1491 1509 1732 1596 boluerimus,
1766 1513 1802 1577 et
1825 1508 1921 1575 omni
1946 1512 2103 1594 tempore
2128 1504 2242 1574 abead
2267 1504 2317 1570 ibi
2342 1523 2408 1591 ego

562 1665 717 1734 domnus
745 1668 921 1752 presbiter
946 1666 1006 1752 qui
1030 1669 1159 1734 officiet
1182 1669 1261 1751 ipsa
1286 1665 1435 1734 ecelesia
1458 1664 1515 1730 die
1539 1669 1714 1749 noctuque
1738 1662 1879 1748 cotidie,
1903 1661 2042 1748 quando
2069 1676 2135 1746 ego
2162 1657 2304 1744 quando
2332 1657 2408 1744 ille,

560 1819 654 1887 sicut
678 1817 854 1888 meruerit
879 1817 987 1888 talem
1010 1819 1159 1886 ecclesia
1184 1818 1329 1903 villana,
1356 1817 1502 1903 quodsi
1527 1816 1742 1885 voluerimus
1766 1817 1815 1882 ibi
1840 1815 2027 1884 monachos
2059 1813 2199 1879 mittere
2237 1811 2291 1877 vel
2327 1809 2405 1895 plus

562 1972 794 2059 presbiteros,
819 1977 1028 2058 potestatem
1054 1974 1222 2040 abeamus
1247 1972 1317 2038 illis
1341 1971 1471 2040 ibidem
1494 1971 1634 2039 mittere
1659 1976 1694 2038 et
1717 1989 1822 2038 avere
1848 1971 2065 2056 usquedum
2091 1969 2177 2038 mihi
2207 1970 2407 2056 placuerit:

561 2131 717 2214 tantum,
741 2133 782 2196 ut
807 2125 978 2213 diximuS,
1003 2125 1076 2193 sive
1100 2143 1211 2191 unum
1236 2125 1470 2210 presviterum
1495 2143 1566 2192 non
1592 2127 1641 2194 ibi
1665 2125 1755 2211 siad,
1783 2127 1844 2211 qui
1862 2129 1967 2211 regat
1983 2132 2019 2192 et
2035 2125 2164 2192 officiet
2189 2127 2266 2210 ipsa
2290 2129 2405 2193 eccle-

542 2243 628 2367 ¹‘sia,
646 2280 741 2347 sicut
765 2280 942 2366 diximus,
967 2279 1092 2348 diebus
1108 2299 1150 2348 sc
1166 2279 1342 2366 noctibus,
1359 2284 1394 2346 et
1410 2288 1546 2366 quanta
1561 2279 1697 2364 offerta,
1715 2283 1751 2346 et
1767 2279 1959 2363 volatione,
1976 2287 2015 2344 et
2032 2279 2228 2364 sepultura,
2246 2269 2282 2347 et
2300 2297 2410 2364 pensa

561 2433 615 2500 vel
638 2432 799 2519 qualibet
824 2453 899 2502 rem
925 2434 1051 2500 movile
1077 2436 1112 2498 in
1141 2435 1217 2518 ipsa
1240 2432 1389 2501 ecclesia
1416 2437 1621 2519 intraverit,
1645 2437 1755 2500 totum
1782 2449 1856 2499 mee
1886 2434 1933 2498 sit
1969 2433 2167 2516 potestatis,
2206 2431 2406 2500 iaciendum

561 2587 645 2654 inde
670 2588 761 2674 quod
786 2588 877 2654 mihi
903 2587 1096 2673 placuerit,
1121 2593 1259 2654 tantum
1286 2588 1315 2654 si
1340 2587 1529 2655 intraverit
1551 2587 1595 2654 ad
1620 2588 1698 2672 ipsa
1721 2587 1871 2654 ecclesia
1888 2585 2058 2653 animalia
2078 2587 2159 2654 viba
2178 2585 2232 2652 vel
2248 2585 2408 2671 qualibet

562 2759 650 2827 rem,
667 2758 735 2826 que
751 2740 797 2808 sit
825 2744 1076 2809 ornamentum
1101 2740 1212 2826 ipsius
1235 2739 1394 2825 ecclesie,
1412 2757 1549 2824 semper
1569 2739 1650 2806 illut
1665 2755 1731 2826 ego
1748 2737 1859 2812 abead
1877 2738 1921 2805 ad
1940 2738 2134 2825 regendum
2152 2743 2187 2806 et
2204 2756 2409 2824 guvernan-

562 2892 646 2960 dum
671 2893 764 2980 illut,
783 2893 875 2961 sicut
903 2894 981 2980 ipsa
1005 2893 1077 2960 alia
1103 2893 1207 2960 rebus
1231 2891 1387 2979 predicte
1412 2893 1570 2960 ecclesie.
1594 2894 1744 2960 Tantum
1768 2910 1830 2977 per
1854 2909 1990 2958 omnem
2016 2909 2151 2958 annum
2175 2910 2239 2977 pro
2263 2909 2409 2958 censum

561 3045 694 3114 exinde
718 3045 855 3130 demus,
873 3049 913 3110 ut
929 3043 1129 3128 dirigamus
1154 3041 1295 3109 illorum
1319 3043 1418 3109 intus
1441 3061 1510 3110 anc
1535 3045 1631 3110 cibes
1655 3043 1795 3111 salerno
1819 3043 1863 3110 ad
1883 3045 2005 3110 domus
2022 3043 2165 3111 illorum
2181 3044 2217 3108 in
2236 3043 2407 3112 nativitas

562 3197 697 3264 domini
721 3201 757 3263 et
781 3197 818 3264 in
844 3213 952 3282 pasca
979 3195 1251 3263 resurrectionis
1274 3195 1406 3265 domini
1431 3196 1504 3264 tria
1529 3199 1631 3282 paria
1654 3197 1695 3264 de
1719 3198 1834 3263 oblate
1859 3202 1894 3263 et
1920 3199 1991 3264 tria
2014 3197 2112 3264 ceria
2137 3195 2180 3264 de
2196 3196 2326 3282 guvilu
2350 3213 2411 3282 per

564 3347 790 3432 unasquique
813 3345 1020 3432 festivitate,
1045 3353 1079 3414 et
1107 3365 1169 3433 per
1193 3365 1331 3415 omnem
1349 3365 1482 3416 annum
1499 3347 1623 3416 diebus
1638 3348 1710 3416 vite
1727 3366 1803 3416 mee
1820 3353 1892 3414 tote
1908 3349 2022 3415 vineis
2039 3349 2154 3432 ipsius
2168 3347 2314 3415 ecclesie
2333 3365 2412 3432 per-

564 3498 718 3566 tinentes
744 3497 956 3583 laboremne,
984 3517 1044 3566 seu
1073 3498 1237 3567 laborare
1262 3501 1434 3567 faciamus
1458 3501 1500 3566 de
1523 3518 1628 3586 super
1651 3506 1686 3566 et
1702 3500 1745 3566 de
1760 3501 1899 3583 subtus,
1913 3497 2007 3564 sicut
2020 3498 2190 3564 meruerit
2206 3496 2303 3563 locus
2319 3497 2405 3582 ipse,

562 3655 604 3716 ut
629 3649 800 3735 proficiad
824 3650 862 3716 in
886 3649 1013 3716 melius
1037 3653 1073 3716 et
1099 3667 1169 3715 non
1193 3650 1390 3735 disper-ead.
1416 3652 1459 3718 Et
1481 3653 1594 3718 omnis
1618 3651 1741 3719 vinum
1763 3655 1800 3719 et
1824 3669 1928 3737 poma
1951 3655 1987 3718 et
2011 3650 2159 3736 victum,
2184 3657 2219 3717 et
2250 3649 2412 3736 quitquit

561 3803 716 3870 frudium
741 3821 805 3871 seu
829 3804 972 3888 prodem
997 3820 1218 3887 perannum
1244 3803 1325 3870 inde
1350 3822 1453 3870 avere
1477 3812 1635 3890 potuero,
1660 3811 1771 3874 toturn
1796 3824 1872 3872 mee
1896 3807 1942 3872 sit
1967 3804 2151 3889 potestatis
2165 3853 2175 3889 ,
2207 3801 2410 3871 faciendum

562 3955 644 4022 inde
670 3944 762 4040 quod
786 3956 873 4022 mihi
901 3955 1090 4040 placuerit,
1118 3962 1153 4023 et
1174 3973 1324 4042 semper,
1350 3956 1493 4040 quando
1517 3957 1689 4023 meruerit
1713 3957 1791 4043 ipsa
1814 3956 1966 4024 ecclesia
1988 3959 2193 4042 cooperire,
2223 3973 2287 4043 ego
2312 3955 2411 4024 illam

563 4109 743 4193 cooperire
766 4109 910 4194 seciam,
936 4113 972 4176 et
995 4107 1074 4194 ipsa
1098 4085 1241 4176 movilia
1267 4114 1303 4175 et
1328 4109 1404 4193 ipsa
1421 4108 1594 4178 animalia
1610 4111 1783 4179 iaciamus
1799 4111 1913 4196 salba,
1930 4111 2023 4178 sicut
2038 4109 2223 4196 meruerit,
2235 4113 2270 4176 et
2287 4128 2411 4178 curam

563 4265 602 4328 et
626 4260 873 4370 vigilationem
900 4255 983 4327 inde
1007 4227 1191 4346 abeamus,
1217 4265 1270 4346 ut,
1294 4261 1358 4328 deo
1381 4259 1563 4349 aiebante,
1588 4263 1756 4348 prolicied
1782 4265 1857 4349 ipsa
1881 4261 2054 4331 animalia
2068 4282 2077 4348 ;
2103 4265 2257 4348 tantum,
2283 4263 2411 4348 quanti

563 4413 699 4502 pollitri
724 4415 766 4481 de
802 4413 961 4482 iumente
984 4415 1141 4498 predicte
1178 4415 1328 4483 ecclesie
1360 4421 1395 4482 et
1417 4417 1526 4502 gengi
1551 4416 1594 4484 de
1619 4435 1723 4484 vacce
1747 4418 1904 4503 predicte
1926 4418 2073 4486 ecclesie
2098 4435 2159 4503 per
2183 4434 2318 4518 annum
2342 4417 2411 4482 orti

563 4568 713 4652 suerint,
738 4569 882 4637 tertiam
906 4573 1043 4652 partem
1072 4567 1156 4636 inde
1181 4571 1269 4636 mihi
1292 4569 1413 4657 tollad,
1438 4570 1638 4639 iaciendum
1656 4569 1737 4638 inde
1753 4570 1844 4657 quod
1862 4571 1949 4638 mihi
1967 4568 2155 4655 placuerit,
2174 4570 2313 4656 reliqua
2330 4571 2416 4637 bero

566 4725 641 4789 tres
664 4729 766 4808 parte
790 4724 958 4791 abeamus
982 4742 1046 4808 pro
1070 4723 1260 4791 emendum
1285 4725 1366 4792 inde
1384 4725 1475 4811 qnod
1494 4728 1734 4794 necessarium
1750 4725 1859 4792 luerit
1875 4743 1939 4810 pro
1955 4724 2153 4811 regendum
2166 4732 2416 4812 etguvernan·

566 4831 764 4944 dum'inde
790 4877 896 4942 rebus
919 4883 955 4945 et
979 4895 1090 4946 causa
1113 4877 1270 4964 predicte
1293 4879 1453 4945 ecclesie:
1478 4883 1513 4946 et
1535 4881 1661 4964 quanti
1685 4879 1751 4946 filii
1775 4885 1811 4944 et
1834 4877 1904 4944 filie
1928 4877 1971 4944 de
1995 4880 2069 4964 ipse
2084 4877 2202 4944 scurie
2226 4883 2261 4944 et
2284 4877 2326 4944 de
2343 4874 2415 4943 alie

568 5034 687 5098 scurie
711 5034 868 5118 predicte
892 5030 1039 5100 ecclesie
1063 5033 1270 5101 annualiter
1292 5033 1361 5099 orti
1387 5034 1523 5100 fuerint
1536 5082 1546 5120 ,
1572 5033 1701 5101 exinde
1724 5035 1890 5102 tollamus
1913 5040 1948 5101 et
1970 5035 2168 5121 iaciamus,
2192 5036 2285 5102 sicut
2309 5051 2418 5121 supra

574 5185 745 5272 diximus,
770 5187 885 5255 iacere
910 5193 946 5254 et
970 5189 1094 5255 tollere
1118 5187 1161 5255 de
1185 5188 1253 5273 ipsi
1278 5188 1388 5274 gergi
1410 5193 1446 5255 et
1469 5189 1511 5256 de
1535 5188 1601 5274 ipsi
1627 5186 1778 5274 pollitri3
1795 5187 2023 5273 spurolatura
2039 5187 2082 5256 de
2098 5189 2173 5275 ipse
2188 5187 2309 5256 scurie
2324 5193 2360 5255 et
2376 5186 2418 5255 de

566 5345 746 5426 quantum
769 5358 857 5407 casu
881 5349 917 5408 et
940 5341 1033 5409 lacte
1053 5341 1095 5409 de
1122 5343 1230 5410 bacce
1246 5339 1405 5426 predicte
1421 5339 1567 5408 ecclesie
1583 5338 1703 5426 suerit,
1722 5344 1834 5407 totum
1851 5358 1927 5408 mee
1944 5343 1990 5410 sit
2001 5343 2201 5429 potestatis,
2218 5341 2418 5409 iaciendum

576 5494 659 5562 inde
682 5495 773 5580 quod
797 5493 885 5562 mihi
911 5491 1103 5579 placuerit,
1127 5498 1164 5560 et
1186 5497 1398 5578 potestatem
1423 5511 1592 5578 aveamus
1613 5493 1656 5560 de
1680 5491 1758 5578 ipsa
1784 5539 1976 5560 ......
2002 5494 2045 5562 de
2083 5497 2149 5581 ipsi
2177 5494 2300 5580 porei,
2328 5493 2420 5580 quod

574 5649 719 5715 venerit
744 5648 789 5715 ad
813 5652 890 5733 ipsa
913 5645 1076 5732 eeclesia,
1101 5645 1183 5713 inde
1207 5645 1330 5714 tollere
1355 5665 1419 5734 pro
1442 5647 1583 5716 nutrire
1607 5647 1652 5717 ad
1676 5667 1847 5717 manuum
1866 5647 2040 5717 iaciamus
2056 5665 2118 5732 per
2135 5663 2272 5715 annum
2289 5649 2422 5734 pingue

567 5819 632 5886 pro
656 5808 778 5869 nostra
805 5800 976 5886 utilitate3
1002 5807 1038 5868 et
1066 5801 1208 5886 quando
1234 5798 1448 5868 voluerimus
1471 5817 1601 5886 ponere
1624 5811 1728 5886 opere
1747 5818 1814 5886 pro
1838 5801 2023 5868 servitium
2047 5799 2101 5869 vel
2120 5815 2182 5886 pro
2200 5800 2320 5869 lavore
2336 5817 2421 5886 pre·
