5408 7108
612 517 683 594 266
1263 531 1441 606 consil
1475 529 1743 602 CAVENSlS

562 745 608 814 do
630 745 717 817 illuc
739 755 955 842 perrexerit,
979 755 1035 823 vel
1058 774 1144 843 pars
1166 755 1279 843 ipsius
1302 757 1450 826 ecclesie
1473 776 1553 824 cum
1577 755 1755 825 ominibus
1778 763 1815 825 et
1837 756 1940 843 equis
1964 754 2120 842 illorum,
2142 755 2237 842 quod
2264 754 2337 822 illis
2358 773 2417 822 sa·

569 919 652 970 cnm
674 903 918 982 adduxerint,
943 925 1052 993 quam
1074 913 1112 976 et
1134 907 1308 978 faciamus
1330 909 1381 978 ibi
1405 909 1478 980 alio
1499 910 1653 978 reditum
1676 908 1875 995 propinquo
1897 907 1974 994 ipso
2003 906 2209 992 cellarium,
2235 913 2274 974 at
2308 923 2418 993 pona-

570 1073 649 1124 mus
672 1057 803 1126 ibidem
827 1059 983 1127 ominem
1008 1062 1140 1130 bonum
1162 1063 1210 1132 ad
1232 1064 1457 1150 abbandum,
1481 1063 1543 1149 qui
1567 1061 1699 1130 cotidie
1724 1061 1773 1129 ibi
1799 1061 1953 1130 resideat
1976 1068 2013 1129 et
2034 1060 2162 1148 bigilet
2185 1063 2263 1146 ipsa
2296 1059 2422 1145 rebus,

569 1211 607 1274 et
628 1207 765 1276 salbum
789 1210 962 1280 faciamus
984 1213 1060 1300 ipso
1084 1215 1207 1281 vinum
1233 1215 1347 1300 ipsius
1371 1215 1520 1282 ecclesie
1543 1211 1766 1300 annualiter,
1789 1215 1900 1282 donec
1924 1212 2007 1282 illut
2032 1211 2115 1280 inde
2141 1211 2264 1296 tollad,
2288 1212 2422 1297 absque

569 1359 848 1449 degeneratione
871 1371 910 1431 11
934 1367 1065 1453 ingne3
1088 1371 1127 1435 11
1148 1369 1291 1453 quando
1317 1387 1381 1454 pro
1407 1386 1542 1436 annum
1566 1367 1697 1436 ibidem
1721 1367 1889 1436 benerint
1905 1370 1980 1453 ipse
1996 1367 2108 1434 abbas
2121 1367 2268 1452 suisque
2284 1381 2426 1431 succes·

564 1515 719 1602 aeribus,
745 1516 800 1586 vel
826 1535 911 1605 pars
932 1519 1048 1606 ipsius
1071 1519 1220 1590 ecclesie
1243 1539 1308 1608 pro
1331 1523 1407 1608 ipso
1430 1521 1556 1589 vinum
1571 1520 1697 1590 atalia
1712 1520 1831 1590 lrudia
1848 1521 2001 1608 indeque
2024 1519 2269 1606 recipiendum
2284 1518 2340 1587 vel
2357 1535 2422 1604 pro

566 1663 692 1753 aliqua
716 1671 980 1757 necessitatem,
1003 1688 1068 1738 nos
1091 1671 1167 1740 illis
1182 1674 1396 1759 nutriamus,
1413 1673 1507 1740 sicut
1522 1674 1694 1740 meruerit
1709 1677 1746 1740 et
1761 1690 1825 1740 nos
1841 1673 1952 1739 luerit
1967 1670 2250 1758 possivilitatam
2266 1676 2303 1739 et
2317 1689 2365 1757 qu
2372 1671 2423 1736 11-

570 1820 652 1910 quit
674 1839 738 1909 pro
762 1842 898 1891 annum
922 1825 974 1892 ibi
996 1827 1307 1914 seminaberimus,
1334 1832 1449 1896 totum
1474 1825 1556 1895 illut
1578 1825 1682 1894 nobis
1704 1827 1896 1895 abeamus:
1921 1830 2063 1895 tantum
2093 1824 2305 1894 terraticum
2338 1821 2423 1890 inde

573 1973 697 2046 demus
720 1977 842 2064 ibique
865 1978 910 2046 ad
934 1997 1020 2047 area
1045 1978 1143 2048 intus
1167 1981 1245 2065 ipsa
1272 2032 1430 2047 .....
1455 1982 1604 2048 missum
1627 1982 1738 2066 ipsius
1761 1978 1910 2047 ecclesie
1932 1979 2128 2047 secundum
2144 1975 2359 2044 consuetudo
2381 1974 2425 2042 de

572 2137 649 2218 ipso
672 2133 800 2218 locum,
824 2137 861 2200 et
883 2135 995 2209 stetit,
1022 2136 1062 2201 ut
1087 2134 1119 2201 si
1144 2135 1307 2220 partibus
1331 2134 1444 2220 ipsius
1467 2132 1616 2202 ecclesie
1633 2149 1854 2220 quocumque
1870 2137 2027 2216 tempore
2044 2128 2199 2197 boluerit
2213 2129 2332 2196 lacera
2349 2125 2424 2194 edi-

566 2281 689 2352 ficium
715 2284 812 2352 inira
837 2285 1011 2356 iamdicta
1034 2293 1148 2374 11111,
1173 2291 1383 2374 potestatem
1406 2288 1520 2356 abead
1545 2307 1628 2374 pars
1651 2287 1763 2375 ipsius
1786 2286 1934 2355 ecclesie
1957 2286 2142 2374 arcaturis
2166 2283 2215 2350 ibi
2243 2283 2363 2350 fodere
2387 2287 2425 2349 at

570 2433 729 2503 sedimen
752 2443 789 2503 11
816 2487 1049 2504 .......
1075 2438 1199 2507 ordine
1221 2439 1265 2507 de
1287 2441 1366 2525 ipsa
1389 2439 1523 2508 molina
1547 2441 1598 2509 ibi
1622 2458 1752 2526 ponere
1775 2447 1812 2508 et
1843 2440 1961 2509 facere
1967 2491 2161 2506 ......
2186 2440 2264 2506 1111
2298 2439 2424 2504 111111

568 2591 852 2677 contrarietate3
876 2595 914 2659 et
935 2592 967 2658 si
992 2591 1209 2660 boluerimus
1231 2595 1269 2659 in
1291 2593 1372 2680 ipsa
1396 2599 1492 2661 corte
1509 2595 1625 2662 lacere
1647 2594 1817 2662 rosarium
1841 2593 1888 2661 da
1912 2593 2037 2659 vinum
2072 2589 2299 2674 curandum,
2324 2591 2425 2673 pote-

572 2745 704 2812 statem
728 2745 912 2830 abaamus,
935 2747 973 2812 et
995 2745 1090 2814 iusto
1111 2745 1339 2814 luseraticum
1364 2745 1445 2814 inde
1469 2747 1591 2815 demus
1615 2746 1735 2833 ibique
1760 2747 1797 2814 in
1822 2765 1905 2834 pars
1929 2744 2043 2831 ipsius
2057 2744 2207 2812 ecclesie
2221 2741 2419 2811 secundum

577 2895 797 2964 consuetudo
819 2895 863 2964 de
887 2898 963 2984 ipso
987 2896 1115 2983 locum,
1140 2903 1177 2966 et
1198 2901 1298 2967 stetit
1322 2898 1398 2986 ipso
1420 2902 1532 2968 abbas
1554 2898 1612 2968 vel
1635 2919 1717 2986 pars
1741 2900 1855 2988 ipsius
1878 2900 2027 2968 ecclesie
2061 2915 2200 2984 semper
2234 2895 2425 2964 defensare

574 3049 677 3116 nobis
700 3050 901 3135 nostrisque
923 3048 1090 3118 aradibus
1114 3050 1242 3118 inclita
1265 3051 1341 3138 ipsa
1364 3051 1508 3120 tertiam
1531 3057 1668 3138 partem
1692 3053 1736 3120 de
1759 3052 1837 3140 ipsa
1861 3052 2053 3121 traditione
2077 3068 2159 3119 cum
2184 3051 2261 3117 bice
2284 3047 2328 3115 de
2363 3045 2424 3114 via

577 3219 642 3272 sua
664 3203 711 3271 ab
733 3203 898 3270 omnibus
919 3204 1124 3273 hominibus
1149 3207 1315 3292 omnique
1339 3205 1514 3292 partibus.
1541 3210 1674 3290 preter,
1699 3203 1805 3292 quale
1828 3209 1986 3290 tempore
2009 3203 2089 3271 illut
2111 3207 2235 3270 tenere
2261 3203 2298 3268 11
2322 3197 2419 3266 1111-

575 3375 658 3428 1111
681 3355 912 3443 1111111111,
936 3363 1095 3425 autnon
1118 3357 1352 3442 potuerimus,
1377 3357 1502 3425 inclita
1525 3358 1734 3445 supradicta
1756 3357 1947 3426 traditione
1972 3375 2034 3444 per
2058 3355 2245 3426 iamdictas
2268 3355 2358 3421 lines
2380 3359 2418 3420 et

572 3529 774 3600 mensuras,
797 3510 888 3598 quod
912 3517 966 3580 est
988 3510 1068 3598 ipsa
1091 3515 1200 3582 tertia
1218 3531 1302 3601 pars
1320 3513 1495 3599 laborata,
1513 3509 1714 3586 1111111111,
1732 3515 1769 3578 et
1783 3515 1932 3596 operata
1946 3510 1992 3578 de
2007 3509 2172 3596 perlectis
2194 3507 2423 3578 1111111111-

570 3667 660 3736 tatis
682 3669 720 3736 et
743 3668 869 3755 pomis,
893 3668 993 3736 etde
1016 3668 1172 3755 perlecto
1195 3667 1456 3738 abellanietum
1480 3665 1678 3736 studiatum
1703 3670 1739 3734 et
1761 3664 1947 3750 cultatem,
1972 3683 2035 3732 seu
2058 3663 2088 3730 si
2121 3663 2204 3733 aliis
2227 3664 2417 3731 arboribus

574 3819 787 3907 fructiferis,
812 3821 1036 3891 remittamus
1061 3820 1144 3891 illut
1166 3821 1212 3890 ad
1236 3839 1321 3908 pars
1343 3821 1455 3908 ipsius
1478 3819 1624 3889 ecclesie
1647 3838 1727 3887 cum
1744 3818 1818 3906 ipso
1836 3817 2021 3886 cellarium
2037 3817 2127 3905 quod
2146 3814 2196 3884 ibi
2214 3817 2332 3885 iacere
2346 3822 2418 3884 ste-

575 3971 633 4051 tit,
659 3970 795 4040 clusum
813 3975 1009 4058 copertum,
1028 3974 1121 4040 sicut
1144 3973 1331 4058 meruerit,
1346 3979 1383 4041 et
1397 3991 1479 4040 cum
1494 3973 1715 4058 palmentum
1737 3972 1895 4057 quodibi
1912 3973 2064 4059 abuerit,
2082 3971 2145 4058 qui
2161 3970 2209 4038 sit
2231 3973 2415 4056 copertum

578 4126 720 4212 bonum,
744 4131 781 4193 et
804 4125 913 4195 etiam
936 4143 1075 4214 semper
1098 4129 1174 4214 ipso
1198 4126 1415 4213 palmentum
1440 4127 1623 4212 copertum
1646 4125 1827 4209 abeamus,
1850 4123 1961 4191 donec
1983 4139 2046 4190 nos
2069 4121 2149 4209 ipsa
2171 4123 2278 4190 rebus
2293 4127 2418 4189 tenua·

574 4277 687 4346 rimus
710 4283 746 4348 et
769 4283 844 4348 tota
867 4295 1027 4366 organea
1050 4279 1183 4347 111111
1207 4296 1316 4347 causa
1340 4279 1453 4365 ipsius
1476 4275 1623 4344 ecclesie
1645 4294 1735 4362 quas
1759 4276 2045 4360 1111111111111,
2063 4278 2176 4342 totum
2193 4273 2276 4342 illut
2293 4276 2419 4342 remit-

578 4433 709 4518 tamus,
736 4430 774 4498 in
797 4449 882 4516 pars
906 4431 1017 4518 ipsius
1039 4429 1200 4518 ecclesia,
1225 4437 1261 4498 et
1285 4431 1398 4501 licead
1421 4448 1484 4498 nos
1507 4437 1543 4498 et
1566 4430 1699 4499 nostris
1715 4429 1879 4498 aradibus
1895 4438 1930 4496 et
1947 4431 2062 4515 ipsum
2077 4427 2234 4496 ominem
2249 4427 2344 4516 quod
2363 4429 2418 4496 ibi

571 4584 794 4671 posuerimus
815 4583 861 4652 ad
885 4581 1142 4652 defensandum
1166 4589 1203 4652 et
1226 4583 1460 4672 uigilandum,
1487 4581 1569 4650 inde
1592 4583 1695 4650 exire
1718 4599 1800 4648 cum
1822 4581 1942 4648 omnia
1969 4583 2093 4649 nostra
2126 4597 2237 4648 causa
2272 4577 2424 4646 mobilia

570 4745 608 4808 et
631 4757 823 4828 pergarnus
848 4741 907 4809 ubi
932 4739 1162 4810 boluerimus.
1188 4739 1289 4809 Unde
1311 4739 1349 4808 in
1374 4758 1417 4807 eo
1440 4738 1591 4808 hordine
1613 4755 1676 4826 per
1699 4735 1960 4804 combenientia
1983 4733 2117 4823 guadia
2140 4737 2242 4802 nobis
2262 4736 2338 4820 ipse
2356 4736 2421 4802 ab·

571 4896 635 4962 bas
657 4893 756 4962 dedit
779 4901 816 4964 et
838 4895 1067 4965 mediatorem
1091 4895 1192 4961 nobis
1215 4895 1333 4980 posuit
1356 4895 1459 4964 basso
1482 4893 1633 4960 clericus
1656 4889 1752 4960 filius
1774 4891 1951 4978 quondam
1975 4893 2152 4976 iohanni;
2176 4897 2212 4958 11
2249 4907 2315 4975 per
2340 4891 2420 4974 ipsa

571 5046 706 5136 guadia
729 5055 794 5116 etc.
825 5047 973 5116 statuta
995 5047 1110 5116 molta
1132 5047 1263 5134 viqtutt
1287 5049 1374 5116 aura·
1395 5045 1594 5116 solidorum
1616 5046 1988 5114 constantissimarum
2010 5043 2103 5132 quod
2126 5044 2254 5130 scripsi
2276 5060 2343 5130 ego
2360 5062 2420 5128 pa

571 5206 649 5271 trus
672 5203 852 5302 notarius

617 5326 647 5442 †
672 5355 748 5441 Ego
772 5353 905 5422 alferus
928 5355 1134 5424 nominatus
1157 5353 1330 5422 diaconus
1353 5355 1634 5440 archipresbiter
1658 5361 1694 5422 11
1717 5355 1829 5424 11111

617 5479 647 5595 †
673 5508 749 5595 Ego
773 5507 977 5576 ademarius
1000 5507 1162 5576 notarius
1186 5525 1242 5574 me
1264 5507 1457 5592 subscripsi

617 5627 647 5744 †
672 5658 747 5746 Ego
771 5659 918 5727 ioannes
942 5676 997 5726 me
1020 5658 1213 5745 subscripsi

616 5781 647 5896 †
672 5811 746 5898 Ego
769 5813 915 5882 ioannes
939 5811 1104 5881 clericus.
