5408 7108
588 413 653 484 178
1226 409 1403 486 cohdx
1436 413 1705 487 cnvultsls

537 656 621 706 nurn
647 637 806 727 illorum,
831 640 942 708 donec
968 638 1050 708 illut
1064 639 1147 706 inde
1162 639 1276 726 tollat,
1292 640 1425 728 absque
1438 640 1715 728 degeneratione
1730 644 1767 710 et
1782 639 1916 728 ignem,
1933 643 1970 709 et
1986 641 2069 708 dnm
2085 659 2149 728 per
2172 642 2250 710 aire
2267 645 2304 711 et
2321 661 2385 732 per

535 793 617 881 ipsa
640 792 822 863 vindemia
846 794 894 860 ibi
920 795 1059 862 steterit
1081 811 1144 881 per
1168 811 1301 861 annum
1325 793 1398 862 illis
1424 794 1478 862 vel
1502 795 1646 865 missurn
1665 798 1820 883 illorum,
1838 814 1902 864 nos
1919 797 2018 865 illum
2036 798 2241 867 nutriamus
2257 815 2384 866 secun·

541 945 623 1014 dum
649 953 810 1014 nostram
834 945 1118 1033 possivilitatem
1137 951 1172 1015 et
1188 947 1441 1032 palmentatica
1457 947 1599 1016 illorum
1618 949 1741 1017 demus
1758 967 1821 1036 per
1837 966 1973 1018 annum
1989 949 2033 1017 de
2049 948 2231 1019 vindemie
2246 949 2387 1038 galline

542 1093 735 1187 quadtuor3
757 1104 793 1168 et
816 1098 897 1165 dnm
922 1100 996 1186 ipso
1019 1099 1142 1167 vinum
1168 1098 1249 1166 inde
1265 1099 1390 1167 tulerit
1404 1117 1488 1186 pars
1506 1101 1617 1186 ipsius
1632 1101 1793 1188 ecclesie,
1809 1120 1873 1169 nos
1889 1101 2051 1170 labemus
2075 1101 2149 1187 ipse
2166 1101 2262 1168 bucti
2280 1101 2385 1188 bone,

534 1255 574 1321 ut
597 1267 669 1317 non
693 1255 855 1336 pereant,
880 1253 915 1318 et
938 1269 1071 1338 equum
1095 1251 1238 1318 illorum
1262 1252 1478 1340 nutriamus,
1496 1254 1640 1339 quando
1657 1254 1705 1321 ibi
1724 1255 1900 1340 venerint,
1918 1253 2001 1320 dum
2019 1253 2071 1320 ibi
2086 1252 2229 1322 steterit
2246 1270 2385 1324 annua·

537 1402 622 1472 liter
647 1403 742 1470 iusta
765 1403 952 1488 rationem,
976 1409 1013 1474 et
1035 1405 1143 1474 faciat
1165 1422 1248 1490 pars
1274 1403 1388 1490 ipsius
1411 1403 1557 1472 ecclesie
1576 1405 1702 1473 inclita
1719 1403 1797 1491 ipsa
1814 1405 2030 1473 tradictione
2046 1423 2183 1492 semper
2200 1405 2303 1473 nobis
2322 1420 2387 1472 no·

537 1557 693 1642 strisque
715 1557 880 1624 eredibus
903 1557 1091 1627 defendere
1113 1560 1158 1628 ab
1175 1561 1337 1625 omnibus
1360 1557 1537 1626 ominibus
1561 1558 1727 1644 omnique
1751 1559 1925 1644 partibus:
1943 1562 2074 1644 preter,
2092 1559 2198 1645 quale
2218 1565 2374 1646 tempore

533 1706 620 1776 illud
645 1711 767 1777 tenere
783 1713 819 1776 et
836 1709 996 1780 laborare
1013 1710 1246 1795 noluerimus,
1264 1715 1413 1779 autnon
1429 1711 1661 1798 potuerimus,
1686 1711 1813 1779 inclita
1829 1710 1905 1797 ipsa
1921 1713 2028 1778 rebus
2050 1712 2150 1780 clusa
2174 1711 2377 1798 oircoitum,

532 1865 570 1928 et
591 1867 738 1947 operata
760 1865 797 1929 et
820 1861 958 1932 cultata
982 1865 1074 1932 bona
1098 1863 1141 1930 de
1165 1863 1331 1949 perlectis
1354 1864 1510 1931 arbustis
1533 1864 1668 1950 vitatis,
1692 1864 1917 1931 remittamus
1942 1861 2024 1931 illut
2047 1863 2085 1928 in
2109 1881 2192 1949 pars
2219 1863 2382 1953 predicte

541 2013 688 2081 ecclesie
711 2032 790 2081 cum
817 2015 892 2100 ipso
915 2015 1107 2101 appllctum
1132 2015 1243 2100 ipsius
1266 2014 1415 2083 ecclesie
1438 2014 1573 2082 clusum
1597 2021 1633 2084 et
1654 2022 1835 2102 copertum
1861 2017 2005 2100 bonum,
2022 2020 2058 2082 et
2074 2014 2150 2102 ipso
2165 2017 2382 2100 palmentnm

534 2169 571 2234 et
595 2165 767 2235 labellum
791 2167 994 2234 conciatum
1018 2169 1147 2234 bonurn
1171 2167 1272 2234 etde
1295 2186 1401 2253 super
1425 2173 1605 2253 copertum
1630 2169 1774 2253 bonum,
1797 2171 1833 2234 et
1856 2165 1970 2236 licead
1995 2184 2059 2233 nos
2084 2171 2284 2254 nostrisque
2305 2186 2381 2238 ere·

538 2317 643 2386 dibus
666 2318 749 2385 inde
771 2317 874 2386 exire
896 2336 976 2385 cum
1001 2316 1078 2403 ipsa
1101 2335 1185 2386 casa
1208 2321 1343 2404 nostra,
1359 2319 1449 2404 quod
1466 2336 1530 2386 nos
1548 2319 1596 2388 ibi
1613 2321 1803 2388 fecerimus
1820 2337 1883 2409 per
1901 2323 2062 2386 nostrum
2079 2319 2230 2406 abitare,
2248 2324 2284 2389 et
2304 2338 2386 2388 cum

541 2472 636 2538 omni
661 2474 786 2540 nostra
809 2490 916 2540 causa
939 2471 1097 2558 mobilia,
1121 2477 1157 2539 et
1179 2490 1371 2557 pergamus
1394 2473 1454 2538 ubi
1480 2471 1706 2540 voluerimus.
1732 2462 1826 2540 unde
1850 2471 1888 2538 in
1912 2488 1953 2538 eo
1976 2469 2125 2548 hordine
2155 2489 2218 2557 per
2247 2475 2382 2540 combe-

533 2624 711 2692 nientiam
736 2639 800 2710 pro
823 2621 1015 2710 largietate
1038 2622 1150 2709 ipsius
1173 2622 1293 2690 domni
1316 2623 1436 2692 abbati
1460 2621 1629 2709 guadiam
1653 2621 1755 2690 nobis
1777 2621 1877 2690 dedit
1900 2623 1974 2708 ipse
1990 2622 2044 2692 leo
2060 2621 2226 2708 clericos,
2241 2629 2278 2692 ot
2295 2623 2380 2692 lide·

538 2774 713 2843 iussorem
736 2773 839 2842 nobis
862 2771 980 2860 posuit
1003 2791 1087 2841 urso
1109 2775 1283 2860 presbiter
1307 2775 1456 2842 eundem
1480 2774 1628 2842 ecclesie
1651 2773 1716 2842 dlii
1741 2775 1922 2860 iohanniS,
1948 2781 1987 2842 ut
2002 2775 2032 2841 si
2050 2775 2175 2844 taliter
2193 2777 2309 2842 omnis
2323 2794 2383 2844 su·

534 2929 735 3014 prescripta
768 2946 832 3014 per
866 2926 1108 3015 suprascripto
1141 2927 1292 2996 hordine
1320 2946 1403 3012 pars
1427 2926 1539 3014 ipsius
1563 2925 1711 2994 ecclesie
1734 2926 1835 2994 nobis
1860 2943 1930 2993 non
1954 2926 2230 3013 adimpleberint
2255 2933 2293 2995 et
2316 2927 2385 2996 ali·

535 3081 615 3167 quit
642 3081 724 3148 inde
747 3079 1046 3182 contradixerint,
1069 3099 1133 3167 per
1156 3079 1233 3166 ipsa
1257 3081 1390 3166 guadia
1413 3096 1620 3166 componere
1644 3078 1820 3166 obligavit
1836 3081 1949 3166 seipse
1965 3079 2114 3148 domnus
2130 3081 2240 3150 abbas
2255 3081 2384 3167 suique

530 3233 816 3320 successoribus,
834 3239 870 3302 et
885 3251 970 3320 pars
986 3233 1100 3320 ipsius
1113 3233 1273 3320 ecclesie,
1287 3231 1389 3300 nobis
1401 3235 1599 3319 nostrisque
1611 3231 1790 3319 eredibus,
1804 3238 1906 3302 natos
1920 3237 2120 3321 nascentes,
2135 3233 2287 3320 triginta
2299 3235 2381 3302 auri

533 3385 637 3484 solidi
672 3389 904 3457 constantini.
943 3392 1186 3456 verumtamen
1223 3389 1297 3474 ipse
1330 3387 1426 3457 bucti
1464 3388 1574 3474 ipsius
1598 3387 1747 3484 ecclesie
1765 3406 1828 3476 per
1845 3406 1948 3458 omne
1963 3407 2097 3459 annum
2112 3389 2278 3458 stetimus
2294 3391 2385 3484 bone

533 3543 702 3642 conciare
725 3547 762 3610 et
784 3539 970 3628 studiare,
999 3541 1092 3610 sicut
1115 3540 1298 3626 meruerit,
1323 3545 1360 3608 et
1382 3559 1466 3628 pars
1490 3539 1601 3626 ipsius
1622 3540 1767 3609 ecclesio
1782 3541 1882 3610 stetit
1902 3559 2043 3627 semper
2067 3543 2170 3610 nobis
2193 3541 2382 3614 defendere

533 3692 741 3780 supradicta
764 3693 993 3780 tradictione,
1017 3713 1097 3762 cum
1121 3695 1199 3762 vice
1223 3693 1266 3762 de
1290 3692 1348 3762 bia
1364 3711 1442 3784 sua,
1459 3693 1506 3761 ab
1521 3694 1685 3760 omnibus
1709 3693 1887 3760 ominibus
1904 3711 1966 3778 per
1981 3695 2227 3780 suprascripta
2248 3694 2382 3782 guadia

534 3852 572 3918 et
594 3848 757 3934 obligata
781 3867 888 3933 pena.
914 3848 1010 3924 Quod
1035 3847 1161 3935 scripsi
1185 3864 1251 3934 ego
1274 3845 1468 3932 myrandus
1492 3845 1666 3912 notarius.
1692 3847 1938 3914 verumtamen
1961 3845 2027 3912 hoc
2060 3863 2308 3938 memoramus,
2341 3856 2385 3920 ut

541 4003 619 4088 ipse
643 4003 746 4068 buote
772 3999 914 4068 illorum
938 4000 1030 4088 quod
1054 4001 1105 4068 ibi
1129 4002 1256 4084 abunt,
1280 3996 1469 4083 implemus
1491 3996 1631 4064 illorum
1656 4015 1767 4083 usque
1790 3996 1858 4083 ipsi
1882 4016 1946 4066 sex
1968 3998 2083 4084 anni,
2112 4000 2173 4084 qui
2202 4001 2383 4072 scarrioad

539 4156 618 4239 ipsa
643 4153 746 4220 boote
774 4169 895 4220 saume
918 4149 1122 4238 quindecim
1146 4156 1183 4217 et
1206 4149 1279 4219 alia
1302 4151 1406 4217 bucte
1428 4149 1471 4216 de
1495 4167 1616 4216 saume
1639 4147 1836 4236 duodecim,
1860 4151 1989 4218 abente
2005 4149 2073 4217 iste
2096 4151 2276 4221 duodecim
2300 4169 2385 4221 sau·

538 4322 595 4371 me
621 4322 693 4372 ana
717 4303 844 4391 lagene
867 4321 931 4371 sex
953 4320 1016 4389 pro
1039 4320 1160 4370 sauma
1185 4301 1230 4371 ad
1254 4302 1329 4389 ipso
1352 4299 1467 4369 medio
1489 4299 1670 4388 exodium,
1694 4301 1786 4387 quod
1809 4301 1928 4370 andad
1951 4320 2014 4388 per
2038 4303 2113 4390 ipso
2138 4303 2267 4392 locum,
2292 4305 2384 4374 etsi

536 4473 599 4541 per
624 4454 817 4524 medietate
842 4453 917 4540 ipso
933 4453 1056 4522 vinum
1073 4473 1157 4541 pars
1179 4453 1290 4542 ipsius
1305 4451 1451 4521 ecclesie
1467 4451 1623 4520 noluerit
1637 4451 1821 4519 nobiscum
1838 4451 1996 4520 dividere
2012 4456 2097 4522 ante
2115 4452 2179 4542 ipsi
2196 4469 2260 4522 sex
2276 4453 2381 4542 anni,

534 4609 744 4692 potestatem
768 4607 931 4692 aberent,
955 4606 1047 4674 sicut
1071 4604 1315 4692 supradictum
1340 4610 1406 4672 est.
1432 4603 1528 4679 Quod
1551 4602 1724 4672 subiunxi
1747 4621 1814 4690 ego
1836 4605 2017 4690 predictus
2035 4605 2245 4692 myrandus.

582 4727 613 4842 †
638 4757 719 4844 Ego‘
737 4753 893 4825 Alterius
916 4757 1122 4825 nominatus
1145 4757 1421 4843 archipresbiter
1444 4761 1481 4824 et
1504 4759 1619 4841 abbas
1710 4815 1714 4824 ,

580 4880 964 4997 ῒψωωω.
