5408 7108
1049 509 1445 593 6666666666
2049 514 2115 606 2181

316 739 449 810 soenda
471 758 538 810 666
563 746 684 810 666166
706 742 897 812 donatione
922 743 1097 832 launegilt
1120 749 1200 814 616
1224 745 1382 832 66611616
1406 743 1575 814 raidollus
1600 745 1797 831 recepimus
1820 743 2014 812 secundum
2042 742 2159 831 legem

221 985 224 990 Ι
315 895 398 965 6661
423 894 523 963 661111
549 897 631 963 1661
655 895 699 964 16
722 897 795 965 1661
820 896 1086 984 quinquaginta
1110 916 1182 974 666
1205 897 1383 984 quadluor
1406 896 1487 966 auri
1512 897 1585 964 lari
1603 913 1667 981 pro
1682 911 1896 980 unoquoque
1920 893 2044 980 solido,
2072 893 2165 962 sicut

316 1047 413 1116 inter
437 1066 500 1116 nos
522 1049 701 1150 combenit
723 1050 762 1118 iu
786 1049 902 1116 omnis
925 1047 1196 1134 1611166611666,
1214 1049 1384 1134 finitoque
1409 1063 1491 1114 vero
1516 1045 1630 1132 ipsum
1648 1045 1824 1134 launegilt
1840 1049 1956 1132 ipsum
1975 1051 2062 1132 6661
2087 1063 2164 1134 666,

314 1200 361 1269 16
383 1218 455 1286 qua
478 1218 540 1287 per
564 1203 658 1270 bona
680 1201 942 1270 combeniontia
965 1199 1099 1287 guadia
1122 1201 1189 1270 tibi
1214 1199 1363 1286 predicti
1396 1199 1537 1269 raldulfi
1561 1198 1733 1286 dedimus,
1762 1203 1799 1266 61
1834 1199 2064 1268 mediatorem
2097 1198 2165 1267 tibi

317 1353 501 1441 posuimus
524 1370 588 1421 nos
611 1353 698 1440 ipsis
721 1358 757 1424 ot
781 1353 932 1423 deodede
954 1353 1021 1422 dlii
1045 1353 1174 1439 madio,
1198 1353 1243 1422 ad
1267 1370 1405 1440 semper
1428 1351 1558 1421 exinde
1582 1352 1782 1439 obligamus
1805 1370 1869 1419 nos
1897 1351 2078 1438 predictus
2110 1352 2166 1420 vir

314 1507 352 1572 61
375 1520 479 1588 uxor,
502 1503 693 1572 etnostris
715 1503 892 1592 enodibus,
917 1504 1163 1572 antistandum
1188 1511 1223 1572 61
1245 1504 1500 1572 defensandum
1525 1505 1592 1571 tibi
1616 1503 1739 1598 tuique
1762 1502 1928 1570 enodibus
1946 1505 2021 1592 1616
2047 1506 2084 1572 61
2109 1505 2163 1569 16-

315 1650 406 1721 61116
428 1655 672 1740 666666661616
695 1659 818 1722 666166
840 1653 1030 1722 166611666
1055 1652 1101 1722 16
1124 1671 1244 1721 omnes
1267 1657 1403 1722 omines
1426 1656 1593 1741 omnique
1618 1655 1795 1741 partibus,
1819 1655 1877 1722 661
1903 1673 1966 1740 666
1996 1671 2056 1720 666
2083 1652 2168 1721 11161

319 1808 374 1878 vel
399 1809 529 1880 exindo
551 1810 683 1880 datum·
701 1808 755 1878 rel
779 1809 976 1898 obligatum
999 1815 1091 1879 esset
1114 1813 1286 1900 paruerit,
1311 1813 1357 1880 ad
1381 1812 1465 1882 aliis
1489 1827 1572 1880 vero
1599 1812 1761 1898 partibus
1785 1828 1847 1898 per
1871 1827 1931 1877 vos
1965 1809 2052 1898 ipsis
2087 1807 2169 1899 illut

324 1965 425 2033 robis
448 1963 632 2032 defensare
656 1983 744 2034 cum.
760 1967 832 2035 1616
854 1965 992 2035 6661616
1015 1970 1051 2034 61
1072 1984 1151 2034 eum
1169 1967 1247 2052 ipsa
1263 1967 1475 2052 monimina,
1499 1965 1591 2052 quod
1613 1962 1679 2031 tibi
1705 1965 1743 2032 iu
1765 1961 1968 2030 1616661666
1992 1960 2093 2028 modo
2108 1961 2168 2030 dc·

320 2116 387 2204 dit,
413 2120 451 2186 et
474 2135 555 2186 cum
579 2115 685 2205 quale
708 2117 781 2187 alia
803 2117 1001 2188 monimina
1024 2123 1059 2186 et
1082 2101 1221 2188 ratione
1243 2118 1336 2202 quod
1353 2117 1436 2185 inde
1449 2119 1555 2184 61666
1573 2117 1772 2203 potueritis,
1790 2116 1829 2182 16
1844 2112 2164 2184 omuibusexinde

316 2287 469 2340 causare
495 2274 533 2339 et
558 2269 774 2338 contendere
798 2289 860 2356 666
884 2273 1001 2338 omnis
1024 2273 1137 2356 legem
1156 2270 1349 2338 6116611116
1372 2269 1455 2336 1616
1478 2269 1575 2356 agite
1598 2273 1635 2336 et
1658 2266 1776 2345 lecito,
1805 2266 1898 2335 sicut
1916 2265 2035 2353 vultis,
2053 2269 2089 2334 ot
2104 2282 2167 2352 per

322 2441 384 2492 vos
410 2423 498 2510 ipsis
523 2423 606 2492 11161
628 2423 730 2492 66116
753 2424 947 2494 161666616.
972 2427 1076 2508 Nam,
1100 2422 1242 2510 quando
1265 2440 1330 2490 nos
1353 2426 1417 2491 661
1432 2425 1563 2489 6661616
1578 2421 1743 2489 enodibus
1759 2420 1944 2488 boluerilis
1959 2417 2089 2490 exinde
2104 2437 2168 2487 au·

320 2579 438 2652 616666
463 2575 516 2643 661
540 2575 756 2654 1616666666,
782 2575 980 2644 remictalis
1002 2580 1175 2661 6661666
1193 2576 1270 2661 ipsa
1285 2573 1613 2657 6661616666116,
1637 2571 1729 2657 quod
1747 2570 1926 2638 nosmodo
1942 2569 2170 2644 1616166616·

324 2726 492 2798 nemtibi
505 2727 679 2804 dedimus,
698 2727 743 2796 ad
760 2727 1014 2797 abendam-ille
1031 2745 1142 2814 usque
1158 2727 1232 2796 dies
1248 2726 1531 2814 quinquaginta,
1547 2731 1583 2793 ot
1595 2743 1658 2792 nos
1674 2731 1711 2793 et
1734 2727 1866 2794 nostris
1889 2718 2055 2793 enodibus
2079 2744 2169 2794 som·

319 2896 382 2965 666
406 2877 533 2947 taliter
559 2877 640 2945 illut
663 2879 729 2946 1111
753 2880 877 2964 tuique
899 2877 1065 2947 enodibus
1087 2878 1299 2946 antistemus
1321 2883 1358 2946 61
1380 2878 1600 2946 defensemus
1623 2876 1669 2945 da
1691 2877 1807 2945 omnis
1830 2876 1967 2946 omines
2002 2877 2168 2964 omnique

318 3028 499 3115 partibus,
522 3033 557 3096 ot
581 3037 659 3113 6661
674 3029 781 3096 finem
806 3029 939 3097 sactum
965 3049 1027 3115 per
1050 3047 1171 3097 omnes
1205 3030 1300 3096 bicos
1326 3035 1467 3116 quante
1502 3029 1602 3096 nobis
1637 3029 1715 3114 ipse
1750 3030 1947 3099 monimina
1983 3029 2167 3114 dederitis,

319 3181 550 3250 remittamus
573 3181 655 3247 illut
677 3187 716 3250 61
738 3185 950 3270 6616616166
975 3186 1108 3268 166666
1130 3187 1166 3248 61
1189 3179 1232 3246 16
1258 3181 1331 3248 1616
1356 3180 1533 3267 enodibus,
1558 3180 1604 3248 ad
1632 3181 1810 3249 abendum
1847 3179 1907 3250 1116
1933 3183 1980 3250 16
2016 3180 2078 3268 illo
2112 3199 2168 3248 or·

318 3333 417 3422 dine,
441 3332 535 3402 sicut
556 3332 727 3420 diximus,
752 3339 788 3402 61
811 3332 992 3403 licentiam
1015 3334 1153 3401 abeatis
1178 3333 1391 3419 ubicumque
1416 3333 1595 3401 monimen
1618 3333 1660 3400 de
1684 3335 1761 3418 1666
1785 3335 1892 3400 66166
1916 3334 2083 3404 16166166
2107 3354 2166 3420 66-

319 3487 479 3576 tuor-itis,
502 3487 633 3556 exinde
657 3486 931 3557 66666666161
955 3488 1017 3554 bos
1040 3484 1098 3553 ille
1123 3485 1330 3572 recolligere
1352 3491 1388 3554 et
1412 3486 1450 3552 16
1473 3485 1715 3554 defensionem
1739 3487 2011 3575 6166116,.61661
2034 3489 2167 3558 dictum

317 3645 385 3727 cst,
411 3657 476 3708 nos
498 3644 534 3708 61
557 3640 689 3708 6661616
712 3640 877 3709 enodibus
898 3655 1037 3726 semper
1060 3639 1178 3707 taliter
1202 3638 1284 3707 illut
1307 3638 1372 3707 tivi
1397 3642 1521 3726 tuique
1537 3640 1700 3708 enodibus
1717 3657 1788 3706 uon
1804 3640 2162 3722 defensaborimuset

316 3792 575 3879 adimpleamus
602 3792 755 3880 16611116,
779 3794 871 3862 61661
894 3794 932 3861 16
956 3793 1072 3862 611616
1094 3790 1251 3879 66611616
1273 3797 1310 3861 61
1335 3791 1394 3862 lox
1418 3792 1719 3880 langobardorum
1743 3793 1786 3862 de
1809 3793 1939 3862 donum
1963 3797 2001 3862 61
2026 3796 2165 3865 subsce·

317 3953 420 4034 ptum
447 3945 621 4035 launegilt
644 3947 816 4034 continet3
842 3947 933 4034 quod
951 3947 982 4016 si
999 3948 1121 4017 taliter
1143 3949 1265 4018 omnia
1287 3950 1533 4036 suprascripta
1556 3947 1655 4016 vobis
1679 3966 1750 4016 non
1766 3947 2094 4038 adimplebenimus,
2113 3949 2167 4030 vel

315 4099 345 4168 si
371 4118 435 4167 nos
458 4099 660 4188 nostrisque
683 4101 848 4170 enodibus
871 4101 1194 4188 quomodocumque
1217 4101 1273 4169 vel
1297 4099 1555 4188 qualecumque
1579 4101 1756 4169 rationem
1773 4099 1855 4169 illut
1871 4102 1926 4169 vel
1952 4103 2167 4174 exinde-tibi

317 4251 439 4338 tuique
461 4251 627 4320 enodibus
651 4252 775 4322 tollere
797 4255 862 4322 661
884 4256 1050 4320 contrane
1071 4253 1323 4340 quesierimus,
1347 4257 1412 4321 661
1434 4251 1679 4339 quodcumque
1703 4255 1865 4323 causatio
1888 4271 1952 4322 nos
1985 4256 2083 4324 vobis
2113 4259 2168 4325 in-

318 4404 365 4473 de
390 4405 695 4493 proposuerimus,
719 4408 804 4474 6616
826 4401 949 4474 omnia
972 4404 1111 4491 questio
1133 4403 1354 4474 6166666116
1376 4410 1501 4476 666166
1522 4407 1637 4476 166116
1658 4411 1695 4475 61
1718 4407 1833 4478 16666
1855 4411 1927 4496 611,
1961 4411 1998 4476 61
2020 4361 2168 4496 obliga·

317 4573 397 4626 mus
421 4575 485 4624 666
507 4559 545 4625 61
568 4556 703 4626 6661616
725 4555 894 4625 enodibus
917 4575 980 4645 666
1003 4557 1268 4628 combenientia
1291 4575 1499 4644 componore
1520 4558 1587 4627 tibi
1612 4558 1737 4646 tuique
1752 4561 1928 4649 enodibus,
1944 4560 1999 4629 vel
2014 4561 2071 4630 cui
2090 4579 2168 4630 car-

316 4708 397 4778 1616
420 4711 490 4778 1616
513 4710 552 4776 16
576 4725 686 4777 manu
712 4709 891 4794 paruerit,
916 4707 1333 4796 centumquinquaginta
1347 4709 1429 4779 anri
1447 4709 1550 4779 solidi
1567 4711 1862 4799 constantiniani,
1880 4719 1917 4781 ot
1931 4711 2052 4810 omnnia
2067 4714 2167 4784 vobis

316 4860 590 4948 adimpleamus,
615 4862 709 4928 61661
733 4863 904 4946 superius
930 4809 1080 4945 legitur.
1105 4857 1185 4925 ideo
1206 4878 1273 4946 ogo
1296 4860 1458 4946 prodicta
1480 4863 1674 4951 comitissa,
1698 4869 1734 4934 et
1765 4867 1889 4934 omnia
1923 4865 2167 4953 suprascripta

317 5019 430 5087 166161
451 5035 514 5104 per
538 5018 686 5084 borbum
712 5021 749 5084 61
771 5012 1029 5084 absolutionem
1055 5011 1170 5099 ipsius
1193 5011 1344 5098 predicti
1368 5012 1438 5081 viri
1462 5017 1499 5082 et
1514 5014 1718 5084 mundoaldi
1743 5017 1865 5084 moiet
1887 5014 2006 5083 661166
2028 5014 2166 5084 cumil-

319 5169 397 5242 lum
423 5190 487 5260 per
510 5169 718 5258 supradicta
741 5169 875 5258 guadia
897 5173 934 5237 et
956 5167 1114 5256 obligata
1137 5186 1241 5255 pena,
1264 5173 1302 5238 et
1325 5167 1448 5239 taliter
1470 5169 1626 5238 scribere
1650 5167 1905 5258 rogabimus-te
1920 5169 1974 5236 iso
1990 5165 2165 5246 notarius,

315 5328 434 5394 actum
458 5326 673 5391 mentorum.

360 5451 392 5566 †
415 5479 492 5565 Ego
515 5478 576 5565 qui
600 5494 711 5564 supra
735 5474 841 5546 lando
864 5427 980 5544 comes

357 5603 392 5721 †
416 5631 492 5719 ugo
514 5629 605 5700 raico
627 5628 801 5718 presbiter
824 5633 860 5698 et
883 5630 1008 5698 66666.

1042 5907 1425 5922 m
