<?xml version="1.0" encoding="UTF-8"?>
<!DOCTYPE html PUBLIC "-//W3C//DTD XHTML 1.0 Transitional//EN"
    "http://www.w3.org/TR/xhtml1/DTD/xhtml1-transitional.dtd">
<html xmlns="http://www.w3.org/1999/xhtml" xml:lang="en" lang="en">
 <head>
  <title>
</title>
<meta http-equiv="Content-Type" content="text/html;charset=utf-8" />
  <meta name='ocr-system' content='tesseract 3.04.00' />
  <meta name='ocr-capabilities' content='ocr_page ocr_carea ocr_par ocr_line ocrx_word'/>
</head>
<body>
  <div class='ocr_page' id='page_1' title='image "./codexdiplomatic04aragoog_0301.png"; bbox 0 0 5408 7108; ppageno 0'>
   <div class='ocr_carea' id='block_1_1' title="bbox 977 509 2077 594">
    <p class='ocr_par' dir='ltr' id='par_1_1' title="bbox 977 509 2077 594">
     <span class='ocr_line' id='line_1_1' title="bbox 977 509 2077 594; baseline 0.003 -14"><span class='ocrx_word' id='word_1_1' title='bbox 977 510 1426 594; x_wconf 77' lang='lat' dir='ltr'>olPLOMnrruUs</span> <span class='ocrx_word' id='word_1_2' title='bbox 2011 509 2077 583; x_wconf 73' lang='lat'>261</span> 
     </span>
    </p>
   </div>
   <div class='ocr_carea' id='block_1_2' title="bbox 221 733 2194 1892">
    <p class='ocr_par' dir='ltr' id='par_1_2' title="bbox 221 733 2194 977">
     <span class='ocr_line' id='line_1_2' title="bbox 278 733 2127 824; baseline 0.003 -24"><span class='ocrx_word' id='word_1_3' title='bbox 278 733 483 820; x_wconf 80' lang='lat' dir='ltr'>tradixerit,</span> <span class='ocrx_word' id='word_1_4' title='bbox 511 753 572 820; x_wconf 91' lang='lat' dir='ltr'>per</span> <span class='ocrx_word' id='word_1_5' title='bbox 598 737 674 820; x_wconf 90' lang='lat' dir='ltr'>ipsa</span> <span class='ocrx_word' id='word_1_6' title='bbox 697 736 831 822; x_wconf 89' lang='lat' dir='ltr'>guadia</span> <span class='ocrx_word' id='word_1_7' title='bbox 856 755 1063 824; x_wconf 89' lang='lat' dir='ltr'>componere</span> <span class='ocrx_word' id='word_1_8' title='bbox 1088 735 1260 822; x_wconf 85' lang='lat' dir='ltr'>obligarit</span> <span class='ocrx_word' id='word_1_9' title='bbox 1285 738 1420 822; x_wconf 88' lang='lat' dir='ltr'>seipse</span> <span class='ocrx_word' id='word_1_10' title='bbox 1447 757 1549 804; x_wconf 89' lang='lat' dir='ltr'>ursus</span> <span class='ocrx_word' id='word_1_11' title='bbox 1573 741 1608 804; x_wconf 89' lang='lat' dir='ltr'>et</span> <span class='ocrx_word' id='word_1_12' title='bbox 1625 755 1707 804; x_wconf 90' lang='lat' dir='ltr'>suos</span> <span class='ocrx_word' id='word_1_13' title='bbox 1730 737 1853 804; x_wconf 89' lang='lat' dir='ltr'>eredes</span> <span class='ocrx_word' id='word_1_14' title='bbox 1878 738 1992 824; x_wconf 85' lang='lat' dir='ltr'>nobis,</span> <span class='ocrx_word' id='word_1_15' title='bbox 2009 743 2044 804; x_wconf 91' lang='lat' dir='ltr'>et</span> <span class='ocrx_word' id='word_1_16' title='bbox 2069 740 2127 806; x_wconf 93' lang='lat' dir='ltr'>cui</span> 
     </span>
     <span class='ocr_line' id='line_1_3' title="bbox 221 879 2194 977; baseline 0.003 -25"><span class='ocrx_word' id='word_1_17' title='bbox 221 879 228 894; x_wconf 86' lang='lat'>&#39;</span> <span class='ocrx_word' id='word_1_18' title='bbox 272 889 415 954; x_wconf 81' lang='lat' dir='ltr'><strong>brebem</strong></span> <span class='ocrx_word' id='word_1_19' title='bbox 441 887 549 955; x_wconf 90' lang='lat' dir='ltr'>istum</span> <span class='ocrx_word' id='word_1_20' title='bbox 575 889 611 954; x_wconf 91' lang='lat' dir='ltr'>in</span> <span class='ocrx_word' id='word_1_21' title='bbox 638 908 746 956; x_wconf 90' lang='lat' dir='ltr'>manu</span> <span class='ocrx_word' id='word_1_22' title='bbox 772 892 958 976; x_wconf 89' lang='lat' dir='ltr'>paruerit,</span> <span class='ocrx_word' id='word_1_23' title='bbox 988 891 1115 977; x_wconf 85' lang='lat' dir='ltr'>uiginti</span> <span class='ocrx_word' id='word_1_24' title='bbox 1142 891 1240 957; x_wconf 86' lang='lat' dir='ltr'>aurei</span> <span class='ocrx_word' id='word_1_25' title='bbox 1267 890 1394 956; x_wconf 89' lang='lat' dir='ltr'>solidos</span> <span class='ocrx_word' id='word_1_26' title='bbox 1417 889 1746 974; x_wconf 80' lang='lat' dir='ltr'>constantinianOS,</span> <span class='ocrx_word' id='word_1_27' title='bbox 1771 895 1892 975; x_wconf 77' lang='lat' dir='ltr'>etfiper</span> <span class='ocrx_word' id='word_1_28' title='bbox 1918 907 2039 956; x_wconf 88' lang='lat' dir='ltr'>ornnes</span> <span class='ocrx_word' id='word_1_29' title='bbox 2067 893 2127 957; x_wconf 90' lang='lat' dir='ltr'>eb·</span> <span class='ocrx_word' id='word_1_30' title='bbox 2191 917 2194 924; x_wconf 92' lang='lat'>·</span> 
     </span>
    </p>

    <p class='ocr_par' dir='ltr' id='par_1_3' title="bbox 275 1039 2128 1738">
     <span class='ocr_line' id='line_1_4' title="bbox 275 1039 2125 1128; baseline 0.002 -22"><span class='ocrx_word' id='word_1_31' title='bbox 275 1039 442 1110; x_wconf 89' lang='lat' dir='ltr'>domadas</span> <span class='ocrx_word' id='word_1_32' title='bbox 468 1040 569 1106; x_wconf 92' lang='lat' dir='ltr'>nobis</span> <span class='ocrx_word' id='word_1_33' title='bbox 595 1046 796 1125; x_wconf 85' lang='lat' dir='ltr'>macenent,</span> <span class='ocrx_word' id='word_1_34' title='bbox 822 1039 914 1106; x_wconf 89' lang='lat' dir='ltr'>sicut</span> <span class='ocrx_word' id='word_1_35' title='bbox 940 1041 1153 1108; x_wconf 81' lang='lat' dir='ltr'>consuetudo</span> <span class='ocrx_word' id='word_1_36' title='bbox 1178 1041 1257 1127; x_wconf 89' lang='lat' dir='ltr'>luit,</span> <span class='ocrx_word' id='word_1_37' title='bbox 1283 1041 1360 1108; x_wconf 92' lang='lat' dir='ltr'>sine</span> <span class='ocrx_word' id='word_1_38' title='bbox 1386 1041 1553 1110; x_wconf 79' lang='lat' dir='ltr'>molitura</span> <span class='ocrx_word' id='word_1_39' title='bbox 1579 1061 1640 1127; x_wconf 89' lang='lat' dir='ltr'>per</span> <span class='ocrx_word' id='word_1_40' title='bbox 1664 1042 1908 1127; x_wconf 88' lang='lat' dir='ltr'>suprascripta</span> <span class='ocrx_word' id='word_1_41' title='bbox 1932 1043 2065 1128; x_wconf 89' lang='lat' dir='ltr'>guadia</span> <span class='ocrx_word' id='word_1_42' title='bbox 2089 1047 2125 1111; x_wconf 90' lang='lat' dir='ltr'>el</span> 
     </span>
     <span class='ocr_line' id='line_1_5' title="bbox 276 1191 2125 1280; baseline 0.003 -24"><span class='ocrx_word' id='word_1_43' title='bbox 276 1191 439 1276; x_wconf 86' lang='lat' dir='ltr'>obligata</span> <span class='ocrx_word' id='word_1_44' title='bbox 463 1210 569 1276; x_wconf 90' lang='lat' dir='ltr'>pona,</span> <span class='ocrx_word' id='word_1_45' title='bbox 594 1192 684 1276; x_wconf 90' lang='lat' dir='ltr'>quod</span> <span class='ocrx_word' id='word_1_46' title='bbox 710 1191 836 1276; x_wconf 81' lang='lat' dir='ltr'>scripsi</span> <span class='ocrx_word' id='word_1_47' title='bbox 861 1211 927 1278; x_wconf 85' lang='lat' dir='ltr'>ego</span> <span class='ocrx_word' id='word_1_48' title='bbox 954 1195 1128 1260; x_wconf 90' lang='lat' dir='ltr'>iohannes</span> <span class='ocrx_word' id='word_1_49' title='bbox 1152 1194 1269 1260; x_wconf 89' lang='lat' dir='ltr'>scriba</span> <span class='ocrx_word' id='word_1_50' title='bbox 1292 1193 1352 1278; x_wconf 89' lang='lat' dir='ltr'>qui</span> <span class='ocrx_word' id='word_1_51' title='bbox 1378 1197 1413 1260; x_wconf 92' lang='lat' dir='ltr'>et</span> <span class='ocrx_word' id='word_1_52' title='bbox 1429 1192 1639 1261; x_wconf 87' lang='lat' dir='ltr'>advocatum</span> <span class='ocrx_word' id='word_1_53' title='bbox 1665 1197 1897 1280; x_wconf 71' lang='lat' dir='ltr'>suprascripti</span> <span class='ocrx_word' id='word_1_54' title='bbox 1919 1197 2125 1264; x_wconf 85' lang='lat' dir='ltr'>monasterii</span> 
     </span>
     <span class='ocr_line' id='line_1_6' title="bbox 277 1341 2127 1433; baseline 0.005 -27"><span class='ocrx_word' id='word_1_55' title='bbox 277 1341 335 1426; x_wconf 90' lang='lat' dir='ltr'>qui</span> <span class='ocrx_word' id='word_1_56' title='bbox 364 1342 511 1408; x_wconf 87' lang='lat' dir='ltr'>interlui</span> <span class='ocrx_word' id='word_1_57' title='bbox 538 1343 701 1409; x_wconf 83' lang='lat' dir='ltr'>feliciter.</span> <span class='ocrx_word' id='word_1_58' title='bbox 729 1345 986 1411; x_wconf 78' lang='lat' dir='ltr'>Verumtamen</span> <span class='ocrx_word' id='word_1_59' title='bbox 1011 1346 1076 1410; x_wconf 93' lang='lat' dir='ltr'>hoc</span> <span class='ocrx_word' id='word_1_60' title='bbox 1101 1363 1361 1430; x_wconf 92' lang='lat' dir='ltr'>memoramus,</span> <span class='ocrx_word' id='word_1_61' title='bbox 1389 1349 1426 1412; x_wconf 92' lang='lat' dir='ltr'>ul</span> <span class='ocrx_word' id='word_1_62' title='bbox 1450 1345 1523 1432; x_wconf 88' lang='lat' dir='ltr'>ipse</span> <span class='ocrx_word' id='word_1_63' title='bbox 1556 1345 1657 1411; x_wconf 84' lang='lat' dir='ltr'>ur&#39;sus</span> <span class='ocrx_word' id='word_1_64' title='bbox 1693 1349 1809 1428; x_wconf 81' lang='lat' dir='ltr'>posuit</span> <span class='ocrx_word' id='word_1_65' title='bbox 1834 1349 1934 1414; x_wconf 89' lang='lat' dir='ltr'>nobis</span> <span class='ocrx_word' id='word_1_66' title='bbox 1972 1352 2127 1433; x_wconf 89' lang='lat' dir='ltr'>seipsum</span> 
     </span>
     <span class='ocr_line' id='line_1_7' title="bbox 275 1499 2128 1586; baseline 0.003 -21"><span class='ocrx_word' id='word_1_67' title='bbox 275 1499 506 1566; x_wconf 86' lang='lat' dir='ltr'>mediatorem</span> <span class='ocrx_word' id='word_1_68' title='bbox 531 1499 573 1566; x_wconf 89' lang='lat' dir='ltr'>de</span> <span class='ocrx_word' id='word_1_69' title='bbox 598 1502 842 1585; x_wconf 91' lang='lat' dir='ltr'>suprascripta</span> <span class='ocrx_word' id='word_1_70' title='bbox 865 1499 998 1586; x_wconf 88' lang='lat' dir='ltr'>guadia</span> <span class='ocrx_word' id='word_1_71' title='bbox 1021 1519 1083 1586; x_wconf 90' lang='lat' dir='ltr'>per</span> <span class='ocrx_word' id='word_1_72' title='bbox 1107 1500 1336 1586; x_wconf 89' lang='lat' dir='ltr'>appropriata</span> <span class='ocrx_word' id='word_1_73' title='bbox 1361 1499 1522 1584; x_wconf 86' lang='lat' dir='ltr'>legitima</span> <span class='ocrx_word' id='word_1_74' title='bbox 1551 1503 1586 1566; x_wconf 91' lang='lat' dir='ltr'>et</span> <span class='ocrx_word' id='word_1_75' title='bbox 1612 1499 1836 1586; x_wconf 75' lang='lat' dir='ltr'>inlegitima,</span> <span class='ocrx_word' id='word_1_76' title='bbox 1862 1503 1954 1586; x_wconf 88' lang='lat' dir='ltr'>quod</span> <span class='ocrx_word' id='word_1_77' title='bbox 1979 1504 2128 1570; x_wconf 90' lang='lat' dir='ltr'>subiun-</span> 
     </span>
     <span class='ocr_line' id='line_1_8' title="bbox 277 1651 1163 1738; baseline -0.002 -20"><span class='ocrx_word' id='word_1_78' title='bbox 277 1655 325 1720; x_wconf 90' lang='lat' dir='ltr'>sit</span> <span class='ocrx_word' id='word_1_79' title='bbox 349 1672 415 1738; x_wconf 86' lang='lat' dir='ltr'>ego</span> <span class='ocrx_word' id='word_1_80' title='bbox 437 1654 497 1738; x_wconf 92' lang='lat' dir='ltr'>qui</span> <span class='ocrx_word' id='word_1_81' title='bbox 524 1672 633 1738; x_wconf 89' lang='lat' dir='ltr'>supra</span> <span class='ocrx_word' id='word_1_82' title='bbox 659 1656 832 1722; x_wconf 90' lang='lat' dir='ltr'>iohannes</span> <span class='ocrx_word' id='word_1_83' title='bbox 858 1655 977 1720; x_wconf 90' lang='lat' dir='ltr'>scriba</span> <span class='ocrx_word' id='word_1_84' title='bbox 1002 1651 1163 1720; x_wconf 82' lang='lat' dir='ltr'>feliciter.</span> 
     </span>
    </p>

    <p class='ocr_par' dir='ltr' id='par_1_4' title="bbox 322 1777 1146 1892">
     <span class='ocr_line' id='line_1_9' title="bbox 322 1777 1146 1892; baseline 0.002 -22"><span class='ocrx_word' id='word_1_85' title='bbox 322 1777 351 1890; x_wconf 81' lang='lat'>†</span> <span class='ocrx_word' id='word_1_86' title='bbox 378 1808 451 1892; x_wconf 84' lang='lat' dir='ltr'>Ego</span> <span class='ocrx_word' id='word_1_87' title='bbox 476 1806 658 1874; x_wconf 82' lang='lat' dir='ltr'>dauferius</span> <span class='ocrx_word' id='word_1_88' title='bbox 683 1809 846 1874; x_wconf 89' lang='lat' dir='ltr'>notarius</span> <span class='ocrx_word' id='word_1_89' title='bbox 872 1825 926 1872; x_wconf 91' lang='lat' dir='ltr'>me</span> <span class='ocrx_word' id='word_1_90' title='bbox 951 1806 1146 1892; x_wconf 87' lang='lat' dir='ltr'>subscripsi</span> 
     </span>
    </p>
   </div>
   <div class='ocr_carea' id='block_1_3' title="bbox 328 1929 1210 2044">
    <p class='ocr_par' dir='ltr' id='par_1_5' title="bbox 328 1929 1210 2044">
     <span class='ocr_line' id='line_1_10' title="bbox 328 1929 1210 2044; baseline -0.001 -21"><span class='ocrx_word' id='word_1_91' title='bbox 328 1929 356 2042; x_wconf 83' lang='lat'>†</span> <span class='ocrx_word' id='word_1_92' title='bbox 383 1960 456 2044; x_wconf 88' lang='lat' dir='ltr'>Ego</span> <span class='ocrx_word' id='word_1_93' title='bbox 483 1961 712 2044; x_wconf 87' lang='lat' dir='ltr'>truppoaldus</span> <span class='ocrx_word' id='word_1_94' title='bbox 737 1964 900 2030; x_wconf 84' lang='lat' dir='ltr'>notarius</span> <span class='ocrx_word' id='word_1_95' title='bbox 926 1979 980 2026; x_wconf 92' lang='lat' dir='ltr'>me</span> <span class='ocrx_word' id='word_1_96' title='bbox 1004 1960 1210 2044; x_wconf 88' lang='lat' dir='ltr'>subscripsi.</span> 
     </span>
    </p>
   </div>
   <div class='ocr_carea' id='block_1_4' title="bbox 994 2247 1419 2260">
    <p class='ocr_par' dir='ltr' id='par_1_6' title="bbox 994 2247 1419 2260">
     <span class='ocr_line' id='line_1_11' title="bbox 994 2247 1419 2260; baseline -0.009 0"><span class='ocrx_word' id='word_1_97' title='bbox 994 2247 1419 2260; x_wconf 56' lang='lat' dir='ltr'>m</span> 
     </span>
    </p>
   </div>
   <div class='ocr_carea' id='block_1_5' title="bbox 1055 2607 1369 2687">
    <p class='ocr_par' dir='ltr' id='par_1_7' title="bbox 1055 2607 1369 2687">
     <span class='ocr_line' id='line_1_12' title="bbox 1055 2607 1369 2687; baseline -0.038 -1"><span class='ocrx_word' id='word_1_98' title='bbox 1055 2607 1369 2687; x_wconf 89' lang='lat' dir='ltr'>MXXXIX.</span> 
     </span>
    </p>
   </div>
   <div class='ocr_carea' id='block_1_6' title="bbox 1063 2903 1355 2994">
    <p class='ocr_par' dir='ltr' id='par_1_8' title="bbox 1063 2903 1355 2994">
     <span class='ocr_line' id='line_1_13' title="bbox 1063 2903 1355 2994; baseline -0.021 -16"><span class='ocrx_word' id='word_1_99' title='bbox 1063 2906 1118 2994; x_wconf 82' lang='lat' dir='ltr'>A.</span> <span class='ocrx_word' id='word_1_100' title='bbox 1145 2907 1198 2978; x_wconf 83' lang='lat' dir='ltr'>n.</span> <span class='ocrx_word' id='word_1_101' title='bbox 1227 2903 1355 2978; x_wconf 79' lang='lat'>1044.</span> 
     </span>
    </p>
   </div>
   <div class='ocr_carea' id='block_1_7' title="bbox 252 3166 2131 3284">
    <p class='ocr_par' dir='ltr' id='par_1_9' title="bbox 252 3166 2131 3284">
     <span class='ocr_line' id='line_1_14' title="bbox 252 3166 2131 3284; baseline 0.003 -26"><span class='ocrx_word' id='word_1_102' title='bbox 252 3255 259 3274; x_wconf 83' lang='grc'><em>,</em></span> <span class='ocrx_word' id='word_1_103' title='bbox 330 3166 359 3280; x_wconf 83' lang='lat'>†</span> <span class='ocrx_word' id='word_1_104' title='bbox 386 3196 426 3260; x_wconf 94' lang='lat' dir='ltr'>ln</span> <span class='ocrx_word' id='word_1_105' title='bbox 450 3193 593 3260; x_wconf 91' lang='lat' dir='ltr'>nomine</span> <span class='ocrx_word' id='word_1_106' title='bbox 617 3193 749 3259; x_wconf 90' lang='lat' dir='ltr'>domini</span> <span class='ocrx_word' id='word_1_107' title='bbox 776 3195 954 3260; x_wconf 85' lang='lat' dir='ltr'>Vicesime</span> <span class='ocrx_word' id='word_1_108' title='bbox 987 3199 1086 3261; x_wconf 79' lang='lat' dir='ltr'>sexte</span> <span class='ocrx_word' id='word_1_109' title='bbox 1115 3212 1209 3261; x_wconf 88' lang='lat' dir='ltr'>anno</span> <span class='ocrx_word' id='word_1_110' title='bbox 1239 3194 1462 3284; x_wconf 87' lang='lat' dir='ltr'>principatus</span> <span class='ocrx_word' id='word_1_111' title='bbox 1486 3193 1618 3260; x_wconf 87' lang='lat' dir='ltr'>salerni</span> <span class='ocrx_word' id='word_1_112' title='bbox 1645 3195 1764 3272; x_wconf 81' lang='lat' dir='ltr'>domni</span> <span class='ocrx_word' id='word_1_113' title='bbox 1791 3196 1901 3261; x_wconf 91' lang='lat' dir='ltr'>nostri</span> <span class='ocrx_word' id='word_1_114' title='bbox 1937 3197 2131 3282; x_wconf 78' lang='lat' dir='ltr'>guaimarii</span> 
     </span>
    </p>
   </div>
   <div class='ocr_carea' id='block_1_8' title="bbox 209 3346 2143 5736">
    <p class='ocr_par' dir='ltr' id='par_1_10' title="bbox 209 3346 2143 5736">
     <span class='ocr_line' id='line_1_15' title="bbox 279 3346 2136 3436; baseline 0.002 -23"><span class='ocrx_word' id='word_1_115' title='bbox 279 3348 425 3433; x_wconf 84' lang='lat' dir='ltr'>gloriosi</span> <span class='ocrx_word' id='word_1_116' title='bbox 451 3347 652 3436; x_wconf 88' lang='lat' dir='ltr'>principis,</span> <span class='ocrx_word' id='word_1_117' title='bbox 678 3350 723 3414; x_wconf 88' lang='lat' dir='ltr'>Et</span> <span class='ocrx_word' id='word_1_118' title='bbox 747 3353 847 3414; x_wconf 79' lang='lat' dir='ltr'>sexto</span> <span class='ocrx_word' id='word_1_119' title='bbox 871 3365 964 3414; x_wconf 92' lang='lat' dir='ltr'>anno</span> <span class='ocrx_word' id='word_1_120' title='bbox 989 3348 1211 3432; x_wconf 86' lang='lat' dir='ltr'>principatus</span> <span class='ocrx_word' id='word_1_121' title='bbox 1235 3347 1310 3412; x_wconf 90' lang='lat' dir='ltr'>eius</span> <span class='ocrx_word' id='word_1_122' title='bbox 1334 3365 1474 3432; x_wconf 87' lang='lat' dir='ltr'>capue,</span> <span class='ocrx_word' id='word_1_123' title='bbox 1499 3349 1543 3412; x_wconf 85' lang='lat' dir='ltr'>Et</span> <span class='ocrx_word' id='word_1_124' title='bbox 1567 3346 1716 3412; x_wconf 87' lang='lat' dir='ltr'>ducatus</span> <span class='ocrx_word' id='word_1_125' title='bbox 1740 3346 1905 3433; x_wconf 77' lang='lat' dir='ltr'>amalfia,</span> <span class='ocrx_word' id='word_1_126' title='bbox 1934 3351 1976 3414; x_wconf 83' lang='lat' dir='ltr'>ut</span> <span class='ocrx_word' id='word_1_127' title='bbox 2010 3351 2136 3436; x_wconf 91' lang='lat' dir='ltr'>quinto</span> 
     </span>
     <span class='ocr_line' id='line_1_16' title="bbox 283 3499 2137 3588; baseline 0.001 -20"><span class='ocrx_word' id='word_1_128' title='bbox 283 3519 378 3568; x_wconf 88' lang='lat' dir='ltr'>anno</span> <span class='ocrx_word' id='word_1_129' title='bbox 407 3502 557 3569; x_wconf 87' lang='lat' dir='ltr'>ducatus</span> <span class='ocrx_word' id='word_1_130' title='bbox 581 3505 658 3570; x_wconf 92' lang='lat' dir='ltr'>eius</span> <span class='ocrx_word' id='word_1_131' title='bbox 683 3505 850 3588; x_wconf 89' lang='lat' dir='ltr'>sirrenti,</span> <span class='ocrx_word' id='word_1_132' title='bbox 875 3505 919 3568; x_wconf 84' lang='lat' dir='ltr'>Et</span> <span class='ocrx_word' id='word_1_133' title='bbox 944 3502 1049 3570; x_wconf 90' lang='lat' dir='ltr'>terlio</span> <span class='ocrx_word' id='word_1_134' title='bbox 1079 3518 1173 3568; x_wconf 90' lang='lat' dir='ltr'>anno</span> <span class='ocrx_word' id='word_1_135' title='bbox 1205 3502 1544 3586; x_wconf 89' lang='lat' dir='ltr'>suprascriptorum.</span> <span class='ocrx_word' id='word_1_136' title='bbox 1559 3499 1826 3584; x_wconf 86' lang='lat' dir='ltr'>principatuum</span> <span class='ocrx_word' id='word_1_137' title='bbox 1867 3503 1910 3566; x_wconf 85' lang='lat' dir='ltr'>Et</span> <span class='ocrx_word' id='word_1_138' title='bbox 1942 3501 2137 3570; x_wconf 88' lang='lat' dir='ltr'>ducatuum</span> 
     </span>
     <span class='ocr_line' id='line_1_17' title="bbox 281 3652 2141 3755; baseline 0.003 -34"><span class='ocrx_word' id='word_1_139' title='bbox 281 3655 402 3721; x_wconf 91' lang='lat' dir='ltr'>domni</span> <span class='ocrx_word' id='word_1_140' title='bbox 428 3655 550 3742; x_wconf 84' lang='lat' dir='ltr'>gisulfi</span> <span class='ocrx_word' id='word_1_141' title='bbox 575 3655 699 3722; x_wconf 84' lang='lat' dir='ltr'>eximii</span> <span class='ocrx_word' id='word_1_142' title='bbox 725 3653 910 3740; x_wconf 89' lang='lat' dir='ltr'>principis.</span> <span class='ocrx_word' id='word_1_143' title='bbox 937 3656 982 3720; x_wconf 87' lang='lat' dir='ltr'>Et</span> <span class='ocrx_word' id='word_1_144' title='bbox 1006 3654 1085 3721; x_wconf 91' lang='lat' dir='ltr'>duci</span> <span class='ocrx_word' id='word_1_145' title='bbox 1113 3653 1177 3720; x_wconf 88' lang='lat' dir='ltr'>filii</span> <span class='ocrx_word' id='word_1_146' title='bbox 1203 3655 1292 3738; x_wconf 81' lang='lat' dir='ltr'>eiuS,</span> <span class='ocrx_word' id='word_1_147' title='bbox 1317 3654 1361 3718; x_wconf 87' lang='lat' dir='ltr'>Et</span> <span class='ocrx_word' id='word_1_148' title='bbox 1384 3652 1536 3755; x_wconf 86' lang='lat' dir='ltr'>seeundo</span> <span class='ocrx_word' id='word_1_149' title='bbox 1562 3671 1656 3720; x_wconf 90' lang='lat' dir='ltr'>anno</span> <span class='ocrx_word' id='word_1_150' title='bbox 1680 3654 1829 3722; x_wconf 88' lang='lat' dir='ltr'>ducatus</span> <span class='ocrx_word' id='word_1_151' title='bbox 1854 3655 1994 3720; x_wconf 91' lang='lat' dir='ltr'>illorum</span> <span class='ocrx_word' id='word_1_152' title='bbox 2015 3659 2141 3741; x_wconf 89' lang='lat' dir='ltr'>apulie</span> 
     </span>
     <span class='ocr_line' id='line_1_18' title="bbox 285 3807 2138 3896; baseline 0.001 -19"><span class='ocrx_word' id='word_1_153' title='bbox 285 3813 331 3877; x_wconf 90' lang='lat' dir='ltr'>Et</span> <span class='ocrx_word' id='word_1_154' title='bbox 356 3807 539 3896; x_wconf 89' lang='lat' dir='ltr'>calabrie,</span> <span class='ocrx_word' id='word_1_155' title='bbox 564 3828 684 3878; x_wconf 89' lang='lat' dir='ltr'>mense</span> <span class='ocrx_word' id='word_1_156' title='bbox 711 3811 845 3894; x_wconf 90' lang='lat' dir='ltr'>iunius,</span> <span class='ocrx_word' id='word_1_157' title='bbox 869 3807 1078 3876; x_wconf 89' lang='lat' dir='ltr'>duodecima</span> <span class='ocrx_word' id='word_1_158' title='bbox 1103 3808 1311 3876; x_wconf 90' lang='lat' dir='ltr'>indictione.</span> <span class='ocrx_word' id='word_1_159' title='bbox 1339 3807 1623 3876; x_wconf 87' lang='lat' dir='ltr'>llemeratorium</span> <span class='ocrx_word' id='word_1_160' title='bbox 1650 3811 1784 3876; x_wconf 86' lang='lat' dir='ltr'>lactum</span> <span class='ocrx_word' id='word_1_161' title='bbox 1809 3830 1830 3876; x_wconf 91' lang='lat' dir='ltr'>a</span> <span class='ocrx_word' id='word_1_162' title='bbox 1863 3829 1917 3876; x_wconf 92' lang='lat' dir='ltr'>me</span> <span class='ocrx_word' id='word_1_163' title='bbox 1950 3813 2138 3896; x_wconf 86' lang='lat' dir='ltr'>iaquintus</span> 
     </span>
     <span class='ocr_line' id='line_1_19' title="bbox 282 3961 2138 4050; baseline 0.001 -20"><span class='ocrx_word' id='word_1_164' title='bbox 282 3962 325 4030; x_wconf 90' lang='lat' dir='ltr'>de</span> <span class='ocrx_word' id='word_1_165' title='bbox 350 3963 425 4028; x_wconf 90' lang='lat' dir='ltr'>loco</span> <span class='ocrx_word' id='word_1_166' title='bbox 449 3967 654 4030; x_wconf 83' lang='lat' dir='ltr'>mentorum</span> <span class='ocrx_word' id='word_1_167' title='bbox 679 3962 773 4028; x_wconf 84' lang='lat' dir='ltr'>illius</span> <span class='ocrx_word' id='word_1_168' title='bbox 796 3962 973 4047; x_wconf 90' lang='lat' dir='ltr'>quendam</span> <span class='ocrx_word' id='word_1_169' title='bbox 999 3962 1104 4046; x_wconf 87' lang='lat' dir='ltr'>petri,</span> <span class='ocrx_word' id='word_1_170' title='bbox 1132 3963 1181 4026; x_wconf 88' lang='lat' dir='ltr'>Ec</span> <span class='ocrx_word' id='word_1_171' title='bbox 1204 3961 1295 4046; x_wconf 91' lang='lat' dir='ltr'>quod</span> <span class='ocrx_word' id='word_1_172' title='bbox 1320 3965 1405 4028; x_wconf 89' lang='lat' dir='ltr'>ante</span> <span class='ocrx_word' id='word_1_173' title='bbox 1428 3962 1641 4046; x_wconf 83' lang='lat' dir='ltr'>subscriptis</span> <span class='ocrx_word' id='word_1_174' title='bbox 1673 3961 1808 4029; x_wconf 88' lang='lat' dir='ltr'>idoneis</span> <span class='ocrx_word' id='word_1_175' title='bbox 1843 3963 2049 4030; x_wconf 88' lang='lat' dir='ltr'>hominibus</span> <span class='ocrx_word' id='word_1_176' title='bbox 2076 3983 2138 4050; x_wconf 91' lang='lat' dir='ltr'>per</span> 
     </span>
     <span class='ocr_line' id='line_1_20' title="bbox 291 4110 2143 4200; baseline 0.004 -22"><span class='ocrx_word' id='word_1_177' title='bbox 291 4132 381 4182; x_wconf 90' lang='lat' dir='ltr'>vona</span> <span class='ocrx_word' id='word_1_178' title='bbox 406 4115 668 4182; x_wconf 90' lang='lat' dir='ltr'>cembenientia</span> <span class='ocrx_word' id='word_1_179' title='bbox 692 4110 843 4182; x_wconf 88' lang='lat' dir='ltr'>tradidit</span> <span class='ocrx_word' id='word_1_180' title='bbox 867 4115 977 4180; x_wconf 91' lang='lat' dir='ltr'>michi</span> <span class='ocrx_word' id='word_1_181' title='bbox 1001 4113 1149 4180; x_wconf 89' lang='lat' dir='ltr'>domnus</span> <span class='ocrx_word' id='word_1_182' title='bbox 1175 4111 1320 4179; x_wconf 85' lang='lat' dir='ltr'>alferius</span> <span class='ocrx_word' id='word_1_183' title='bbox 1346 4113 1517 4180; x_wconf 89' lang='lat' dir='ltr'>diaconus</span> <span class='ocrx_word' id='word_1_184' title='bbox 1557 4114 1835 4200; x_wconf 88' lang='lat' dir='ltr'>archipresbiter</span> <span class='ocrx_word' id='word_1_185' title='bbox 1870 4120 1905 4182; x_wconf 88' lang='lat' dir='ltr'>el</span> <span class='ocrx_word' id='word_1_186' title='bbox 1936 4118 2047 4186; x_wconf 89' lang='lat' dir='ltr'>abbas</span> <span class='ocrx_word' id='word_1_187' title='bbox 2087 4137 2143 4185; x_wconf 90' lang='lat' dir='ltr'>ec-</span> 
     </span>
     <span class='ocr_line' id='line_1_21' title="bbox 281 4266 2140 4357; baseline -0.001 -19"><span class='ocrx_word' id='word_1_188' title='bbox 281 4272 388 4340; x_wconf 90' lang='lat' dir='ltr'>clesie</span> <span class='ocrx_word' id='word_1_189' title='bbox 411 4273 529 4339; x_wconf 88' lang='lat' dir='ltr'>sancti</span> <span class='ocrx_word' id='word_1_190' title='bbox 554 4268 717 4357; x_wconf 86' lang='lat' dir='ltr'>maximi,</span> <span class='ocrx_word' id='word_1_191' title='bbox 743 4270 803 4355; x_wconf 93' lang='lat' dir='ltr'>qui</span> <span class='ocrx_word' id='word_1_192' title='bbox 828 4273 1069 4336; x_wconf 89' lang='lat' dir='ltr'>constructum</span> <span class='ocrx_word' id='word_1_193' title='bbox 1095 4273 1150 4336; x_wconf 87' lang='lat' dir='ltr'>est</span> <span class='ocrx_word' id='word_1_194' title='bbox 1173 4268 1268 4334; x_wconf 88' lang='lat' dir='ltr'>intus</span> <span class='ocrx_word' id='word_1_195' title='bbox 1293 4287 1361 4336; x_wconf 87' lang='lat' dir='ltr'>anc</span> <span class='ocrx_word' id='word_1_196' title='bbox 1385 4266 1647 4336; x_wconf 87' lang='lat' dir='ltr'>salernitanam</span> <span class='ocrx_word' id='word_1_197' title='bbox 1672 4268 1868 4354; x_wconf 79' lang='lat' dir='ltr'>civitatem,</span> <span class='ocrx_word' id='word_1_198' title='bbox 1886 4269 1928 4338; x_wconf 91' lang='lat' dir='ltr'>de</span> <span class='ocrx_word' id='word_1_199' title='bbox 1948 4289 2002 4337; x_wconf 92' lang='lat' dir='ltr'>res</span> <span class='ocrx_word' id='word_1_200' title='bbox 2028 4273 2140 4356; x_wconf 91' lang='lat' dir='ltr'>perti-</span> 
     </span>
     <span class='ocr_line' id='line_1_22' title="bbox 209 4395 2135 4511; baseline -0.002 -17"><span class='ocrx_word' id='word_1_201' title='bbox 209 4395 216 4406; x_wconf 40' lang='lat'>·</span> <span class='ocrx_word' id='word_1_202' title='bbox 289 4435 415 4494; x_wconf 86' lang='lat' dir='ltr'>nentes</span> <span class='ocrx_word' id='word_1_203' title='bbox 440 4423 555 4511; x_wconf 91' lang='lat' dir='ltr'>ipsius</span> <span class='ocrx_word' id='word_1_204' title='bbox 578 4423 724 4491; x_wconf 89' lang='lat' dir='ltr'>ecclesie</span> <span class='ocrx_word' id='word_1_205' title='bbox 748 4423 815 4492; x_wconf 89' lang='lat' dir='ltr'>due</span> <span class='ocrx_word' id='word_1_206' title='bbox 839 4426 936 4511; x_wconf 90' lang='lat' dir='ltr'>pecie</span> <span class='ocrx_word' id='word_1_207' title='bbox 960 4423 1002 4490; x_wconf 91' lang='lat' dir='ltr'>de</span> <span class='ocrx_word' id='word_1_208' title='bbox 1025 4427 1135 4507; x_wconf 91' lang='lat' dir='ltr'>terra,</span> <span class='ocrx_word' id='word_1_209' title='bbox 1161 4420 1252 4506; x_wconf 90' lang='lat' dir='ltr'>quod</span> <span class='ocrx_word' id='word_1_210' title='bbox 1278 4421 1315 4486; x_wconf 91' lang='lat' dir='ltr'>in</span> <span class='ocrx_word' id='word_1_211' title='bbox 1339 4418 1550 4487; x_wconf 84' lang='lat' dir='ltr'>beneficium</span> <span class='ocrx_word' id='word_1_212' title='bbox 1585 4424 1715 4489; x_wconf 88' lang='lat' dir='ltr'>retinet</span> <span class='ocrx_word' id='word_1_213' title='bbox 1739 4427 1862 4507; x_wconf 89' lang='lat' dir='ltr'>petrus</span> <span class='ocrx_word' id='word_1_214' title='bbox 1886 4423 2058 4491; x_wconf 90' lang='lat' dir='ltr'>diaconus</span> <span class='ocrx_word' id='word_1_215' title='bbox 2094 4423 2135 4490; x_wconf 83' lang='lat' dir='ltr'>fi-</span> 
     </span>
     <span class='ocr_line' id='line_1_23' title="bbox 280 4573 2138 4664; baseline -0.001 -19"><span class='ocrx_word' id='word_1_216' title='bbox 280 4578 354 4646; x_wconf 93' lang='lat' dir='ltr'>lius</span> <span class='ocrx_word' id='word_1_217' title='bbox 377 4578 525 4647; x_wconf 91' lang='lat' dir='ltr'>iohanni</span> <span class='ocrx_word' id='word_1_218' title='bbox 552 4577 597 4645; x_wconf 90' lang='lat' dir='ltr'>da</span> <span class='ocrx_word' id='word_1_219' title='bbox 622 4597 705 4664; x_wconf 91' lang='lat' dir='ltr'>pars</span> <span class='ocrx_word' id='word_1_220' title='bbox 730 4577 842 4664; x_wconf 90' lang='lat' dir='ltr'>ipsius</span> <span class='ocrx_word' id='word_1_221' title='bbox 865 4576 1013 4644; x_wconf 88' lang='lat' dir='ltr'>ecclesie</span> <span class='ocrx_word' id='word_1_222' title='bbox 1037 4576 1075 4641; x_wconf 89' lang='lat' dir='ltr'>in</span> <span class='ocrx_word' id='word_1_223' title='bbox 1099 4573 1265 4642; x_wconf 90' lang='lat' dir='ltr'>iamdicto</span> <span class='ocrx_word' id='word_1_224' title='bbox 1291 4574 1364 4640; x_wconf 92' lang='lat' dir='ltr'>loco</span> <span class='ocrx_word' id='word_1_225' title='bbox 1390 4579 1571 4659; x_wconf 86' lang='lat' dir='ltr'>muntoru;</span> <span class='ocrx_word' id='word_1_226' title='bbox 1589 4593 1662 4642; x_wconf 89' lang='lat' dir='ltr'>una</span> <span class='ocrx_word' id='word_1_227' title='bbox 1679 4595 1724 4642; x_wconf 85' lang='lat' dir='ltr'>ex</span> <span class='ocrx_word' id='word_1_228' title='bbox 1743 4573 1814 4661; x_wconf 91' lang='lat' dir='ltr'>ipse</span> <span class='ocrx_word' id='word_1_229' title='bbox 1832 4577 1931 4660; x_wconf 88' lang='lat' dir='ltr'>pecie</span> <span class='ocrx_word' id='word_1_230' title='bbox 1958 4581 2013 4644; x_wconf 90' lang='lat' dir='ltr'>est</span> <span class='ocrx_word' id='word_1_231' title='bbox 2038 4581 2138 4644; x_wconf 88' lang='lat' dir='ltr'>terra</span> 
     </span>
     <span class='ocr_line' id='line_1_24' title="bbox 288 4726 2138 4816; baseline -0.003 -16"><span class='ocrx_word' id='word_1_232' title='bbox 288 4752 367 4801; x_wconf 91' lang='lat' dir='ltr'>cum</span> <span class='ocrx_word' id='word_1_233' title='bbox 392 4735 547 4816; x_wconf 89' lang='lat' dir='ltr'>arbusto,</span> <span class='ocrx_word' id='word_1_234' title='bbox 565 4729 627 4798; x_wconf 90' lang='lat' dir='ltr'>ubi</span> <span class='ocrx_word' id='word_1_235' title='bbox 652 4731 783 4797; x_wconf 91' lang='lat' dir='ltr'>dicitur</span> <span class='ocrx_word' id='word_1_236' title='bbox 807 4727 876 4796; x_wconf 88' lang='lat' dir='ltr'>alle</span> <span class='ocrx_word' id='word_1_237' title='bbox 900 4729 1002 4814; x_wconf 84' lang='lat' dir='ltr'>fosse3</span> <span class='ocrx_word' id='word_1_238' title='bbox 1029 4731 1105 4814; x_wconf 88' lang='lat' dir='ltr'>ipsa</span> <span class='ocrx_word' id='word_1_239' title='bbox 1129 4726 1203 4796; x_wconf 88' lang='lat' dir='ltr'>alia</span> <span class='ocrx_word' id='word_1_240' title='bbox 1228 4730 1330 4812; x_wconf 90' lang='lat' dir='ltr'>pecia</span> <span class='ocrx_word' id='word_1_241' title='bbox 1357 4727 1394 4791; x_wconf 93' lang='lat' dir='ltr'>in</span> <span class='ocrx_word' id='word_1_242' title='bbox 1420 4727 1543 4795; x_wconf 90' lang='lat' dir='ltr'>eodem</span> <span class='ocrx_word' id='word_1_243' title='bbox 1569 4729 1643 4795; x_wconf 91' lang='lat' dir='ltr'>leco</span> <span class='ocrx_word' id='word_1_244' title='bbox 1667 4747 1735 4812; x_wconf 91' lang='lat' dir='ltr'>que</span> <span class='ocrx_word' id='word_1_245' title='bbox 1752 4734 1805 4796; x_wconf 88' lang='lat' dir='ltr'>est</span> <span class='ocrx_word' id='word_1_246' title='bbox 1822 4735 1920 4796; x_wconf 86' lang='lat' dir='ltr'>terra</span> <span class='ocrx_word' id='word_1_247' title='bbox 1936 4747 2015 4795; x_wconf 90' lang='lat' dir='ltr'>cum</span> <span class='ocrx_word' id='word_1_248' title='bbox 2040 4729 2138 4796; x_wconf 89' lang='lat' dir='ltr'>abel-</span> 
     </span>
     <span class='ocr_line' id='line_1_25' title="bbox 282 4879 2136 4972; baseline -0.002 -20"><span class='ocrx_word' id='word_1_249' title='bbox 282 4887 427 4972; x_wconf 89' lang='lat' dir='ltr'>laniet0,</span> <span class='ocrx_word' id='word_1_250' title='bbox 447 4889 483 4953; x_wconf 89' lang='lat' dir='ltr'>et</span> <span class='ocrx_word' id='word_1_251' title='bbox 500 4885 573 4952; x_wconf 91' lang='lat' dir='ltr'>iam</span> <span class='ocrx_word' id='word_1_252' title='bbox 596 4885 639 4951; x_wconf 89' lang='lat' dir='ltr'>de</span> <span class='ocrx_word' id='word_1_253' title='bbox 663 4887 747 4952; x_wconf 86' lang='lat' dir='ltr'>ante</span> <span class='ocrx_word' id='word_1_254' title='bbox 769 4901 807 4948; x_wconf 91' lang='lat' dir='ltr'>os</span> <span class='ocrx_word' id='word_1_255' title='bbox 831 4900 944 4949; x_wconf 84' lang='lat' dir='ltr'>annos</span> <span class='ocrx_word' id='word_1_256' title='bbox 963 4883 1036 4965; x_wconf 90' lang='lat' dir='ltr'>ipse</span> <span class='ocrx_word' id='word_1_257' title='bbox 1060 4881 1158 4967; x_wconf 90' lang='lat' dir='ltr'>pecie</span> <span class='ocrx_word' id='word_1_258' title='bbox 1175 4881 1327 4947; x_wconf 91' lang='lat' dir='ltr'>retinuit</span> <span class='ocrx_word' id='word_1_259' title='bbox 1343 4899 1405 4965; x_wconf 91' lang='lat' dir='ltr'>per</span> <span class='ocrx_word' id='word_1_260' title='bbox 1422 4883 1520 4947; x_wconf 89' lang='lat' dir='ltr'>brebi</span> <span class='ocrx_word' id='word_1_261' title='bbox 1538 4881 1579 4948; x_wconf 90' lang='lat' dir='ltr'>ad</span> <span class='ocrx_word' id='word_1_262' title='bbox 1600 4879 1831 4947; x_wconf 88' lang='lat' dir='ltr'>lavorandum</span> <span class='ocrx_word' id='word_1_263' title='bbox 1849 4882 1894 4947; x_wconf 88' lang='lat' dir='ltr'>da</span> <span class='ocrx_word' id='word_1_264' title='bbox 1911 4901 1994 4967; x_wconf 90' lang='lat' dir='ltr'>pars</span> <span class='ocrx_word' id='word_1_265' title='bbox 2022 4882 2136 4967; x_wconf 87' lang='lat' dir='ltr'>ipsius</span> 
     </span>
     <span class='ocr_line' id='line_1_26' title="bbox 286 5005 2141 5118; baseline -0.002 -14"><span class='ocrx_word' id='word_1_266' title='bbox 286 5037 435 5104; x_wconf 87' lang='lat' dir='ltr'>ecclesie</span> <span class='ocrx_word' id='word_1_267' title='bbox 459 5036 576 5103; x_wconf 84' lang='lat' dir='ltr'>roffrit</span> <span class='ocrx_word' id='word_1_268' title='bbox 599 5035 694 5102; x_wconf 87' lang='lat' dir='ltr'>lilius</span> <span class='ocrx_word' id='word_1_269' title='bbox 718 5032 893 5118; x_wconf 76' lang='lat' dir='ltr'>marcidi,</span> <span class='ocrx_word' id='word_1_270' title='bbox 915 5005 979 5118; x_wconf 69' lang='lat' dir='ltr'>oui</span> <span class='ocrx_word' id='word_1_271' title='bbox 1004 5032 1080 5098; x_wconf 89' lang='lat' dir='ltr'>siue</span> <span class='ocrx_word' id='word_1_272' title='bbox 1105 5031 1217 5099; x_wconf 89' lang='lat' dir='ltr'>fllium</span> <span class='ocrx_word' id='word_1_273' title='bbox 1241 5037 1276 5100; x_wconf 95' lang='lat' dir='ltr'>et</span> <span class='ocrx_word' id='word_1_274' title='bbox 1299 5033 1375 5100; x_wconf 90' lang='lat' dir='ltr'>iilia</span> <span class='ocrx_word' id='word_1_275' title='bbox 1400 5037 1560 5100; x_wconf 88' lang='lat' dir='ltr'>mortuus</span> <span class='ocrx_word' id='word_1_276' title='bbox 1584 5038 1648 5098; x_wconf 87' lang='lat' dir='ltr'>est.</span> <span class='ocrx_word' id='word_1_277' title='bbox 1674 5033 1746 5099; x_wconf 82' lang='lat' dir='ltr'>Tali</span> <span class='ocrx_word' id='word_1_278' title='bbox 1775 5033 1912 5118; x_wconf 89' lang='lat' dir='ltr'>tinore,</span> <span class='ocrx_word' id='word_1_279' title='bbox 1940 5039 1978 5100; x_wconf 87' lang='lat' dir='ltr'>ul</span> <span class='ocrx_word' id='word_1_280' title='bbox 2012 5035 2141 5101; x_wconf 90' lang='lat' dir='ltr'>amede</span> 
     </span>
     <span class='ocr_line' id='line_1_27' title="bbox 282 5185 2132 5276; baseline -0.003 -17"><span class='ocrx_word' id='word_1_281' title='bbox 282 5196 318 5259; x_wconf 88' lang='lat' dir='ltr'>et</span> <span class='ocrx_word' id='word_1_282' title='bbox 341 5208 491 5276; x_wconf 86' lang='lat' dir='ltr'>semper,</span> <span class='ocrx_word' id='word_1_283' title='bbox 518 5193 619 5257; x_wconf 86' lang='lat' dir='ltr'>natos</span> <span class='ocrx_word' id='word_1_284' title='bbox 643 5193 843 5273; x_wconf 82' lang='lat' dir='ltr'>nascentes,</span> <span class='ocrx_word' id='word_1_285' title='bbox 868 5187 911 5256; x_wconf 90' lang='lat' dir='ltr'>ad</span> <span class='ocrx_word' id='word_1_286' title='bbox 930 5206 1007 5254; x_wconf 88' lang='lat' dir='ltr'>mea</span> <span class='ocrx_word' id='word_1_287' title='bbox 1031 5189 1067 5252; x_wconf 90' lang='lat' dir='ltr'>et</span> <span class='ocrx_word' id='word_1_288' title='bbox 1084 5185 1126 5252; x_wconf 92' lang='lat' dir='ltr'>de</span> <span class='ocrx_word' id='word_1_289' title='bbox 1143 5187 1230 5252; x_wconf 90' lang='lat' dir='ltr'>meis</span> <span class='ocrx_word' id='word_1_290' title='bbox 1246 5186 1412 5253; x_wconf 90' lang='lat' dir='ltr'>eredibus</span> <span class='ocrx_word' id='word_1_291' title='bbox 1436 5185 1509 5251; x_wconf 89' lang='lat' dir='ltr'>sint</span> <span class='ocrx_word' id='word_1_292' title='bbox 1527 5186 1709 5271; x_wconf 89' lang='lat' dir='ltr'>potestatis</span> <span class='ocrx_word' id='word_1_293' title='bbox 1728 5185 1806 5253; x_wconf 90' lang='lat' dir='ltr'>illut</span> <span class='ocrx_word' id='word_1_294' title='bbox 1823 5189 2024 5270; x_wconf 88' lang='lat' dir='ltr'>teneamus,</span> <span class='ocrx_word' id='word_1_295' title='bbox 2044 5207 2132 5272; x_wconf 87' lang='lat' dir='ltr'>qua·</span> 
     </span>
     <span class='ocr_line' id='line_1_28' title="bbox 284 5337 2138 5428; baseline -0.001 -20"><span class='ocrx_word' id='word_1_296' title='bbox 284 5343 368 5412; x_wconf 90' lang='lat' dir='ltr'>liter</span> <span class='ocrx_word' id='word_1_297' title='bbox 392 5343 557 5411; x_wconf 86' lang='lat' dir='ltr'>exomni</span> <span class='ocrx_word' id='word_1_298' title='bbox 583 5347 685 5428; x_wconf 85' lang='lat' dir='ltr'>parte</span> <span class='ocrx_word' id='word_1_299' title='bbox 710 5341 899 5408; x_wconf 88' lang='lat' dir='ltr'>coniuncte</span> <span class='ocrx_word' id='word_1_300' title='bbox 923 5344 1008 5406; x_wconf 89' lang='lat' dir='ltr'>sunt</span> <span class='ocrx_word' id='word_1_301' title='bbox 1032 5338 1076 5407; x_wconf 91' lang='lat' dir='ltr'>ad</span> <span class='ocrx_word' id='word_1_302' title='bbox 1100 5339 1206 5405; x_wconf 86' lang='lat' dir='ltr'>finem</span> <span class='ocrx_word' id='word_1_303' title='bbox 1231 5339 1343 5424; x_wconf 91' lang='lat' dir='ltr'>ipsius</span> <span class='ocrx_word' id='word_1_304' title='bbox 1366 5337 1527 5423; x_wconf 87' lang='lat' dir='ltr'>ecclesie,</span> <span class='ocrx_word' id='word_1_305' title='bbox 1555 5340 1672 5406; x_wconf 88' lang='lat' dir='ltr'>foveas</span> <span class='ocrx_word' id='word_1_306' title='bbox 1695 5344 1730 5404; x_wconf 90' lang='lat' dir='ltr'>et</span> <span class='ocrx_word' id='word_1_307' title='bbox 1762 5343 1878 5406; x_wconf 90' lang='lat' dir='ltr'>omnis</span> <span class='ocrx_word' id='word_1_308' title='bbox 1909 5345 2028 5407; x_wconf 91' lang='lat' dir='ltr'>ncslre</span> <span class='ocrx_word' id='word_1_309' title='bbox 2066 5342 2138 5408; x_wconf 92' lang='lat' dir='ltr'>uti-</span> 
     </span>
     <span class='ocr_line' id='line_1_29' title="bbox 287 5490 2138 5580; baseline -0.001 -18"><span class='ocrx_word' id='word_1_310' title='bbox 287 5495 408 5566; x_wconf 89' lang='lat' dir='ltr'>litatis</span> <span class='ocrx_word' id='word_1_311' title='bbox 431 5495 527 5564; x_wconf 88' lang='lat' dir='ltr'>iusta</span> <span class='ocrx_word' id='word_1_312' title='bbox 552 5497 691 5564; x_wconf 89' lang='lat' dir='ltr'>ratione</span> <span class='ocrx_word' id='word_1_313' title='bbox 716 5496 755 5562; x_wconf 93' lang='lat' dir='ltr'>in</span> <span class='ocrx_word' id='word_1_314' title='bbox 779 5495 883 5564; x_wconf 88' lang='lat' dir='ltr'>ambe</span> <span class='ocrx_word' id='word_1_315' title='bbox 910 5493 984 5580; x_wconf 91' lang='lat' dir='ltr'>ipse</span> <span class='ocrx_word' id='word_1_316' title='bbox 1008 5493 1104 5579; x_wconf 90' lang='lat' dir='ltr'>pecie</span> <span class='ocrx_word' id='word_1_317' title='bbox 1129 5492 1315 5577; x_wconf 82' lang='lat' dir='ltr'>iaciamus,</span> <span class='ocrx_word' id='word_1_318' title='bbox 1339 5498 1375 5559; x_wconf 88' lang='lat' dir='ltr'>et</span> <span class='ocrx_word' id='word_1_319' title='bbox 1399 5492 1492 5559; x_wconf 90' lang='lat' dir='ltr'>unde</span> <span class='ocrx_word' id='word_1_320' title='bbox 1517 5493 1700 5578; x_wconf 89' lang='lat' dir='ltr'>meruerit,</span> <span class='ocrx_word' id='word_1_321' title='bbox 1726 5490 1786 5558; x_wconf 88' lang='lat' dir='ltr'>ille</span> <span class='ocrx_word' id='word_1_322' title='bbox 1810 5493 1941 5558; x_wconf 88' lang='lat' dir='ltr'>clusem</span> <span class='ocrx_word' id='word_1_323' title='bbox 1966 5495 2138 5560; x_wconf 88' lang='lat' dir='ltr'>abeamus</span> 
     </span>
     <span class='ocr_line' id='line_1_30' title="bbox 284 5645 2137 5736; baseline -0.002 -19"><span class='ocrx_word' id='word_1_324' title='bbox 284 5655 320 5718; x_wconf 88' lang='lat' dir='ltr'>ot</span> <span class='ocrx_word' id='word_1_325' title='bbox 343 5652 477 5720; x_wconf 86' lang='lat' dir='ltr'>salbem</span> <span class='ocrx_word' id='word_1_326' title='bbox 493 5650 553 5718; x_wconf 92' lang='lat' dir='ltr'>ille</span> <span class='ocrx_word' id='word_1_327' title='bbox 573 5650 758 5736; x_wconf 83' lang='lat' dir='ltr'>faciamus,</span> <span class='ocrx_word' id='word_1_328' title='bbox 778 5655 814 5718; x_wconf 87' lang='lat' dir='ltr'>et</span> <span class='ocrx_word' id='word_1_329' title='bbox 830 5655 913 5735; x_wconf 90' lang='lat' dir='ltr'>apto</span> <span class='ocrx_word' id='word_1_330' title='bbox 930 5654 1088 5733; x_wconf 89' lang='lat' dir='ltr'>tempore</span> <span class='ocrx_word' id='word_1_331' title='bbox 1107 5647 1187 5714; x_wconf 89' lang='lat' dir='ltr'>illut</span> <span class='ocrx_word' id='word_1_332' title='bbox 1204 5645 1417 5730; x_wconf 78' lang='lat' dir='ltr'>laboremuS,</span> <span class='ocrx_word' id='word_1_333' title='bbox 1435 5652 1485 5732; x_wconf 88' lang='lat' dir='ltr'>et,</span> <span class='ocrx_word' id='word_1_334' title='bbox 1500 5649 1556 5713; x_wconf 91' lang='lat' dir='ltr'>ubi</span> <span class='ocrx_word' id='word_1_335' title='bbox 1579 5645 1762 5732; x_wconf 87' lang='lat' dir='ltr'>meruerit,</span> <span class='ocrx_word' id='word_1_336' title='bbox 1776 5649 1921 5714; x_wconf 89' lang='lat' dir='ltr'>arbores</span> <span class='ocrx_word' id='word_1_337' title='bbox 1937 5653 1973 5715; x_wconf 91' lang='lat' dir='ltr'>et</span> <span class='ocrx_word' id='word_1_338' title='bbox 1991 5649 2082 5716; x_wconf 90' lang='lat' dir='ltr'>vites</span> <span class='ocrx_word' id='word_1_339' title='bbox 2099 5653 2137 5715; x_wconf 80' lang='lat' dir='ltr'>&#39;et</span> 
     </span>
    </p>
   </div>
   <div class='ocr_carea' id='block_1_9' title="bbox 291 5797 2135 5891">
    <p class='ocr_par' dir='ltr' id='par_1_11' title="bbox 291 5797 2135 5891">
     <span class='ocr_line' id='line_1_31' title="bbox 291 5797 2135 5891; baseline -0.003 -18"><span class='ocrx_word' id='word_1_340' title='bbox 291 5803 478 5875; x_wconf 80' lang='lat' dir='ltr'>abellanae</span> <span class='ocrx_word' id='word_1_341' title='bbox 494 5804 626 5872; x_wconf 91' lang='lat' dir='ltr'>ibidem</span> <span class='ocrx_word' id='word_1_342' title='bbox 644 5803 847 5891; x_wconf 89' lang='lat' dir='ltr'>plantemus</span> <span class='ocrx_word' id='word_1_343' title='bbox 870 5807 907 5870; x_wconf 88' lang='lat' dir='ltr'>et</span> <span class='ocrx_word' id='word_1_344' title='bbox 930 5802 1208 5888; x_wconf 88' lang='lat' dir='ltr'>propaginemus</span> <span class='ocrx_word' id='word_1_345' title='bbox 1230 5799 1273 5866; x_wconf 89' lang='lat' dir='ltr'>de</span> <span class='ocrx_word' id='word_1_346' title='bbox 1298 5816 1388 5865; x_wconf 90' lang='lat' dir='ltr'>veno</span> <span class='ocrx_word' id='word_1_347' title='bbox 1414 5798 1546 5866; x_wconf 90' lang='lat' dir='ltr'>vitinec</span> <span class='ocrx_word' id='word_1_348' title='bbox 1563 5803 1600 5865; x_wconf 88' lang='lat' dir='ltr'>et</span> <span class='ocrx_word' id='word_1_349' title='bbox 1616 5797 1793 5883; x_wconf 84' lang='lat' dir='ltr'>abellane,</span> <span class='ocrx_word' id='word_1_350' title='bbox 1811 5807 1846 5867; x_wconf 87' lang='lat' dir='ltr'>et</span> <span class='ocrx_word' id='word_1_351' title='bbox 1861 5801 1912 5866; x_wconf 92' lang='lat' dir='ltr'>sie</span> <span class='ocrx_word' id='word_1_352' title='bbox 1927 5799 2008 5867; x_wconf 92' lang='lat' dir='ltr'>illut</span> <span class='ocrx_word' id='word_1_353' title='bbox 2023 5805 2135 5868; x_wconf 89' lang='lat' dir='ltr'>totum</span> 
     </span>
    </p>
   </div>
   <div class='ocr_carea' id='block_1_10' title="bbox 0 0 2716 7108">
    <p class='ocr_par' dir='ltr' id='par_1_12' title="bbox 0 0 2716 7108">
     <span class='ocr_line' id='line_1_32' title="bbox 0 0 2716 7108; baseline 0 0"><span class='ocrx_word' id='word_1_354' title='bbox 0 0 2716 7108; x_wconf 95' lang='lat' dir='ltr'> </span> 
     </span>
    </p>
   </div>
  </div>
 </body>
</html>
