5406 7090
1025 502 1440 598 nivn'ouarions
2042 515 2116 591 285

229 839 235 852 ⁸
307 746 378 818 filii
404 749 509 838 ligeri
535 753 571 820 et
594 752 747 820 consorti
773 753 878 840 eiuS,
902 753 995 822 siout
1024 751 1135 820 limite
1164 751 1339 840 decernit,
1369 755 1405 820 et
1435 748 1580 820 abiente
1610 767 1672 836 per
1702 748 1773 815 fine
1799 744 1940 813 illorum
1965 748 2001 814 et
2023 743 2095 812 fine
2120 742 2160 811 in

316 903 396 972 ribo
420 905 539 972 bihum
564 906 626 993 qui
653 911 706 975 est
729 909 768 976 in
793 909 960 996 partibus
982 907 1188 994 occidentis,
1204 913 1240 976 et
1256 903 1469 976 ascendente
1492 903 1571 971 ribo
1598 903 1673 990 ipso
1694 905 1731 970 et
1753 901 1897 969 exiente
1922 899 1966 968 de
1991 897 2165 968 iamdicto

314 1059 433 1126 rihum
457 1065 494 1126 et
517 1060 616 1128 abiet
640 1060 678 1126 in
702 1061 774 1129 fine
796 1061 917 1149 rugati
941 1059 1006 1128 lilii
1032 1059 1211 1147 iaquinti,
1235 1061 1271 1127 et
1293 1057 1339 1126 da
1363 1057 1433 1124 line
1463 1059 1540 1143 ipsa
1563 1053 1724 1125 ascendit
1749 1053 1787 1120 in
1813 1054 1883 1120 fine
1915 1054 2071 1121 iohanne
2096 1052 2163 1120 filii

312 1212 462 1282 iohanni
486 1215 521 1281 et
547 1216 705 1282 consorti
731 1217 824 1303 eins,
850 1217 886 1282 et
909 1215 1055 1284 abiente
1078 1233 1141 1301 per
1165 1212 1235 1280 ilne
1258 1211 1397 1279 illorum
1423 1227 1535 1297 usque
1556 1206 1657 1277 hadit
1680 1209 1716 1274 in
1735 1205 1804 1274 line
1827 1206 1996 1296 godelieri
2021 1208 2158 1293 presbi-

212 1461 222 1479 ὁ
313 1367 385 1452 ter,
402 1384 470 1451 que
494 1371 548 1434 est
570 1369 686 1454 prima
702 1366 787 1454 line3
805 1387 911 1455 quam
936 1371 972 1435 et
988 1365 1122 1454 recepit
1138 1365 1318 1454 predictus
1342 1364 1448 1434 lando
1464 1384 1537 1434 nna
1552 1368 1652 1452 pecia
1669 1365 1711 1433 de
1727 1369 1825 1432 terra
1841 1363 1880 1430 in
1897 1362 2009 1430 locum
2029 1361 2088 1430 nbi
2093 1409 2167 1432 .....

308 1518 471 1608 dicitur,
496 1521 557 1607 qui
582 1522 703 1590 statim
728 1541 790 1608 per
814 1523 939 1592 fustem
963 1522 1005 1590 de
1028 1539 1135 1589 manu
1161 1537 1224 1587 nos
1248 1519 1427 1605 predictus
1451 1517 1556 1587 lando
1584 1515 1783 1584 remisimus
1816 1515 1884 1583 tihi
1913 1515 2061 1602 predicti
2087 1516 2169 1602 gri-

311 1673 458 1758 moaldi,
483 1674 576 1743 sicut
599 1677 747 1762 scriptio
770 1678 848 1763 ipsa
871 1676 1031 1744 continet
1056 1695 1136 1743 curn
1159 1675 1300 1763 proprie
1325 1675 1407 1742 linis
1430 1677 1466 1740 et
1489 1673 1568 1742 bioa
1593 1673 1636 1739 de
1661 1673 1718 1740 via
1740 1690 1821 1755 sua,
1848 1690 1929 1738 curn
1954 1671 2113 1738 transita
2129 1673 2167 1738 et

308 1829 411 1897 exita
434 1847 513 1916 sua,
538 1835 573 1896 et
596 1849 677 1898 cum
702 1831 822 1899 omnia
843 1827 1063 1917 pertinentia
1091 1829 1187 1896 intro
1211 1847 1248 1896 se
1272 1829 1461 1897 abentibus
1486 1835 1600 1893 vestre
1624 1827 1671 1891 sit
1698 1825 1877 1911 potestati.
1895 1823 1995 1891 Unde
2017 1841 2082 1890 nec
2100 1841 2163 1890 no-

313 1981 368 2052 bis
392 1983 455 2070 qui
479 2002 586 2076 supra
610 1985 795 2052 nominato
820 1983 938 2067 lando,
963 2001 1079 2070 neque
1102 1989 1141 2050 at
1165 1983 1296 2049 nostris
1319 1981 1520 2066 heredibus,
1547 1995 1660 2065 neque
1683 1985 1722 2046 at
1739 1978 1860 2044 nullus
1882 1978 2086 2063 quempiam
2103 1979 2169 2044 ho·

313 2139 444 2207 minem
470 2135 583 2204 nichil
608 2137 761 2204 dicimus
784 2136 892 2205 alicui
918 2137 1113 2222 portionem
1138 2138 1334 2220 reserbare;
1351 2137 1405 2202 set
1430 2151 1491 2218 pro
1506 2132 1789 2201 confirmandam
1808 2139 1844 2200 et
1868 2129 2166 2200 staviliscendam

311 2291 406 2359 hanc
431 2297 555 2358 nostra
578 2290 707 2359 divisio
730 2289 864 2377 guadia
887 2307 949 2356 nos
974 2291 1122 2376 predicti
1147 2289 1252 2358 lando
1276 2288 1342 2356 tibi
1370 2287 1537 2356 iamdicto
1561 2287 1759 2374 grimoaldo
1782 2285 1956 2373 dedimus,
1974 2290 2010 2354 et
2035 2285 2173 2356 media·

314 2450 424 2513 torem
451 2447 515 2513 tihi
543 2447 724 2533 posuimus
752 2465 835 2514 urso
865 2446 938 2515 illio
969 2447 1093 2514 mnndi
1126 2446 1329 2530 presbiteri3
1353 2447 1444 2532 quod
1470 2448 1500 2514 si
1526 2445 1720 2533 aliqnando
1746 2451 1903 2532 tempore
1928 2447 2070 2516 cartula
2098 2449 2170 2516 ista

310 2601 502 2669 divisionis
525 2599 746 2687 disrumpere
770 2606 835 2668 aut
858 2603 1039 2668 remobere
1063 2602 1302 2688 voluerimus,
1329 2602 1383 2668 vel
1407 2603 1434 2668 si
1461 2601 1583 2688 aliqua
1613 2601 1718 2669 fortia
1743 2600 1796 2667 vel
1823 2602 1958 2668 virtute
1985 2604 2022 2666 in
2048 2607 2172 2671 vestra

312 2756 470 2824 sortione
494 2754 612 2823 lacere
636 2755 870 2842 quesierimus
894 2773 956 2841 per
980 2754 1138 2841 qualivet
1161 2754 1273 2822 modis
1298 2753 1350 2822 vel
1367 2753 1526 2842 ingenio,
1552 2758 1615 2822 aut
1638 2754 1885 2840 quodcumque
1910 2755 2089 2823 calumnie
2113 2753 2170 2822 vel

314 2908 476 2976 causatio
501 2909 597 2974 vobis
619 2907 750 2978 exinde
775 2907 939 2976 emittere
962 2907 1222 2994 quesierimus,
1246 2912 1333 2975 tunc
1357 2925 1420 2995 per
1446 2909 1522 2994 ipsa
1545 2907 1682 2994 guadia
1705 2913 1742 2975 et
1766 2907 2001 2976 mediatorem
2033 2909 2171 2996 obliga-

317 3062 411 3130 imus
434 3081 497 3130 nos
520 3071 556 3131 et
578 3065 710 3132 nostris
732 3064 923 3132 heredibus
946 3064 1012 3132 tibi
1028 3063 1182 3132 amdicto
1204 3063 1401 3149 grimoaldo
1424 3081 1531 3148 quam
1555 3069 1590 3129 et
1606 3062 1650 3130 ad
1666 3025 1806 3130 vestris*
1816 3063 2007 3132 heredibus
2024 3069 2062 3132 at
2077 3082 2182 3131 com-

319 3215 521 3303 ponendum
546 3216 628 3284 auri
654 3216 755 3284 solidi
780 3215 1061 3285 constantiniani
1088 3216 1232 3303 viginti,
1255 3224 1291 3282 et
1316 3216 1557 3303 unnsquisque
1573 3218 1610 3283 in
1627 3236 1692 3285 sua
1716 3224 1860 3285 maneat
1883 3219 2007 3303 sertio,
2032 3223 2069 3285 et
2093 3235 2152 3284 om

321 3369 386 3438 nia
407 3387 476 3455 que
500 3370 666 3455 superius
691 3369 835 3457 legitur,
853 3387 915 3456 per
939 3369 1062 3437 invitis
1085 3373 1186 3436 vohis
1209 3372 1329 3438 omnia
1346 3369 1597 3456 atimpleamus
1613 3363 1674 3455 per
1691 3370 1862 3438 iamdicta
1877 3370 2011 3455 guadia
2028 3375 2063 3438 et
2088 3371 2181 3439 obli-

315 3527 404 3610 gata
428 3541 536 3609 pena,
562 3527 598 3591 et
622 3525 696 3610 ipse
722 3523 898 3592 mediator
921 3523 1049 3592 tribuit
1074 3523 1193 3592 omnia
1210 3529 1245 3591 et
1261 3523 1525 3611 pignerandum
1550 3523 1713 3610 legitima
1730 3527 1765 3590 et
1783 3523 1998 3610 inlegitima.
2019 3525 2063 3592 Et
2081 3527 2180 3593 hanc

316 3677 498 3746 cartulam
524 3675 709 3744 divisionis
732 3676 858 3763 scripsi
882 3680 918 3744 et
942 3675 1086 3744 interlui
1111 3694 1176 3763 ego
1200 3675 1390 3744 silberamo
1414 3679 1592 3763 presbiter
1616 3685 1652 3746 et
1675 3679 1850 3746 notarius.

364 3799 395 3918 †
421 3832 495 3918 Ego
519 3834 659 3897 cetano.

367 3955 400 4072 †
425 3985 499 4072 Ego
523 3985 690 4054 iohanne.

1132 4605 1334 4687 MLIV.

1104 4934 1160 5010 A.
1186 4933 1241 5007 D.
1272 4931 1399 5008 1045.

371 5198 402 5315 †
427 5228 467 5293 In
492 5226 644 5292 nomine.
660 5224 795 5293 domini
821 5225 1005 5292 Vicesimo
1029 5225 1155 5290 celabo
1179 5243 1274 5291 anno
1298 5225 1521 5311 principatus
1543 5221 1676 5291 salerni
1701 5222 1819 5290 domni
1844 5223 1958 5290 nostri
1982 5222 2180 5292 Guaimarii

320 5376 473 5464 gloriosi
497 5377 673 5466 principi,
697 5380 743 5446 Et
766 5377 888 5446 octabo
911 5393 1006 5445 anno
1028 5377 1251 5464 principatus
1274 5380 1352 5446 eius
1373 5378 1516 5466 Capua,
1541 5379 1585 5446 Et
1608 5381 1758 5464 septimo
1783 5397 1881 5446 anno
1905 5381 2057 5449 ducatus
2082 5378 2181 5446 illiue

324 5531 454 5600 Amalfl
477 5536 514 5599 et
536 5530 702 5618 Sirrenti,
726 5531 772 5599 Et
794 5533 922 5617 quarto
945 5547 1041 5599 anno
1064 5531 1385 5616 suprascriptorum
1410 5489 1678 5617 principatuum
1700 5536 1737 5601 et
1761 5533 1957 5601 ducatuum
1982 5531 2103 5600 domni
2127 5533 2186 5620 gi-

320 5687 409 5754 sulfi
432 5685 557 5754 eximii
583 5684 756 5772 principis
779 5689 815 5753 et
837 5684 937 5751 ducis
960 5681 1027 5750 filii
1052 5684 1141 5769 eius,
1166 5683 1210 5750 Et
1234 5683 1340 5750 tertio
1364 5703 1457 5752 anno
1473 5686 1622 5755 ducatus
1646 5686 1786 5753 illorum
1803 5686 1932 5774 Apulie
1947 5691 1983 5755 et
1998 5684 2178 5765 calabrie,

321 5857 444 5909 mense
468 5837 659 5928 decembri,
683 5839 952 5926 quartadecima
976 5837 1185 5906 indictione.
1213 5839 1303 5906 Ante
1330 5856 1383 5906 me
1407 5839 1563 5907 Iohanne
1587 5839 1743 5908 Iudicem
1768 5841 1894 5928 godeni
1920 5840 2061 5909 comitis
2085 5840 2184 5908 illius
