5402 7088
605 547 630 622 2
1239 546 1414 620 CODEX
1446 543 1713 621 CAVENSIS

394 751 401 764 ⁶
482 815 486 824 ·
555 774 668 844 abbas
690 777 727 842 et
749 775 794 844 ad
818 775 891 844 tuis
913 774 1187 862 successoribus
1212 773 1265 843 vel
1289 771 1391 842 cuius
1413 775 1478 841 hec
1501 773 1648 861 scriptio
1673 790 1736 862 pro
1759 771 1839 846 uice
1863 772 1977 862 ipsius
2001 775 2213 845 monasterii
2240 777 2279 845 in
2304 795 2414 846 manu

455 919 481 950 “’
554 927 731 1016 paruerit,
755 928 885 1018 viginti
908 927 1013 998 solidi
1035 926 1116 998 auri
1139 924 1371 1012 constantini,
1388 929 1425 995 et
1448 926 1487 994 in
1511 931 1619 1000 antea
1642 931 1781 1017 questio
1806 934 1841 1000 et
1864 930 2027 1002 causatio
2051 935 2175 1000 nostra
2198 930 2299 1002 siant
2325 934 2410 1005 inde

557 1083 673 1154 tacita
695 1087 731 1152 et
753 1084 882 1169 bacua3
905 1079 949 1150 de
971 1079 1035 1150 alii
1059 1097 1143 1149 vero
1167 1079 1372 1148 hominibus
1395 1085 1431 1148 et
1453 1079 1618 1167 partibus
1648 1084 1711 1172 qui
1744 1083 1888 1172 aliquod
1917 1085 2000 1155 inde
2023 1085 2069 1156 ad
2093 1085 2211 1173 ipsum
2236 1090 2417 1157 monaste·

557 1235 653 1304 rium
676 1239 841 1304 contrare
865 1233 919 1302 vel
942 1234 1109 1304 minuare
1132 1231 1298 1322 poluerit,
1323 1235 1507 1332 licentiam
1530 1237 1696 1307 haveatis
1719 1255 1803 1304 eum
1827 1235 1997 1305 iamdicta
2016 1236 2178 1323 scriptio,
2196 1234 2291 1324 quud
2313 1235 2413 1304 vobis

558 1392 726 1458 rovorata
748 1406 828 1455 cum
851 1387 1002 1457 testibus
1023 1387 1251 1476 remisimus,
1273 1405 1336 1458 seu
1363 1408 1475 1478 quum
1509 1389 1666 1477 quolivet
1700 1389 1897 1458 monimine
1931 1391 2065 1458 habere
2089 1387 2172 1458 inde
2201 1388 2412 1477 potueritis,

558 1541 598 1610 in
621 1540 785 1610 omnibus
807 1559 958 1612 causare
980 1545 1018 1610 et
1040 1541 1148 1610 finem
1172 1542 1318 1630 lacer03
1341 1543 1434 1610 etsi
1457 1543 1539 1631 quis
1570 1544 1674 1612 homo
1707 1541 1791 1610 inde
1825 1541 2032 1611 contrarius
2055 1540 2164 1611 suerit
2177 1591 2188 1630 ‚
2213 1558 2285 1610 non
2310 1540 2412 1612 siant

557 1693 704 1764 adiutus
727 1695 766 1764 in
789 1695 908 1764 exitus
930 1695 1008 1763 eius
1031 1693 1151 1763 anime
1175 1696 1301 1764 beatus
1336 1692 1490 1764 michael
1526 1695 1789 1786 archangelus,
1814 1685 2003 1784 proculus
2026 1712 2149 1766 amore
2171 1712 2237 1783 ego
2261 1694 2302 1764 in
2327 1697 2409 1766 eius

558 1851 683 1919 sancta
705 1847 856 1918 ecclesia
878 1848 966 1917 illud
989 1848 1164 1936 tradidit,
1188 1812 1229 1918 ut
1252 1850 1362 1928 abeo
1384 1847 1540 1919 adiutari
1564 1867 1727 1936 merear,
1752 1853 1788 1918 et
1810 1849 1932 1918 taliter
1958 1848 2114 1920 scribere
2138 1849 2348 1937 rogavimus
2372 1851 2410 1919 te

560 2002 711 2073 talarico
734 2003 908 2090 presbiter
930 2006 966 2072 et
989 1999 1165 2088 notarius,
1189 2004 1308 2070 actum
1333 1999 1477 2069 cilento.
1596 2025 1601 2040 ·

604 2129 636 2246 †
660 2160 736 2248 Ego
757 2158 931 2228 iohannes

601 2281 635 2401 †
659 2313 809 2402 Signum
834 2328 979 2381 manum
1003 2309 1109 2380 alferi
1133 2308 1200 2379 lilii
1225 2310 1370 2380 stefani.

1289 2571 1694 2583 ——-—···-——n

1301 2828 1674 2911 DCCCLXXI.

1221 3204 1225 3214 ι
1332 3099 1389 3172 Α.
1416 3096 1471 3172 D.
1502 3093 1632 3169 1034.
1740 3135 1744 3142 -

603 3353 634 3472 †
659 3383 700 3451 In
723 3383 867 3453 nomine
889 3383 1024 3453 domini
1046 3384 1282 3454 decimosexto
1305 3399 1401 3452 anno
1416 3383 1638 3472 principatus
1654 3381 1771 3453 domni
1789 3383 1903 3451 nostri
1930 3380 2116 3470 guaimari
2143 3334 2298 3471 glorioso
2313 3383 2413 3470 prin·

557 3536 662 3624 cipe,
685 3536 753 3605 dlii
776 3537 952 3625 quondam
976 3537 1095 3607 domni
1119 3499 1303 3628 guaimari
1327 3535 1513 3626 principis,
1536 3555 1660 3608 mense
1680 3535 1827 3626 aprelis,
1843 3536 1998 3608 secunda
2021 3535 2233 3606 indictione.
2257 3536 2407 3623 Ideoque

511 3720 516 3730 ·
556 3705 624 3778 ego
647 3707 776 3759 mansu
798 3689 842 3760 de
865 3695 1054 3798 paternum
1077 3651 1174 3760 filius
1196 3689 1375 3779 quondam
1399 3689 1604 3778 lioprandi,
1628 3691 1726 3760 Sicut
1748 3691 1839 3760 mihi
1862 3707 2063 3779 congruum
2085 3675 2157 3778 est;
2182 3708 2261 3760 mea
2285 3691 2411 3760 volun·
2507 3727 2519 3742 r

555 3851 691 3918 etatem
714 3863 777 3935 per
800 3848 895 3917 hanc
910 3815 1093 3919 cartulam
1125 3851 1210 3917 ante
1243 3843 1435 3932 subscripti
1470 3849 1578 3914 testes
1612 3841 1826 3912 venumdedi
1852 3846 1961 3929 atque
1984 3832 2023 3910 at'
2055 3858 2192 3928 semper
2223 3841 2432 3920 abendum.

557 4001 729 4070 confirmo
751 4001 817 4069 tibi
845 3999 994 4070 iohanni
1017 3971 1213 4088 presbitero
1235 3999 1310 4068 filio
1335 3996 1428 4068 idem
1450 3995 1599 4068 iohanni
1633 3993 1825 4084 presbiteri
1859 4000 2026 4083 parentes
2048 4001 2084 4066 et
2107 4001 2288 4068 consortes
2312 4014 2412 4068 meos

560 4157 638 4224 tota
658 4157 696 4224 et
717 4150 939 4225 inclitauna
961 4154 1064 4242 pecie
1084 4153 1128 4224 de
1151 4157 1253 4226 terra
1280 4171 1363 4222 cum
1391 4152 1611 4241 quertietum
1644 4170 1785 4222 sursum
1810 4153 1849 4222 in
1872 4158 1990 4224 monte
2013 4173 2036 4222 a
2059 4151 2265 4240 supradicto
2289 4151 2413 4223 locum

561 4311 763 4396 paternum,
787 4307 848 4377 ubi
872 4307 1057 4380 maimanu
1078 4309 1225 4398 dicitur,
1248 4329 1312 4398 per
1334 4327 1375 4380 as
1397 4309 1487 4380 fines
1510 4315 1546 4379 et
1567 4327 1767 4380 mensuras:
1787 4307 1829 4380 de
1844 4307 1971 4398 pedea
1993 4313 2094 4394 parte
2117 4305 2312 4376 occidentis
2338 4305 2413 4376 dne

563 4467 759 4550 nostraque
783 4459 931 4531 iohanni
957 4463 1148 4550 presbiteri
1170 4467 1206 4532 et
1228 4461 1272 4532 de
1294 4467 1474 4534 consortes
1497 4461 1625 4552 nostri,
1649 4461 1733 4533 inde
1757 4467 1842 4532 sunt
1856 4461 2098 4550 passi'decem
2121 4466 2156 4532 et
2172 4461 2275 4550 nobe3
2294 4477 2410 4549 asep-

564 4616 758 4686 temtrione
780 4615 852 4685 fine
874 4615 917 4686 de
939 4621 1119 4687 consortes
1142 4619 1271 4705 nostri,
1296 4617 1378 4686 inde
1401 4623 1486 4686 sunt
1509 4617 1605 4705 passi
1627 4617 1870 4707 quadraginta
1892 4617 2021 4686 hocto:
2045 4613 2089 4684 de
2111 4634 2218 4703 super
2240 4615 2418 4686 similiter

565 4769 637 4838 dne
658 4768 702 4838 de
724 4774 905 4838 consortes
928 4769 1066 4856 nostri,
1091 4769 1175 4838 inde
1197 4773 1284 4838 sunt
1305 4770 1400 4856 passi
1426 4768 1655 4857 quindecim,
1680 4765 1950 4838 descendentem
1974 4787 1997 4836 a
2016 4784 2100 4854 pars
2123 4765 2271 4836 meridie
2296 4765 2414 4854 usque

566 4920 688 5009 priora
710 4921 807 5008 fine,
831 4921 913 4990 inde
936 4927 1024 4990 sunt
1046 4923 1141 5010 passi
1164 4922 1432 5010 quinquaginta
1453 4921 1643 5009 quadtuor,
1668 4926 1782 4990 totum
1805 4926 2052 4989 mensuratum
2076 4919 2122 4992 ad
2146 4921 2240 4990 iusto
2265 4936 2414 5007 passum
2451 4969 2457 4980 .

564 5073 713 5152 ominis:
738 5025 1024 5163 predicta'peoia
1044 5073 1088 5143 de
1111 5078 1211 5144 terra
1232 5092 1296 5162 per
1320 5073 1489 5144 iamdicto
1511 5073 1595 5143 finis
1618 5079 1654 5144 et
1670 5073 1848 5142 mensuris
1871 5077 1946 5143 tota
1969 5078 2006 5141 et
2030 5072 2158 5142 inclita
2181 5091 2262 5140 cum
2287 5071 2408 5142 omniu

568 5226 666 5298 inlla
688 5245 726 5297 se
748 5227 939 5298 abentibus
961 5235 997 5298 et
1019 5207 1094 5298 suis
1116 5189 1359 5315 pertinentiis,
1382 5222 1418 5298 et
1441 5247 1522 5298 cum
1546 5231 1622 5298 vice
1643 5228 1686 5297 de
1709 5231 1771 5298 via
1785 5245 1865 5315 sua,
1882 5226 1964 5296 illut
1986 5228 2052 5297 tivi
2075 5217 2235 5316 'predicto
2259 5227 2415 5298 iohanni

571 5381 763 5468 presbiteri
785 5381 1029 5470 venumdedit,
1053 5388 1091 5454 at
1104 5383 1278 5453 securiter
1295 5389 1331 5452 et
1347 5382 1499 5452 firmiter
1522 5380 1647 5451 amodo
1662 5385 1699 5450 et
1715 5397 1854 5468 semper
1879 5387 1919 5449 tu
1935 5379 2114 5467 predictus
2138 5383 2312 5450 iohannes
2338 5399 2418 5470 pre-

567 5535 682 5605 sbiter
705 5541 743 5605 et
765 5536 839 5605 tuis
860 5535 1025 5608 eredibus
1048 5535 1130 5608 illut
1151 5535 1355 5624 abesdum,¹
1379 5540 1416 5604 et
1439 5535 1642 5605 laciendum
1670 5533 1753 5605 iude
1780 5533 1903 5605 omnia
1928 5535 2021 5624 quod
2048 5533 2258 5624 volueritis,
2283 5537 2421 5624 absque

568 5687 669 5756 omni
692 5688 950 5758 contrarietate
974 5707 1053 5760 mea
1075 5693 1112 5759 et
1133 5689 1176 5759 de
1199 5689 1287 5758 meis
1309 5687 1486 5760 eredibus.
1504 5689 1549 5758 ut
1564 5706 1629 5777 pro
1651 5689 1931 5784 confirmandam
1955 5694 1991 5760 et
2005 5688 2295 5762 staviliscendam
2318 5692 2417 5761 hano

569 5843 820 5930 suprascripta
843 5859 922 5912 mea
945 5841 1159 5912 vindictione
1184 5859 1280 5911 nuuc
1297 5861 1320 5912 a
1336 5800 1512 5930 presentis
1526 5841 1705 5932 subscepit
1721 5861 1787 5931 ego
1802 5862 1825 5913 a
1841 5845 1876 5912 te
1898 5845 2074 5912 statutum
2098 5839 2266 5930 pretium,
2292 5839 2304 5908 i
2328 5845 2416 5910 sunt
