5402 7088
1249 545 1429 616 tettan
1471 544 1734 618 CAl'ENSlS

1207 959 1210 964 ’
1249 979 1712 1064 beoenxxxrx

1300 1269 1304 1278 .
1333 1214 1388 1288 A·
1419 1215 1473 1288 n.
1503 1215 1644 1318 roas..

601 1379 638 1518 †
662 1433 700 1497 ln
740 1434 881 1502 nomine
916 1434 1048 1504 domini
1080 1437 1365 1522 septimodecimo
1387 1455 1483 1506 anno
1505 1439 1731 1525 principatus
1753 1439 1874 1507 domni
1898 1439 2010 1508 nostri
2034 1439 2230 1525 guaimarii
2255 1437 2406 1525 gloriosi

550 1583 749 1671 principis,
775 1583 840 1652 filii
866 1586 1045 1674 quondam
1068 1588 1188 1656 domni
1212 1589 1407 1676 guaimarii
1433 1591 1626 1678 principis,
1653 1611 1772 1661 nrense
1796 1592 1972 1677 martiuS,
1997 1593 2105 1660 tertia
2130 1591 2337 1658 indictione.
2363 1591 2403 1655 ln

552 1735 773 1805 salernitano
797 1701 900 1806 sacro
923 1739 1057 1827 palatio
1083 1747 1166 1809 ante
1190 1760 1245 1809 me
1267 1747 1425 1810 amatum
1451 1743 1603 1810 iudicem
1627 1746 1791 1813 causavit
1808 1761 1890 1812 urso
1905 1743 2086 1812 castaldus
2110 1743 2204 1810 lilius
2222 1741 2401 1828 quondam

554 1889 697 1958 tannaci
724 1891 875 1959 castaldi
900 1912 980 1960 cum
1004 1913 1086 1962 urso
1111 1895 1318 1964 atrianense
1341 1896 1414 1964 lilio
1437 1867 1614 1981 quondam
1640 1897 1729 1966 mele
1752 1897 2011 1982 dicendumst,
2032 1900 2071 1962 ut
2088 1896 2161 1980 ipse
2186 1913 2290 1962 ursus
2309 1895 2406 1964 filius

553 2041 702 2130 predicti
729 2045 833 2130 mele,
858 2051 894 2114 et
917 2046 1012 2113 servi
1037 2029 1073 2113 et
1097 2045 1228 2114 ancille
1251 2048 1328 2114 eius
1352 2046 1444 2115 malo
1467 2046 1615 2115 hordine
1639 2048 1821 2116 introisset
1836 2047 1874 2114 in
1899 2048 2006 2115 rebus
2030 2045 2144 2132 ipsius
2164 2005 2404 2113 ursicastaldi

551 2192 594 2261 de
618 2195 733 2264 locum
756 2199 869 2266 beteri
894 2203 930 2266 et
954 2218 1015 2284 per
1039 2201 1248 2269 vocabulum
1272 2201 1314 2268 de
1340 2202 1416 2286 ipso
1441 2199 1568 2285 locum,
1585 2204 1622 2268 et
1645 2201 1743 2268 sebee
1767 2201 1804 2267 in
1829 2197 2047 2285 ipsisrebus
2070 2198 2222 2283 lecisset,
2247 2198 2402 2265 etarbo·

506 2438 513 2446 Ι
553 2365 611 2416 res
635 2355 671 2418 et
694 2353 786 2420 vites
810 2352 893 2420 inde
915 2351 1138 2437 abscidisset,
1163 2357 1199 2420 et
1221 2370 1320 2436 sepes
1344 2351 1425 2418 inde
1449 2354 1627 2440 rupisset,
1652 2360 1688 2422 et
1713 2353 1767 2421 vie
1791 2353 1873 2420 inde
1896 2352 2106 2436 ostedisset,
2130 2355 2166 2418 et
2190 2351 2268 2436 ipsa
2295 2350 2402 2418 rebus

550 2501 584 2569 oi
610 2509 838 2575 contrassct:
866 2507 939 2592 ipsc
964 2526 1067 2574 ursus
1090 2505 1186 2573 tilius
1210 2506 1358 2592 predicti
1384 2507 1602 2592 maledixit,
1628 2508 1668 2574 in
1691 2507 1848 2594 predicto
1866 2501 1985 2572 'locum
2021 2505 2132 2572 beteri
2157 2507 2192 2572 et
2218 2522 2281 2589 per
2305 2520 2409 2571 voca·

553 2657 678 2726 bulum
702 2658 746 2726 de
769 2619 844 2746 ipso
871 2661 983 2726 locum
1007 2661 1129 2747 plures
1153 2662 1258 2728 rebus
1281 2661 1411 2744 abere,
1435 2665 1488 2727 set
1512 2659 1648 2727 nescire
1670 2659 1713 2728 de
1737 2658 1844 2764 quale
1869 2659 1975 2726 rebus
1998 2659 2202 2743 ipse‚ursus
2226 2655 2409 2724 castaldus

554 2831 634 2880 cum
656 2831 738 2880 eum
761 2815 940 2882 causavit.
967 2817 1042 2903 Ego
1065 2815 1246 2901 predictus
1270 2813 1379 2881 iudex
1403 2813 1497 2880 inter
1520 2815 1573 2880 eis
1596 2813 1750 2880 iudicari
1775 2817 1811 2879 et
1834 2812 1997 2896 utrisque
2022 2810 2094 2877 illis
2117 2809 2290 2895 guadiare
2315 2809 2406 2896 leci,

556 2967 695 3051 pariter
718 2985 824 3056 super
848 2967 935 3054 ipsis
958 2970 1063 3036 rebus
1088 2972 1280 3054 pergerent
1302 2985 1383 3034 cum
1399 2966 1551 3033 iudicem
1568 2971 1603 3032 et
1619 2941 1812 3048 notarium,
1830 2969 1865 3031 et
1885 2963 1959 3048 ipse
1984 2981 2089 3029 ursus
2113 2963 2291 3030 castaldus
2309 2979 2406 3029 mon·

551 3123 684 3188 straret
709 3119 822 3206 ipsius
848 3122 921 3188 ursi
948 3124 1024 3208 ipsa
1049 3125 1167 3206 rebuS,
1192 3122 1286 3189 undo
1310 3119 1474 3206 superius
1496 3137 1575 3184 cnm
1599 3135 1640 3184 eo
1664 3117 1852 3202 causavit,
1877 3121 1913 3183 et
1936 3135 1997 3200 per
2022 3077 2142 3200 partes
2166 3115 2342 3201 plicarent
2365 3131 2405 3184 se
2491 3204 2497 3216 .

553 3289 634 3340 cum
658 3271 736 3340 suis
759 3273 986 3360 rationibus,
1008 3280 1044 3342 et
1068 3275 1261 3341 secundum
1287 3275 1406 3360 legem·
1425 3275 1518 3340 inter
1540 3289 1577 3339 se
1601 3270 1684 3337 inde
1719 3271 2157 3354 finemfaccrent311nde
2193 3271 2266 3355 ipse
2302 3287 2407 3337 ursus

556 3424 739 3495 castaldus
763 3389 880 3511 posuit
904 3425 1112 3494 fideiussore
1138 3425 1281 3496 iannaci
1306 3425 1511 3494 atrianense
1535 3421 1630 3488 filius
1653 3379 1830 3507 quondam
1850 3417 1993 3487 landolfi
2017 3419 2167 3506 curiale,
2184 3423 2221 3488 et
2244 3420 2320 3506 ipse
2335 3420 2406 3490 alio

552 3576 755 3646 urso-illius
779 3579 930 3665 predicti
953 3580 1043 3648 mele
1067 3579 1184 3666 posuit
1206 3579 1411 3646 fideiussore
1436 3577 1609 3643 iohannes
1634 3571 1840 3640 atrianense
1864 3569 1960 3637 illius
1987 3572 2166 3658 quondam
2192 3575 2338 3642 tannaci
2363 3573 2406 3641 de

556 3732 698 3800 sisinni.
725 3733 770 3800 Et
793 3749 856 3819 pro
882 3741 980 3818 parte
1005 3734 1118 3819 ipsius
1142 3732 1217 3799 ursi
1242 3729 1307 3796 filii
1333 3727 1481 3814 predicti
1506 3725 1596 3793 mele
1619 3725 1773 3791 scribere
1799 3723 1946 3791 fecimus
1971 3727 2004 3790 te
2029 3724 2189 3820 ademari
2227 3726 2404 3794 notarius.

599 3857 630 3972 †
655 3885 730 3972 Ego
754 3885 815 3970 qui
840 3905 948 3971 supra
972 3861 1111 3952 amatus
1135 3884 1257 3952 iudex.
1372 3909 1374 3914 ·

1339 4535 1630 4616 Dccoxc.

1222 4911 1226 4920 1
1328 4796 1386 4886 ᾼ.
1413 4796 1467 4868 D.
1499 4793 1624 4869 1035.

604 5000 640 5142 †
666 5051 873 5119 innomine
908 5049 1042 5118 domini
1076 5048 1362 5134 septimodecimo
1392 5066 1487 5119 anno
1512 5049 1736 5136 principatus
1759 5048 1878 5116 domni
1902 5049 2215 5136 nostri‘guaimari
2250 5049 2403 5136 glorioso

561 5203 749 5294 principe,
774 5219 893 5270 mense
917 5153 1091 5286 martius,
1117 5201 1226 5268 tertia
1251 5199 1458 5266 indictione.
1495 5199 1784 5268 Memoratoriurn
1819 5201 1915 5269 sactu
1950 5219 1973 5268 a
2010 5217 2064 5266 me
2101 5201 2274 5268 iohannes
2309 5200 2406 5270 tilius

519 5323 526 5334 ¹
560 5353 706 5428 amandi
733 5354 776 5422 de
801 5354 913 5420 locum
939 5353 1096 5439 nucerio,
1122 5370 1161 5419 eo
1184 5349 1276 5436 quod
1300 5353 1384 5418 ante
1407 5347 1600 5434 subscripti
1627 5353 1735 5418 testes
1761 5369 1822 5436 per
1846 5353 1938 5420 bona
1962 5349 2226 5418 combenientia
2256 5350 2406 5420 tradidit

559 5505 671 5574 michi
695 5493 820 5593 petr'us
844 5501 1021 5590 presbiter
1045 5521 1108 5588 per
1132 5500 1323 5588 largietate
1346 5503 1382 5566 et
1404 5500 1626 5569 absolutione
1650 5503 1783 5570 maioni
1820 5503 2008 5588 presbiteri
2039 5509 2075 5572 et
2104 5503 2226 5571 abbati
2261 5503 2408 5571 ecclesie

550 5657 677 5728 ¹sancti
701 5655 864 5742 maximi,
881 5659 916 5722 et
932 5659 1051 5723 stante
1075 5650 1188 5738 illum,
1213 5649 1339 5720 inclita
1362 5654 1464 5720 curte
1489 5650 1655 5720 iliacum
1679 5655 1836 5740 arbust0,
1849 5671 1930 5740 -que
1954 5655 2192 5742 pertinentem
2215 5659 2269 5723 est
2294 5653 2406 5742 ipsius
2454 5681 2459 5690 ·

485 5791 490 5800 ’
557 5809 705 5880 ecclesie
730 5811 846 5878 sancti
871 5809 1019 5912 maximi
1044 5808 1087 5876 de
1111 5807 1224 5875 locum
1248 5803 1367 5892 agella
1392 5801 1536 5873 nucerie
1560 5805 1707 5891 finibus,
1731 5806 1823 5891 quod
1848 5807 1921 5892 ipse
1945 5811 2065 5894 petrus
2088 5805 2260 5894 presbiter
2286 5808 2324 5875 iu
2350 5809 2410 5875 be·
