5408 7108
883 528 888 536 “
1006 540 1458 620 urruoulrrous

949 749 955 760 “
1034 786 1441 880 cnrnxxxrx.

1084 1085 1141 1160 A.
1170 1085 1224 1158 D.
1253 1084 1383 1160 1042.

368 1337 376 1429 Ι
415 1341 456 1408 ln
480 1340 625 1409 nominc
649 1341 783 1409 domini
807 1339 1103 1427 bioesimoquarto
1127 1357 1222 1410 auno
1244 1339 1466 1427 principatus
1491 1337 1610 1407 domni
1627 1340 1740 1407 nostri
1757 1341 1937 1427 guaimari
1955 1339 2102 1426 salerni,
2120 1345 2156 1407 et

274 1481 281 1496 ‘
306 1493 435 1578 quarto
460 1507 556 1558 anno
580 1493 804 1578 principatus
827 1489 904 1558 eius
927 1507 1041 1576 capue
1063 1495 1099 1559 et
1114 1485 1141 1574 ¹)
1156 1491 1307 1558 ducatus
1322 1489 1401 1557 eius
1416 1487 1538 1558 amalfi
1561 1493 1599 1558 et
1622 1489 1788 1574 surrenti,
1805 1489 1950 1576 gloriosi
1969 1491 2153 1577 principis,

305 1641 427 1711 m'ens'e
448 1642 668 1726 februarius,
693 1641 830 1712 decima
854 1643 1063 1711 indictione.
1094 1643 1242 1728 Ideoque
1265 1659 1328 1710 nos
1352 1641 1405 1710 leo
1428 1641 1523 1709 lilius
1546 1641 1724 1728 quondam
1749 1641 1904 1727 iaquinti
1921 1645 1958 1710 et
1973 1643 2154 1710 comitissa

305 1796 382 1865 fllia
398 1795 575 1882 quondam
593 1797 756 1882 iohanni,
775 1798 836 1884 qui
854 1816 974 1866 sumus
992 1799 1048 1864 vir
1069 1802 1105 1865 et
1121 1814 1225 1883 uxor,
1243 1795 1491 1865 clarcfaoimus
1515 1812 1577 1861 nos
1600 1797 1706 1864 abere
1722 1797 1830 1862 rebus
1855 1797 1892 1861 in
1917 1795 2031 1862 locum
2056 1813 2157 1862 mon·

309 1952 427 2016 torum
452 1947 513 2016 ubi
537 1910 733 2017 misria'nus
756 1949 913 2028 dicitnr,
940 1953 1080 2017 rotense
1103 1948 1257 2033 finibus,
1282 1947 1374 2034 quod
1401 1947 1488 2014 mihi
1517 1947 1666 2033 predicti
1690 1949 1780 2016 leoni
1808 1954 1861 2016 est
1885 1951 2108 2034 pertinentes
2132 1968 2155 2017 a

305 2119 390 2186 pars
416 2099 527 2186 ipsius
550 2098 699 2188 predicti
725 2103 901 2188 genitoris
923 2101 987 2186 qui
1011 2106 1065 2168 est
1092 2148 1360 2167 ........
1385 2060 1494 2186 quam
1521 2105 1557 2168 et
1584 2119 1645 2186 per
1671 2103 1759 2168 meis
1784 2102 1981 2168 rationibus
2005 2107 2040 2168 et
2065 2103 2154 2170 mihi

306 2250 465 2337 predicte
488 2251 666 2320 comitisse
693 2256 746 2321 est
772 2255 994 2339 pertinentes
1016 2251 1146 2320 exinde
1169 2254 1278 2321 abere
1301 2257 1465 2338 quartam
1494 2255 1629 2338 partem
1655 2209 1716 2336 per
1740 2271 1855 2320 meum
1878 2257 2035 2339 sceptum
2062 2271 2157 2321 mor-

306 2395 491 2494 Jgincaput,
516 2407 609 2494 quod
633 2407 722 2475 milri
744 2406 864 2475 emisit
889 2405 964 2490 ipsc
986 2407 1169 2492 predictus
1193 2407 1270 2471 viro
1293 2423 1391 2473 meus
1408 2407 1446 2471 in
1462 2405 1518 2472 die
1544 2412 1662 2472 nostre
1686 2405 1936 2493 copulationis,
1953 2427 2060 2494 quam
2080 2409 2157 2495 ipse

310 2603 542 2628 .......
568 2559 669 2626 modo
691 2561 775 2627 bero
798 2543 994 2644 congruum
1017 2559 1118 2624 nobis
1141 2557 1259 2625 luerat
1283 2556 1365 2623 illut
1387 2557 1519 2624 donare
1542 2561 1579 2624 et
1602 2561 1816 2626 confirmare
1840 2560 1981 2628 raldulfi
2005 2562 2057 2628 rili
2083 2582 2160 2631 ma·

306 2716 406 2787 ranci
421 2713 626 2802 presbiteri,
643 2717 695 2780 set
711 2730 776 2800 ego
793 2711 952 2797 predicta
975 2711 1155 2779 comitissa
1181 2757 1190 2775 .
1218 2757 1227 2775 .
1258 2761 1266 2776 .
1294 2758 1302 2776 .
1328 2727 1387 2778 eos
1411 2711 1561 2795 pleniter
1586 2712 1781 2797 adimplere
1799 2715 2018 2783 combocabit
2036 2717 2154 2803 ipsum

305 2868 502 2955 predictum
526 2868 581 2931 vir
605 2885 715 2952 mens,
739 2869 776 2932 in
793 2866 894 2932 ouius
917 2863 1102 2930 mundium
1128 2883 1184 2930 mo
1206 2866 1393 2933 subiacere
1416 2883 1602 2953 cognosco,
1630 2877 1668 2935 ut
1685 2871 1780 2940 hauc
1805 2865 2038 2937 donationem
2065 2872 2156 2939 milri

304 3019 528 3089 consentiens
543 3025 646 3106 essen
664 3019 717 3086 illi
734 3037 829 3104 verb,
846 3018 1018 3086 exaudita
1035 3035 1114 3085 mea
1131 3020 1378 3104 postulatione,
1397 3023 1623 3088 consentiens
1648 3023 1734 3090 mihi
1761 3022 1846 3090 inde
1872 3025 1941 3118 suit
1960 3029 2056 3092 inter
2073 3045 2160 3093 ean·

310 3173 388 3242 dem
404 3171 564 3259 predicta
580 3177 616 3240 et
633 3189 722 3238 uxor
738 3171 791 3239 leo
816 3174 852 3240 et
874 3171 1063 3252 comitisse,
1082 3171 1176 3237 sicut
1199 3133 1301 3238 nobis
1316 3188 1516 3258 congruum
1533 3178 1599 3258 est,
1616 3177 1735 3241 nostre
1753 3131 1843 3242 bone
1861 3173 2057 3244 voluntatis
2073 3181 2158 3245 ante

304 3325 488 3414 presentia
511 3325 654 3392 landoni
679 3323 821 3402 comitis
842 3327 878 3392 et
901 3322 965 3391 alii
989 3327 1110 3410 testes,
1129 3342 1190 3409 per
1212 3343 1282 3392 unc
1297 3325 1469 3410 scripturn
1485 3324 1698 3393 donabimus
1716 3331 1824 3413 atque
1840 3331 1878 3396 at
1894 3345 2032 3413 semper
2049 3331 2161 3396 aben-

303 3479 388 3547 dum
411 3475 700 3547 confirmabimus
722 3475 789 3544 tibi
813 3475 962 3561 predicti
988 3473 1126 3541 raidolll
1151 3477 1229 3560 ipsa
1253 3477 1358 3548 rebus
1381 3479 1504 3544 nostra
1522 3494 1583 3563 per
1600 3478 1684 3544 finis
1706 3482 1742 3546 et
1759 3483 1951 3564 mensurio,
1968 3483 2005 3547 et
2021 3484 2075 3548 est
2095 3499 2159 3566 per

305 3631 398 3700 finis:
423 3633 540 3717 prima
563 3631 665 3715 pocla
687 3630 731 3697 de
753 3635 852 3698 terra
867 3645 948 3696 cum
963 3599 1110 3695 arbusto
1127 3615 1280 3696 bi'tatum
1297 3628 1342 3696 do
1360 3629 1518 3715 predicto
1536 3629 1652 3697 locum
1679 3635 1896 3718 muntorum,
1928 3632 1989 3700 ubi
2014 3635 2161 3720 proprio

304 3784 511 3852 nominatur
536 3781 748 3849 misoianum
772 3781 810 3848 ct
833 3779 995 3866 spelunce
1019 3778 1164 3847 dicitur:
1189 3781 1236 3850 da
1259 3786 1360 3868 parte
1383 3783 1681 3869 septemtrionalis
1704 3784 1776 3850 line
1801 3785 1856 3852 via
1879 3781 2047 3892 puplica,
2075 3786 2161 3853 indo

303 3937 399 4024 passi
421 3937 542 4006 decem
563 3941 599 4006 et
621 3942 778 4025 septem:
804 3936 850 4005 da
872 3936 1036 4021 partibus
1059 3933 1208 4002 orientis
1231 3935 1303 4004 fine
1328 3937 1436 4004 rebus
1459 3936 1578 4004 sancti
1606 3935 1821 4022 saltatoris,
1846 3942 1931 4005 sunt
1954 3939 2037 4006 iude
2061 3941 2156 4026 passi

303 4089 435 4176 biginti
460 4095 544 4176 tres,
567 4093 603 4157 et
629 4087 831 4157 rebolbento
855 4089 893 4155 in
919 4087 1042 4156 eadem
1066 4105 1149 4172 pars
1173 4087 1323 4154 orientis
1347 4103 1410 4172 per
1425 4085 1503 4172 ipsa
1520 4086 1591 4154 dne
1608 4087 1703 4172 passi
1720 4089 2029 4177 quadtuordeoim,
2048 4110 2157 4177 quam

303 4245 338 4310 et
360 4241 564 4310 rebolbento
587 4244 626 4309 in
649 4259 733 4328 pers
756 4239 904 4308 moridie
929 4257 991 4326 par
1015 4240 1085 4307 fine
1111 4239 1170 4307 bia
1194 4244 1278 4308 sunl
1301 4239 1383 4308 inda
1407 4238 1504 4325 passi
1522 4239 1656 4325 triginti
1680 4240 1871 4325 quadtuor:
1897 4241 1943 4310 da
1968 4244 2048 4330 ipsa
2073 4262 2156 4330 pars

303 4393 450 4463 meridie
473 4394 544 4460 line
568 4393 732 4461 similiter
756 4394 827 4478 bia,
854 4395 939 4459 sunt
955 4391 1038 4459 inde
1060 4391 1154 4478 passi
1179 4392 1243 4460 alii
1260 4391 1394 4494 biginti
1419 4391 1608 4477 quadtuor:
1635 4392 1681 4459 da
1696 4392 1859 4478 partibus
1874 4393 2069 4461 occidentis
2086 4395 2160 4463 fine

302 4545 479 4631 episcopio
502 4544 736 4632 salernitano,
760 4548 845 4612 sunt
868 4543 951 4612 inde
974 4543 1070 4630 passi
1094 4543 1226 4631 biginti
1251 4562 1330 4630 sex,
1354 4548 1391 4612 et
1416 4545 1619 4612 rebolbenlo
1645 4547 1683 4613 iu
1708 4565 1791 4631 pars
1821 4547 1970 4616 meridie
1993 4565 2055 4633 per
2081 4549 2159 4633 ipsa

301 4699 373 4766 fino
395 4699 491 4785 passi
515 4702 616 4783 octo;
641 4717 748 4785 quam
771 4702 807 4766 ot
834 4695 1036 4766 rebolbente
1061 4699 1099 4772 in
1123 4715 1206 4782 pars
1236 4697 1540 4784 septemtrionalis
1565 4714 1628 4783 per
1655 4697 1734 4783 ipsa
1760 4697 1833 4764 fine
1856 4704 1893 4764 et
1915 4681 2160 4784 coniungente

303 4849 484 4938 inpriore
508 4851 579 4920 line
601 4857 685 4920 sunt
709 4851 791 4921 inde
814 4853 909 4938 passi
934 4849 1091 4938 biginli,
1116 4849 1291 4934 simulque
1315 4847 1389 4915 alia
1413 4849 1515 4932 pecia
1537 4847 1580 4915 de
1608 4853 1708 4916 terra
1735 4865 1816 4914 curn
1840 4849 1987 4917 arbusto
2010 4850 2053 4917 de
2078 4870 2157 4936 pre·

301 5001 394 5071 dicto
417 5003 536 5070 locum
559 5005 731 5073 misoiano
754 5021 817 5089 per
840 5021 880 5071 cc
902 5003 985 5070 finis
1009 5007 1045 5070 et
1067 5001 1272 5068 mensurio:
1297 4999 1344 5068 da
1360 4983 1525 5086 partibus
1548 4996 1857 5086 septemtrionalis
1882 5001 1952 5067 line
1977 5002 2048 5087 bia,
2073 5009 2160 5072 sunt

305 5157 386 5224 indo
411 5155 507 5242 passi
532 5155 847 5241 quadtuordeoim:
871 5154 917 5222 da
941 5153 1102 5239 partibus
1124 5152 1274 5220 orientis
1289 5153 1361 5219 fine
1377 5152 1555 5237 domnica,
1573 5156 1657 5219 sunt
1682 5153 1765 5220 inde
1789 5157 1884 5241 passi
1908 5153 2086 5222 tridecim:
2110 5158 2160 5226 da

301 5307 466 5393 partibus
482 5306 630 5375 meridie
646 5307 718 5374 line
732 5305 849 5374 sancti
865 5305 1072 5391 salbatoris,
1088 5309 1172 5374 sunt
1188 5306 1270 5374 inde
1295 5307 1389 5394 passi
1415 5304 1591 5372 tridecim:
1613 5306 1660 5408 da
1684 5265 1843 5391 partibus
1867 5306 2062 5374 occidentis
2085 5311 2157 5377 ilno

308 5460 392 5544 bia,
416 5461 501 5526 sunt
525 5456 607 5525 inde
632 5459 728 5544 passi
752 5457 899 5545 biginti.
927 5454 1009 5524 Alia
1031 5454 1133 5541 pocla
1153 5456 1196 5523 de
1219 5459 1317 5524 terra
1340 5475 1420 5524 cum
1444 5458 1590 5526 arbusto
1615 5457 1769 5525 bitatum
1790 5459 1911 5544 ibique
1936 5459 1973 5524 in
1998 5458 2158 5544 predicto

311 5671 787 5691 *unkun——

344 5825 371 5907 ⁸)
392 5827 505 5892 Tertio
531 5847 628 5892 anno.
