5402 7088
608 517 657 590 ue
1056 479 1060 488 ’
1232 517 1259 640 o
1310 519 1420 592 nux
1459 519 1769 594 cavuusrs

558 742 812 830 lavorandum,
837 745 940 814 tollat
962 745 1101 832 reliqua
1131 745 1320 815 medietate
1349 749 1385 815 et
1408 748 1600 835 adsignent
1631 764 1753 816 eorum
1785 764 1982 834 organeum
2014 729 2143 812 vonum
2174 743 2222 813 da
2244 743 2350 831 vinu',
2374 748 2412 813 et
2521 839 2524 846 Ι

559 891 632 962 illis
656 896 711 962 vel
735 898 810 964 suis
833 899 1016 986 eredibus,
1047 917 1110 967 seu
1135 899 1270 966 omines
1295 899 1388 986 quod
1412 898 1483 966 illis
1509 899 1640 967 ibidem
1664 897 1829 968 miserint
1860 898 1905 968 ad
1929 897 2185 985 lavorandum,
2211 914 2410 984 organeum

557 1047 674 1135 ipsum
701 1069 829 1118 vonum
861 1053 1067 1122 nonciarent
1098 1056 1135 1120 et
1159 1052 1363 1138 repona'ibi
1398 1072 1420 1122 a
1443 1053 1564 1121 domus
1593 1071 1660 1121 sua
1685 1073 1707 1122 a
1731 1054 1854 1120 subtus
1887 1051 2065 1137 reditum,
2092 1057 2134 1126 et
2161 1051 2210 1118 ibi
2238 1057 2413 1138 reponant

558 1201 638 1288 ipsa
661 1208 784 1271 nostra
807 1203 963 1272 sortione
985 1205 1029 1272 de
1054 1207 1129 1291 ipso
1153 1206 1277 1272 vinum
1302 1205 1455 1289 salbum,
1479 1205 1590 1272 donec
1615 1203 1696 1270 illut
1720 1203 1803 1270 inde
1828 1203 2030 1291 tulerimus,
2053 1203 2186 1290 absque
2217 1203 2415 1290 degenera-

558 1357 655 1422 tione
679 1357 873 1444 elingue,
898 1358 1063 1426 tollentes
1088 1376 1150 1426 uos
1175 1359 1257 1426 inde
1283 1359 1357 1444 ipso
1382 1357 1506 1425 vinum
1531 1360 1606 1444 ipso
1629 1331 1825 1444 organeum
1850 1359 1946 1426 lavet
1967 1362 2003 1424 et
2033 1357 2193 1442 studiet,
2221 1357 2320 1425 sicut'
2337 1376 2409 1426 me-

441 1547 448 1559 ·
556 1507 688 1593 ruerit,
706 1513 741 1578 et
758 1509 833 1594 ipso
850 1513 993 1578 missum
1013 1512 1159 1598 notrire,
1178 1513 1261 1579 dum
1281 1511 1330 1578 ibi
1355 1511 1507 1614 steterit¹
1521 1471 1584 1596 pro
1610 1508 1853 1596 recipiendum
1880 1509 1888 1574 i
1893 1525 1953 1594 pso
1979 1508 2100 1576 vinum
2126 1507 2329 1575 secundum
2342 1526 2410 1577 sua

558 1661 883 1749 possivilitatem,e
865 1665 1050 1732 ettdaren
1073 1667 1106 1733 ei
1133 1665 1312 1752 pulmenta
1291 1665 1430 1750 astion,
1414 1666 1507 1732 icut
1529 1663 1779 1750 meruerit
1743 1668 1779 1732 et
1802 1681 1871 1749 que
1897 1661 2019 1730 amodo
2042 1665 2079 1730 et
2102 1679 2240 1746 semper
2273 1659 2406 1730 ibidem

558 1817 830 1904 seminaberint,
846 1817 960 1885 deand
980 1820 1061 1886 inde
1080 1820 1193 1902 nobis,
1213 1815 1265 1882 rel
1285 1816 1328 1884 ad
1347 1837 1431 1904 pars
1449 1817 1561 1902 ipsius
1578 1815 1738 1901 ecclesie,
1756 1813 1963 1882 annualiter
1979 1813 2189 1932 terraticum
2209 1811 2404 1880 secundum
2483 1847 2487 1854 ·

557 1970 848 2038 cousuetudinem
881 1971 957 2038 de
949 1990 1025 2058 rpso
1053 1971 1191 2057 locum3
1213 1977 1258 2040 et
1281 1971 1384 2057 quale
1415 1935 1570 2058 tempore
1606 1969 1677 2036 illis
1708 1966 1764 2034 vel
1789 1965 1863 2033 suis
1895 1965 2058 2032 eredibus
2090 1967 2167 2052 ipsa
2191 1965 2404 2034 tradictione

562 2129 685 2189 tenere
710 2127 744 2188 et
769 2121 932 2190 lavorare
956 2139 1026 2188 non
1050 2085 1241 2207 boluerint,
1267 2122 1393 2189 inclita
1356 2124 1493 2207 teipsa
1517 2123 1621 2187 rebus
1646 2119 1866 2188 lavoratae
1891 2119 2025 2187 cultata
2050 2119 2237 2187 remittant
2270 2119 2315 2187 ad
2340 2136 2403 2186 no·

557 2275 635 2340 stra
660 2272 779 2358 uelde
803 2291 886 2358 pars
910 2273 1021 2358 ipsius
1045 2272 1190 2340 ecclesie
1216 2277 1387 2358 potestate
1411 2279 1446 2340 et
1470 2273 1547 2358 ipsa
1571 2274 1682 2338 bocte.
1709 2271 1800 2338 unde
1825 2292 1888 2358 pro
1911 2271 2031 2340 taliter
2055 2291 2118 2358 per
2144 2290 2234 2340 vona
2265 2291 2405 2340 comve-

560 2422 701 2492 nientia
727 2440 789 2508 pro
813 2441 897 2510 pars
920 2425 1055 2490 etvice
1088 2423 1201 2508 ipsius
1233 2421 1380 2489 ecclesie
1411 2423 1545 2509 guadia
1577 2423 1681 2488 nobis
1712 2421 1780 2508 ipsi
1810 2420 2045 2508 suprascripti
2078 2423 2254 2492 dederunt
2285 2429 2321 2492 et
2345 2441 2407 2510 per

526 2583 680 2672 'partes
710 2577 889 2663 placentes
914 2576 1137 2643 fideiussores
1161 2577 1248 2642 mihi
1274 2583 1468 2662 posuerunt
1500 2595 1537 2643 se
1568 2576 1683 2663 ipsum
1716 2575 1888 2644 mastalus
1919 2574 2095 2661 clericus,
2127 2581 2163 2642 et
2194 2594 2256 2661 per
2279 2575 2403 2643 eadem

502 2691 510 2705 ι
553 2731 694 2817 guadia‘
710 2729 960 2818 obligaverunt
983 2747 1020 2796 se
1044 2736 1079 2798 et
1101 2697 1176 2798 suis
1200 2729 1391 2814 eredibus3
1426 2729 1516 2815 quod
1550 2728 1579 2794 si
1606 2727 1729 2796 taliter
1752 2726 1873 2795 omnia
1898 2727 2142 2813 suprascripta
2167 2728 2255 2795 milri
2280 2727 2336 2794 vel
2359 2726 2406 2797 ad

553 2903 637 2970 pars
663 2883 773 2970 ipsius
797 2883 944 2951 ecclesie
978 2900 1048 2949 non
1072 2881 1346 2968 adimpleverint
1362 2888 1397 2948 et
1414 2881 1542 2966 aliquit
1557 2881 1640 2974 inde
1663 2880 1964 2966 contradixerint,
1981 2898 2045 2966 per
2063 2898 2153 2950 vona
2178 2884 2402 2950 commmen-

560 3037 612 3105 tia
636 3057 699 3124 per
724 3040 802 3124 ipsa
824 3037 959 3124 guadia
983 3053 1191 3121 componere
1215 3035 1461 3122 obligaverunt
1447 3041 1521 3102 tse
1539 3040 1575 3103 et
1597 3039 1671 3104 suis
1695 3036 1881 3122 eredibus,
1898 3029 2001 3103 mihi
2029 3037 2083 3103 vel
2107 3037 2152 3103 ad
2179 3054 2263 3122 pars
2288 3035 2400 3123 ipsius

553 3192 703 3261 ecclesie
727 3192 855 3279 bigint
831 3197 871 3278 tr,
896 3193 976 3260 auri
1003 3190 1105 3258 solidi
1130 3188 1308 3257 constant
1284 3191 1366 3277 tmi,
1391 3187 1482 3276 quod
1506 3189 1632 3334 scripsi
1657 3207 1723 3276 ego
1747 3189 1946 3258 romoaldus
1966 3191 2148 3259 notarius.

600 3314 677 3430 †
658 3345 731 3432 Ego
757 3343 943 3430 iaquintus
967 3343 1129 3411 notarius
1153 3361 1208 3410 me
1231 3341 1424 3428 subscripsi
2008 3316 2016 3330 ⁹

597 3446 632 3586 †
658 3499 732 3586 Ego
755 3497 914 3565 ademari
940 3515 995 3564 me
1019 3494 1226 3582 subscripsi.

1358 4051 1586 4136 -GMVIL

1250 4311 1260 4330 ·
1319 4287 1377 4362 A.
1405 4288 1458 4360 D.
1492 4285 1622 4362 1036.

521 4559 530 4592 ’
592 4525 692 4663 †ln
716 4579 858 4646 nomine
882 4577 1015 4645 domini
1040 4580 1164 4646 octabo
1198 4577 1332 4644 decimo
1356 4595 1451 4645 anno
1484 4577 1708 4664 principatus
1738 4579 1857 4648 domni
1890 4541 2221 4669 nostriguaimari·
2242 4581 2400 4670 glorioso

547 4730 816 4818 principe,filio
832 4731 950 4798 domni
974 4731 1170 4819 guaimari,
1196 4751 1315 4800 mense
1339 4730 1537 4820 ianuarius,
1563 4737 1695 4818 quarta
1713 4689 1919 4802 indictione.
1939 4735 2230 4804 memoratorium
2253 4737 2352 4806 lactu
2376 4755 2400 4806 a

501 4935 510 4952 .
547 4884 845 4958 nobis0iohannes
867 4902 949 4952 ceco
974 4883 1067 4953 lilius
1090 4883 1208 4972 leoni,
1232 4891 1268 4953 et
1292 4884 1592 4990 maraldustllius
1616 4886 1794 4973 quondam
1818 4885 1991 4973 iohanni,
2021 4881 2178 4974 eoquod
2211 4893 2296 4959 ante
2320 4906 2400 4976 pre·

543 5035 667 5104 sentia
690 5033 808 5134 domni
833 5035 977 5102 adulteri
1004 5038 1116 5106 abbas
1139 5031 1289 5105 ecclesia
1313 5037 1428 5104 sancti
1453 5037 1630 5116 maximi,
1660 5039 1720 5125 qui
1745 5045 1799 5108 est
1823 5056 1934 5105 unum
1957 5041 2000 5108 de
2030 5040 2180 5110 dominii
2206 5042 2318 5129 ipsius
2344 5063 2399 5114 ee-

547 5187 667 5277 clesie,
692 5193 728 5257 et
751 5190 871 5275 ibique
888 5194 981 5258 esset
1003 5192 1194 5278 subscripti
1219 5196 1340 5278 testes,
1354 5211 1418 5278 per
1443 5165 1635 5261 iussionem
1659 5171 1770 5280 ipsius
1794 5187 1914 5262 domni
1938 5197 2058 5266 abbati
2083 5217 2146 5284 per
2170 5199 2398 5269 cumvenien-

545 5339 597 5407 tia
622 5337 667 5406 ad
691 5315 882 5408 tenendum
906 5347 942 5409 et
965 5343 1197 5411 lavorandum
1220 5313 1369 5413 tradidit
1389 5347 1493 5412 nobis
1517 5345 1570 5412 leo
1593 5347 1765 5415 diaconus
1788 5349 1940 5418 eundem
1964 5350 2113 5421 ecclesie
2137 5372 2211 5423 una
2235 5354 2404 5427 clusuria.
2501 5339 2515 5360 ’

543 5493 587 5561 de
610 5499 811 5584 terra-cum
836 5498 983 5564 arbusto
1009 5501 1047 5589 et
1070 5495 1255 5583 aliquante
1286 5517 1383 5566 cerze
1414 5503 1653 5586 pertinentem
1677 5505 1788 5590 ipsius
1811 5459 1957 5574 ecclesie
1981 5507 2098 5576 sancti
2130 5509 2304 5596 maximi,
2329 5511 2394 5596 qui

546 5664 628 5715 esse
652 5647 790 5717 ridetur
814 5651 892 5736 ipsa
916 5652 1022 5719 rebus
1047 5649 1084 5717 in
1108 5653 1196 5719 flues
1221 5657 1382 5740 rotense,
1408 5655 1469 5722 ubi
1493 5655 1637 5744 proprio
1658 5655 1703 5725 ad
1727 5657 1918 5743 publicano
1945 5659 2094 5746 dicitur,
2120 5661 2211 5748 quod
2243 5664 2317 5750 ipse
2340 5662 2395 5733 leo

542 5799 713 5870 diaconus
737 5802 818 5872 illut
842 5803 880 5870 in
904 5806 1115 5873 beneficium
1138 5807 1270 5875 retinet
1293 5825 1316 5875 a
1339 5825 1421 5894 pars
1445 5809 1557 5894 ipsius
1581 5809 1729 5879 ecclesie
1753 5814 1919 5881 abentem
1943 5831 1983 5881 as
2007 5814 2095 5883 lines
2118 5818 2154 5883 et
2186 5835 2388 5888 mensuras.
