5456 7096
1238 518 1413 595 obbbx
1448 520 1717 599 CAVENSIS

1298 911 1300 916 ⁵
1329 925 1626 1009 CMLXVI.

1319 1225 1376 1300 A.
1405 1227 1459 1300 D.
1489 1225 1616 1300 1041.

587 1460 624 1599 †
651 1514 689 1578 ln
713 1513 854 1582 nomine
877 1513 1010 1582 domini
1035 1515 1201 1582 vicesimo
1225 1515 1332 1582 tertio
1356 1530 1450 1581 anno
1474 1512 1700 1600 principatus
1730 1512 1850 1581 domni
1888 1504 2000 1583 n'ostri
2024 1513 2203 1603 guaimari
2241 1516 2320 1584 eius
2343 1533 2399 1584 sa·

542 1646 651 1758 ler'ni,
674 1675 710 1738 et
733 1673 840 1738 tertio
864 1688 959 1740 anno
983 1669 1061 1738 eius
1084 1689 1210 1757 capue,
1234 1675 1270 1738 61
1292 1669 1446 1738 secundo
1470 1685 1564 1736 anno
1588 1666 1665 1734 eius
1680 1666 1829 1735 ducatus
1845 1668 1922 1734 eius
1939 1667 2061 1736 amalfi
2078 1671 2114 1736 et
2129 1673 2305 1756 sorrentu,
2326 1667 2402 1756 gio·

543 1823 636 1890 rioso
661 1823 837 1910 principe,
862 1842 981 1892 mense
1006 1826 1209 1911 ianuarius,
1234 1841 1328 1892 nona
1352 1822 1558 1891 indictione.
1598 1820 1848 1890 memoratoriu
1886 1822 1986 1891 sactu
2022 1842 2044 1892 a
2081 1823 2183 1890 nobis
2219 1825 2336 1910 mari,
2359 1831 2396 1893 et

542 1994 640 2062 urso,
665 1981 702 2044 et
726 1983 881 2061 amatuS,
906 1979 1070 2064 germani
1094 1980 1129 2044 et
1153 1974 1219 2042 dlii
1243 1972 1637 2078 quondamlbenedicti,
1662 1978 1697 2042 et
1722 1979 1843 2060 petrus
1878 1972 1976 2042 filius
2011 1973 2188 2060 quondam
2225 1974 2395 2061 iaquinti,

541 2147 582 2199 eo
608 2130 699 2216 quod
726 2133 811 2198 ante
834 2129 1025 2215 subscripti
1052 2133 1160 2196 testes
1184 2147 1245 2215 per
1269 2130 1362 2196 bona
1385 2128 1647 2196 combenientia
1671 2128 1897 2196 tradiderunt
1921 2129 2022 2196 nobis
2047 2131 2167 2214 petrus
2185 2128 2409 2215 etalfanus,·
2457 2105 2462 2116 ’

540 2284 664 2352 clerici
688 2288 724 2352 et
747 2281 874 2351 medici
898 2283 1014 2370 adque
1038 2283 1200 2370 germani
1225 2281 1290 2349 filii
1315 2282 1493 2367 quondam
1519 2285 1610 2369 petri
1637 2281 1759 2350 clerici
1784 2285 1820 2350 et
1844 2281 2000 2367 medici,
2024 2298 2065 2349 eo
2089 2280 2181 2368 quod
2203 2287 2287 2350 ante
2313 2283 2396 2348 sub·

540 2439 664 2524 scripti
691 2442 800 2507 testes
823 2456 886 2524 per
911 2454 1002 2505 vona
1026 2437 1286 2505 combenientia
1311 2437 1538 2506 tradiderunt
1562 2439 1664 2506 nobis
1689 2457 1762 2507 nna
1785 2442 1885 2526 peoia
1908 2440 1952 2508 do
1986 2445 2085 2508 terra
2119 2458 2200 2506 oum
2231 2440 2394 2508 arbustis

540 2589 680 2675 1116116,
707 2590 798 2675 quod
824 2589 892 2676 ipsi
918 2591 1081 2676 germani
1107 2589 1144 2656 in
1168 2589 1380 2656 beneficium
1406 2590 1537 2659 retinet
1560 2612 1582 2659 a
1605 2612 1686 2678 pars
1710 2592 1981 2680 archiepiscopii
2019 2595 2058 2661 in
2096 2591 2210 2660 locum
2249 2594 2396 2662 nucerio

540 2741 579 2808 in
604 2741 699 2828 plaio
723 2743 766 2810 de
790 2747 908 2811 monte
933 2743 969 2809 in
994 2741 1138 2810 castello
1161 2745 1316 2831 nuceria,
1341 2747 1400 2830 qui
1425 2749 1478 2812 661
1499 2751 1598 2813 terra
1622 2747 1699 2831 ipsa
1726 2763 1787 2832 per
1823 2747 1887 2813 hec
1921 2747 2005 2814 flnis
2039 2751 2075 2815 et
2109 2747 2313 2816 mensurie:
2351 2747 2395 2816 de

539 2899 681 2984 subtus,
708 2897 799 2984 quod
824 2903 877 2967 est
901 2919 923 2966 a
946 2917 1029 2984 pars
1053 2897 1212 2984 meridie,
1239 2899 1309 2965 [1116
1333 2900 1444 2983 ipsius
1467 2897 1748 2986 archiepiscopii,
1773 2899 1867 2967 siout
1892 2901 1951 2966 via
1974 2899 2172 2988 discernit,
2202 2900 2284 2968 inde
2311 2909 2396 2970 sunt

538 3049 691 3118 latitudo
717 3049 810 3136 passi
836 3053 1028 3138 sexaginta
1052 3068 1129 3118 sex:
1154 3071 1177 3119 a
1200 3069 1285 3138 pars
1309 3052 1502 3119 occidentis
1527 3053 1597 3119 tine
1622 3053 1734 3138 ipsius
1759 3055 2060 3145 archiepiscopii,
2095 3059 2189 3126 sicut
2211 3057 2388 3126 ballonem

539 3202 712 3272 discernit
735 3209 869 3270 rectum
893 3201 1079 3270 salientem
1106 3204 1304 3290 propinquo
1329 3204 1403 3288 ipso
1427 3221 1531 3270 muru
1556 3203 1598 3290 de
1624 3205 1779 3273 nucerio:
1805 3206 1848 3273 de
1872 3223 1977 3293 super
1995 3209 2096 3292 parte
2119 3207 2317 3294 flneipsius
2333 3227 2391 3278 ar-

538 3357 775 3445 chiepiscopii
801 3363 836 3426 et
859 3357 1127 3426 descendentem
1153 3376 1216 3443 per
1240 3359 1400 3425 kristone
1424 3343 1467 3424 d'e
1491 3359 1567 3444 ipsa
1589 3360 1693 3447 fossa,
1718 3380 1786 3446 que
1812 3359 1942 3428 ibidem
1965 3319 2214 3432 coniuntaest
2248 3361 2287 3430 in
2313 3363 2391 3450 ipsa

536 3517 659 3602 priora
683 3517 768 3602 fine,
794 3517 859 3582 heo
885 3533 967 3584 vero
984 3515 1144 3584 clausum
1169 3514 1264 3584 infra
1286 3515 1489 3602 supradicte
1513 3517 1595 3586 finis
1617 3523 1653 3586 61
1678 3519 1855 3587 mensurio
1869 3568 1879 3606 ,
1903 3518 1946 3587 de
1969 3523 2143 3604 quantum
2169 3517 2302 3587 ibidem
2326 3536 2388 3604 pa·

538 3673 716 3738 stenatum
741 3673 915 3756 abemus,
941 3670 1010 3759 ipsi
1033 3671 1197 3758 germani
1221 3671 1324 3738 nobis
1347 3676 1384 3739 61
1406 3671 1447 3740 ad
1472 3674 1634 3760 omines,
1659 3671 1750 3762 quod
1775 3672 1907 3741 ibidem
1935 3669 2152 3741 voluerimus
2174 3673 2320 3739 mittere
2342 3672 2389 3741 ad

536 3829 772 3898 lavorandum
798 3829 1027 3917 voluerimus,
1053 3829 1280 3899 tradiderunt
1303 3848 1364 3915 per
1388 3828 1697 3903 demandationem
1716 3834 1751 3898 61
1769 3828 1959 3916 largietate
1971 3829 2013 3897 de
2030 3831 2106 3916 ipso
2122 3826 2273 3896 domnus
2290 3848 2390 3898 arna·

534 3986 592 4050 tus
617 3983 904 4070 archiepiscopus
928 3989 1052 4053 sancte
1076 3985 1170 4053 sedis
1194 3982 1501 4069 archiepiscopatu
1524 3983 1743 4051 salernitano
1776 3983 1813 4049 in
1846 3983 1908 4051 tali
1944 3981 2098 4071 ordine,
2134 3987 2174 4050 ut
2208 3982 2335 4052 amodo
2357 3989 2393 4052 61

534 4153 673 4222 semper
696 4140 791 4204 omni
817 4143 989 4225 tempore,
1013 4143 1114 4208 natos
1138 4143 1336 4225 nascentes,
1360 4139 1406 4206 ad
1430 4143 1550 4206 nostra
1573 4137 1674 4207 etde
1699 4137 1830 4206 nostris
1854 4137 2043 4206 heredibus
2067 4138 2143 4204 sint
2174 4140 2390 4223 potestatem

533 4286 616 4357 illut
640 4309 698 4358 eos
723 4291 912 4360 tenendum
937 4300 972 4361 et
995 4261 1262 4380 dominandum,
1286 4297 1322 4361 et
1346 4293 1443 4361 fobee
1467 4298 1502 4361 61
1525 4293 1640 4360 omnis
1667 4298 1787 4362 nostre
1812 4291 1980 4361 utilitatis
2014 4291 2119 4360 iuxta
2156 4292 2296 4400 ratione
2322 4293 2392 4359 ibi-

533 4444 612 4514 dem
637 4447 823 4533 iaciamus,
848 4451 884 4514 et
908 4467 970 4534 per
995 4449 1068 4534 ipso
1093 4450 1333 4535 arbustatum,
1358 4446 1420 4515 ubi
1445 4448 1627 4535 meruerit,
1652 4465 1797 4516 arvores
1814 4451 1850 4515 et
1866 4447 1960 4516 vites
1977 4463 2040 4514 nos
2059 4462 2117 4515 eos
2134 4445 2267 4514 ibidem
2284 4445 2391 4532 ptan-

532 4603 661 4688 temus,
686 4604 972 4690 propaginemus,
1000 4603 1170 4671 cuitemus
1192 4607 1228 4670 et
1250 4601 1457 4687 studiemus,
1481 4603 1575 4669 sicut
1598 4601 1779 4670 meruerit:
1808 4605 1958 4686 tantum,
1986 4599 2045 4668 ubi
2071 4617 2134 4686 per
2151 4599 2260 4668 tertia
2292 4601 2387 4670 vices

532 4755 840 4840 pastenaverimus
862 4761 897 4823 et
921 4774 984 4842 pro
1009 4756 1087 4842 ipsa
1111 4762 1209 4823 terra
1233 4754 1336 4823 arida
1361 4754 1490 4822 ibidem
1515 4754 1600 4842 prisi
1628 4773 1698 4821 non
1723 4753 1870 4842 fuerint,
1895 4773 1966 4824 non
1993 4755 2128 4824 siamus
2158 4745 2386 4841 inde'culpa·

496 4896 501 4904 ’
532 4905 628 4992 11116,
654 4911 707 4974 661
730 4907 883 4974 absoluti
908 4907 991 4976 inde
1015 4927 1223 4977 maneamus
1247 4913 1282 4976 et
1306 4907 1480 4976 iaciamus
1504 4907 1636 4979 ibidem
1661 4926 1733 4976 uua
1759 4927 1868 4996 casa,
1896 4909 1933 4973 61
1967 4911 2175 4994 potestatem
2211 4910 2385 4977 abeamus

537 5059 667 5127 ibidem
691 5059 901 5127 mittendum
926 5064 1078 5128 ominem
1102 5060 1146 5128 ad
1172 5060 1412 5146 residendum
1434 5067 1470 5130 et
1493 5062 1617 5132 amodo
1640 5065 1675 5132 61
1698 5079 1835 5150 semper
1860 5079 1922 5148 per
1948 5065 2104 5148 tempore
2127 5060 2170 5128 de
2200 5059 2381 5129 vindemie

536 5212 708 5281 iaciamus
726 5229 789 5279 nos
814 5211 865 5279 vei
892 5212 1023 5280 nostris
1046 5211 1235 5281 heredibus
1260 5211 1327 5300 ipsi
1351 5213 1516 5300 germani
1541 5215 1595 5282 vel
1619 5232 1702 5300 pars
1736 5213 2041 5300 archiepiscopio,
2082 5216 2121 5281 ut
2145 5213 2296 5281 beniant
2319 5217 2385 5282 aut

535 5367 697 5456 dirigant
721 5329 1022 5435 ibidem-missum
1047 5383 1164 5452 suum,
1189 5373 1224 5434 61
1247 5383 1310 5433 nos
1334 5368 1387 5435 uel
1411 5369 1542 5436 nostris
1567 5369 1755 5438 heredibus
1778 5370 1860 5436 abbo
1885 5373 2042 5455 tempore
2071 5364 2154 5434 illut
2190 5365 2384 5435 vindemie-

533 5541 627 5609 mus,
651 5529 687 5589 et
711 5524 754 5592 ad
779 5523 998 5609 palmentum
1023 5527 1097 5612 ipso
1122 5525 1202 5592 vino
1227 5541 1466 5609 procuremus,
1490 5523 1599 5590 etsie
1624 5523 1698 5609 ipso
1723 5521 1865 5592 vinoad
1884 5520 2104 5609 palmentum
2121 5539 2184 5607 per
2211 5519 2383 5588 medieta-

535 5679 607 5743 tem
633 5677 727 5746 inter
751 5697 815 5745 nos
838 5677 1050 5746 dividamus:
1076 5677 1143 5764 ipsi
1166 5673 1329 5766 germani
1355 5675 1407 5744 vel
1432 5693 1516 5762 pars
1541 5674 1652 5763 ipsius
1686 5674 1958 5761 archiepiscopii
1997 5673 2127 5742 tollant
2160 5693 2219 5742 eos
2249 5671 2382 5742 medie·

538 5835 662 5918 tatem,
686 5837 722 5900 et
745 5847 809 5898 uos
832 5834 896 5900 toti
920 5833 1209 5939 supranominati
1236 5832 1289 5900 rel
1314 5827 1446 5898 nostris
1469 5829 1661 5897 heredibus
1683 5827 1848 5898 tollamus
1871 5845 1930 5897 eos
1953 5829 2025 5898 alia
2047 5829 2224 5917 reliquam
2249 5829 2385 5900 medie·
