5456 7096
1043 519 1442 594 [llPLOMATlCUS
2056 524 2121 600 161

317 748 378 819 dia
400 745 518 834 nobis,
543 745 606 833 qui
630 764 740 834 supra
763 747 927 834 germani
952 745 1050 814 dedit
1072 764 1146 814 nna
1169 763 1248 813 cum
1273 746 1446 812 iohannes
1470 744 1620 814 clericus
1641 746 1888 818 advocatorem
1912 751 2070 820 eiusdem
2095 771 2169 822 mo·

317 899 471 971 nestorii
498 896 573 984 ipse
596 915 731 966 cosmas
752 900 876 984 abbas,
893 901 928 966 et
946 897 1172 968 mediatorem
1190 896 1292 964 nobis
1308 896 1424 982 posuit
1436 894 1489 964 leo
1505 896 1548 964 de
1564 897 1718 966 candida
1733 898 1827 967 filius
1843 902 2021 990 quondam
2049 906 2177 975 iohan-

319 1051 391 1137 nis3
417 1055 453 1120 et
477 1069 542 1137 per
571 1051 647 1138 ipsa
670 1051 805 1138 guardia
828 1051 1003 1139 obligabit
1026 1069 1064 1118 se
1089 1051 1163 1137 ipse
1188 1049 1297 1118 abbas
1314 1051 1349 1116 et
1366 1066 1583 1116 successores
1606 1066 1688 1116 suos
1704 1045 1958 1166 deremendum
1975 1056 2076 1124 nobis
2094 1056 2172 1144 ipsa

319 1201 537 1270 tradictione
562 1202 608 1270 da
632 1219 752 1269 omnes
775 1201 936 1268 homines
961 1201 999 1266 in
1022 1200 1180 1286 predicto
1204 1205 1338 1284 tenore,
1362 1203 1399 1266 et
1422 1218 1492 1268 non
1511 1206 1637 1287 querat
1654 1202 1735 1271 illut
1751 1206 1852 1274 nobis
1868 1206 2069 1294 nostrisque
2093 1227 2174 1278 ere·

251 1407 254 1411 .
319 1353 424 1423 dibus
445 1353 574 1424 tollere
598 1355 652 1422 vel
677 1359 854 1440 contrare3
878 1351 965 1420 etsi
990 1355 1110 1421 omnia
1133 1352 1377 1438 suprascripta
1402 1352 1503 1420 nobis
1526 1371 1598 1420 non
1620 1354 1868 1440 adimpleberit
1891 1362 1927 1428 et
1959 1359 2089 1446 aliquit
2119 1359 2175 1428 in·

319 1505 363 1574 de
387 1506 490 1574 nobis
513 1505 790 1592 contradixerit,
812 1508 909 1574 Tunc
932 1524 995 1592 per
1021 1509 1097 1594 ipsa
1121 1504 1254 1592 guadio
1277 1521 1486 1590 componere
1501 1505 1675 1593 obligabit
1691 1510 1793 1578 nobis
1810 1512 1885 1598 ipse
1900 1513 2011 1582 abbas
2034 1519 2070 1583 et
2093 1534 2177 1583 suc·
2281 1595 2283 1602 Α

320 1673 475 1724 cessores
499 1671 581 1723 suos
605 1655 733 1742 viginti
760 1655 862 1722 solidi
888 1657 991 1726 aurei
1015 1655 1248 1742 constantini,
1274 1655 1367 1741 quod
1391 1657 1517 1744 scripsi
1541 1676 1607 1745 ego
1634 1661 1698 1746 qui
1727 1679 1837 1750 supra
1867 1665 2040 1734 iohannes
2071 1665 2175 1736 cleri·

319 1827 381 1876 cus
405 1813 441 1875 et
465 1806 655 1875 advocator
678 1809 739 1892 qui
764 1811 800 1876 et
823 1809 942 1876 scriba
966 1806 1095 1893 prefati
1128 1807 1346 1876 monasterii.

364 1928 395 2045 †
418 1956 596 2024 nocuae
618 1958 849 2026 nromnuoo

364 2083 394 2200 †
418 2115 549 2196 (κοσμας
569 2116 740 2194 arvaeum>

364 2239 395 2356 †
420 2269 495 2356 Ego
517 2267 702 2336 dauferius
726 2265 888 2336 notarius
912 2284 967 2334 me
991 2265 1184 2354 subscripsi

363 2394 393 2510 †
418 2423 494 2510 Ego
518 2418 718 2490 romoaldus
742 2439 798 2490 me
820 2421 1026 2506 subscripsi.

1041 2643 1466 2660 —————-

1048 2911 1446 2995 CMLXXVIII.

1091 3209 1149 3286 A·
1176 3209 1232 3283 D.
1259 3205 1386 3283 1041.

361 3437 461 3578 †ln
485 3496 628 3564 nomine
652 3493 786 3564 domini
812 3497 976 3566 vicesimo
1000 3496 1107 3565 tertio
1138 3515 1233 3566 anno
1268 3499 1491 3584 principatus
1526 3497 1658 3567 salerni
1694 3495 1814 3566 domni
1842 3498 1955 3566 nostri
1979 3499 2167 3568 Guaimari

316 3645 462 3734 gloriosi
487 3649 672 3736 principis,
696 3653 732 3717 et
756 3649 861 3717 tertio
884 3667 979 3719 anno
1002 3649 1225 3736 principatus
1248 3653 1325 3720 eius
1349 3671 1462 3738 capue
1487 3671 1594 3740 quam
1617 3657 1654 3720 et
1677 3652 1827 3720 ducatus
1850 3650 1946 3720 illius
1970 3652 2105 3738 amalfi,
2133 3657 2170 3720 et

316 3799 470 3867 meando
494 3819 590 3870 anno
612 3802 761 3872 ducatus
785 3804 862 3871 eius
885 3805 1026 3890 sirapti,
1051 3821 1170 3872 mense
1194 3804 1326 3891 magio,
1351 3822 1446 3873 nona
1470 3803 1679 3872 indictione.
1706 3805 1780 3890 ligo
1804 3803 1945 3872 Cosmas
1961 3804 2071 3873 abbas
2096 3821 2173 3871 mo·

315 3953 449 4022 nasteri
474 3955 590 4024 sancti
615 3955 736 4042 angeli
760 3963 797 4024 et
819 3961 943 4025 sancte
966 3958 1067 4044 Solle,
1092 3958 1153 4044 qui
1178 3957 1347 4025 restructi
1371 3960 1455 4024 sunt
1472 3956 1570 4027 intus
1585 3958 1679 4024 banc
1695 3955 1877 4024 civitatem
1903 3957 2167 4026 salernitanam

314 4108 359 4188 ad
376 4106 611 4176 laborandum
623 4116 659 4188 et
672 4110 932 4195 pastenandum
949 4109 1163 4179 tradidimus
1180 4110 1285 4195 petri,
1302 4113 1336 4176 et
1356 4107 1540 4185 iohannes,
1562 4107 1748 4193 bonefacii,
1765 4112 1801 4175 et
1824 4107 1983 4193 amandi,
2000 4108 2169 4195 germani

313 4264 349 4330 et
370 4259 436 4329 dlii
461 4260 640 4347 quondam
662 4260 828 4347 maraldi,
852 4259 895 4330 de
918 4263 1023 4330 rebus
1046 4261 1247 4348 pertinente
1263 4262 1498 4349 suprascripti
1514 4259 1708 4330 monasteri
1726 4261 1823 4331 intra
1849 4263 1919 4329 dne
1940 4262 2166 4333 salernitana

315 4413 391 4482 loco
414 4414 624 4501 compilano,
649 4413 710 4482 ubi
735 4413 877 4502 proprio
901 4413 1118 4483 maceriatisi
1142 4413 1287 4500 dicitur,
1315 4419 1351 4482 et
1374 4417 1428 4481 est
1452 4416 1529 4501 ipsa
1552 4413 1768 4482 tradictione
1791 4417 1891 4482 terra
1914 4431 1994 4480 cum
2019 4415 2172 4482 arbusto

314 4575 350 4640 et
375 4573 504 4640 bacum
529 4589 599 4639 uno
622 4574 782 4640 leniente
804 4590 866 4658 per
890 4590 931 4640 as
953 4571 1037 4638 finis
1059 4578 1095 4638 et
1118 4572 1313 4638 mensuris:
1339 4570 1381 4638 de
1399 4567 1514 4637 tribus
1531 4569 1693 4656 partibus
1710 4569 1782 4638 line
1798 4567 1933 4636 exdicti
1951 4567 2166 4638 monasterii

313 4727 350 4793 et
372 4723 416 4793 de
438 4742 513 4793 una
535 4727 636 4810 parte
662 4724 735 4792 dne
757 4724 818 4793 via
841 4722 983 4810 puplica
996 4771 1007 4810 ,
1031 4723 1114 4790 abet
1139 4722 1236 4792 insta
1258 4723 1336 4810 ipsa
1359 4719 1418 4791 via
1442 4725 1536 4810 passi
1561 4724 1806 4811 quadraginta
1827 4721 1920 4789 duo:
1954 4726 1990 4788 et
2021 4721 2066 4790 de
2089 4721 2164 4791 alia

313 4882 413 4964 parte
426 4879 508 4946 abet
524 4877 619 4963 passi
636 4876 880 4963 quadraginta
896 4894 971 4944 sex:
989 4875 1032 4943 de
1047 4877 1271 4967 tertiaparte
1288 4879 1370 4945 abet
1381 4877 1476 4964 passi
1494 4875 1650 4964 triginta
1661 4877 1742 4944 duo:
1758 4879 1793 4944 et
1809 4875 1990 4961 dequarta
2005 4892 2167 4962 namque

312 5035 418 5120 parte
440 5033 523 5100 abet
544 5030 708 5099 similiter
732 5030 826 5117 passi
852 5028 1005 5119 triginta
1028 5031 1098 5098 duo
1121 5034 1364 5099 mensuratum
1388 5031 1433 5099 ad
1450 5047 1593 5118 passum
1609 5027 1753 5096 iustum.
1773 5029 1845 5096 Hec
1863 5032 1982 5096 autem
2004 5028 2165 5114 predicta

313 5183 508 5254 traditione
532 5201 594 5271 per
618 5185 716 5272 ipsas
732 5184 932 5254 mensurias
954 5203 1035 5252 cum
1050 5185 1127 5252 vice
1143 5184 1187 5252 de
1202 5183 1261 5254 via
1275 5203 1341 5253 sua
1358 5187 1515 5271 ipsorum
1531 5184 1694 5272 germani
1710 5183 1924 5252 tradidimus
1943 5185 2008 5253 tali
2031 5185 2171 5272 tinore,

313 5340 352 5407 ut
374 5337 499 5407 amodo
523 5343 558 5406 et
580 5355 718 5426 semper
743 5337 813 5424 ipsi
837 5335 998 5424 germani
1023 5339 1060 5404 et
1081 5354 1204 5404 eorum
1225 5338 1415 5407 heredibus
1431 5338 1513 5408 illut
1529 5338 1655 5408 debeat
1672 5341 1808 5427 tenere,
1825 5343 1861 5406 et
1880 5338 1978 5406 fobee
1995 5343 2030 5406 et
2050 5335 2174 5404 omnis
2224 5412 2228 5424 ,

311 5511 373 5562 sue
397 5491 566 5564 utilitatis
590 5493 640 5561 ibi
666 5493 781 5562 lacere
805 5495 841 5560 et
864 5493 971 5561 abere
995 5493 1089 5561 iusta
1114 5493 1267 5579 ratione,
1293 5495 1329 5559 et
1352 5493 1447 5558 omni
1471 5494 1629 5594 tempore
1656 5509 1767 5558 unum
1789 5490 1832 5559 de
1856 5490 1943 5576 ipsis
1960 5489 2089 5557 ibidem
2108 5508 2164 5558 re·

312 5633 429 5720 sidero
455 5655 492 5720 et
514 5650 668 5737 abitare,
692 5654 728 5719 et
750 5648 875 5718 amodo
898 5653 934 5718 et
956 5665 1067 5736 usque
1089 5646 1272 5716 duodecim
1295 5649 1382 5716 anni
1406 5644 1538 5716 abeant
1561 5650 1671 5715 totum
1705 5648 1823 5734 ipsum
1861 5664 2013 5713 vacuum
2048 5649 2168 5730 paste-

309 5809 435 5876 natum
458 5811 494 5875 et
517 5810 656 5876 eurtum
679 5807 865 5875 arbustum
889 5805 1019 5871 bonum
1042 5801 1197 5870 debono
1220 5801 1366 5886 vitine0,
1392 5799 1484 5867 sicut
1506 5797 1602 5868 locus
1625 5799 1701 5886 ipse
1728 5800 1771 5868 de
1802 5802 1923 5869 tantos
1946 5817 2060 5869 annos
2085 5819 2166 5869 me·

443 5990 517 6052 Tou.
533 6002 569 6049 rr.
1995 5983 2030 6042 21
