5456 7096
599 426 664 495 156
1225 424 1402 497 CODEX
1436 423 1701 497 cavsslvsls

553 650 742 718 iamdictus
759 652 941 720 maraldus
957 667 1051 720 vona
1065 667 1145 718 mea
1161 649 1355 738 voluntate,
1380 651 1547 739 guadiam
1572 653 1637 722 tivi
1654 651 1820 720 iamdicto
1835 647 2046 720 machenolfi
2064 647 2251 736 dederont,
2267 649 2311 714 et
2322 659 2393 714 mee

545 804 716 873 diatorem
740 805 805 874 tivi
830 809 1024 892 posuerunt
1048 804 1218 872 iohannes
1241 803 1337 872 filius
1360 805 1537 891 quondam
1562 809 1728 875 iohannis
1749 804 1929 894 gualperti
1952 804 1996 872 de
2019 802 2141 871 eodem
2166 799 2241 868 loco
2263 799 2394 868 beoa-

543 974 595 1022 nu
614 977 623 1041 3
648 961 683 1024 et
707 976 769 1044 per
794 959 871 1044 ipsa
894 957 1028 1042 guadia
1051 956 1168 1044 obligo
1192 977 1248 1027 me
1272 963 1308 1029 et
1332 961 1420 1027 meis
1442 935 1606 1028 eredibus
1628 959 1752 1028 amodo
1774 963 1810 1026 et
1832 975 1970 1044 semper
1993 957 2090 1025 omni
2116 959 2277 1042 temporo
2299 955 2392 1023 anti·

550 1108 717 1177 standum
740 1115 776 1177 et
797 1108 1052 1176 defensandum
1077 1111 1143 1178 tivi
1166 1110 1291 1198 tuique
1315 1111 1505 1179 heredibus
1529 1115 1603 1180 tota
1626 1117 1662 1178 el
1685 1110 1810 1188 inclita
1833 1109 2079 1196 suprascripta
2095 1125 2174 1176 mea
2192 1065 2396 1175 vinditione

548 1281 571 1329 a
593 1278 677 1347 pars
700 1259 801 1327 uxori
830 1277 906 1328 mee
929 1265 967 1328 et
990 1261 1036 1330 da
1058 1265 1175 1331 omnis
1198 1265 1363 1331 homines
1386 1265 1551 1349 omnique
1574 1263 1748 1348 partibus3
1764 1265 1800 1328 et
1815 1259 1957 1346 quando
1980 1278 2042 1345 per
2058 1263 2093 1327 te
2111 1257 2294 1326 volueritis
2311 1255 2395 1327 inde

546 1416 641 1480 esset
664 1413 812 1480 aucto'rc
836 1419 872 1482 et
895 1413 1091 1498 defensore,
1117 1433 1197 1481 cum
1222 1413 1293 1482 ista
1315 1414 1454 1483 cartula
1477 1420 1612 1482 etcum
1636 1415 1741 1499 quale
1756 1413 1830 1483 alia
1854 1411 2033 1480 monimen
2050 1415 2086 1479 et
2103 1411 2291 1496 rationem,
2309 1427 2399 1494 quas

551 1562 634 1632 inde
650 1565 756 1635 abere
773 1561 978 1652 potueritis,
996 1566 1034 1632 in
1052 1567 1216 1632 omnibus
1231 1564 1313 1632 inde
1324 1583 1474 1635 causare
1489 1569 1526 1633 et
1540 1566 1646 1632 finem
1662 1566 1777 1634 facere
1789 1647 1792 1653 ¹
1803 1565 1909 1632 vultis
1925 1585 1934 1650 ;
1960 1563 2052 1650 quod
2068 1566 2098 1630 si
2116 1580 2179 1630 nos
2195 1561 2248 1631 vel
2267 1563 2400 1630 nostris

559 1719 725 1786 eredibus
751 1719 834 1786 inde
858 1720 1065 1806 quesieritis
1088 1720 1193 1788 abere
1217 1725 1376 1787 auctores
1392 1723 1428 1786 et
1443 1718 1666 1805 defensores,
1689 1721 1776 1786 tunc
1798 1733 1863 1783 nos
1886 1721 1922 1784 et
1945 1715 2076 1784 nostris
2099 1715 2289 1784 heredibus
2311 1734 2402 1785 sem·

556 1890 620 1959 per
636 1873 717 1940 illut
732 1872 798 1940 tivi
817 1873 942 1960 tuique
960 1871 1150 1940 heredibus
1165 1872 1384 1940 defensemus
1399 1892 1461 1958 per
1477 1872 1680 1958 supradicto
1695 1872 1820 1941 ordine
1835 1878 1872 1941 et
1886 1873 2035 1940 ratione:
2054 1870 2147 1958 quod
2162 1870 2193 1936 si
2207 1873 2340 1955 omnia,
2358 1873 2401 1937 ut

558 2027 724 2111 superius
748 2024 880 2092 dicium
904 2029 968 2111 cst,
992 2044 1056 2112 per
1080 2023 1247 2092 iamdicto
1270 2023 1393 2093 ordine
1417 2023 1498 2093 illut
1518 2026 1583 2092 tivi
1608 2027 1730 2112 tuique
1755 2025 1965 2110 heredibus,
1990 2041 2062 2092 non
2084 2022 2402 2108 defensaverimus,

476 2185 484 2210 ‘
550 2181 617 2247 aut
639 2177 670 2246 si
694 2196 759 2246 nos
782 2177 837 2246 vel
863 2177 995 2246 nostris
1019 2177 1209 2245 heredibus
1232 2176 1313 2246 illut
1335 2177 1397 2246 vel·
1415 2178 1545 2247 exinde
1569 2179 1623 2246 tui
1646 2179 1771 2266 tuique
1794 2177 1988 2246 heredibus
2011 2175 2134 2244 tollere
2150 2179 2214 2245 aui
2236 2181 2402 2245 contrare

555 2352 602 2420 qu
621 2334 880 2418 esierimusper
906 2333 1031 2417 quabis
1060 2331 1274 2418 rationibus,
1298 2350 1360 2416 per
1385 2332 1463 2418 ipsa
1486 2331 1620 2416 guadia
1642 2349 1705 2417 per
1732 2331 1993 2398 combenientia
2017 2327 2259 2417 obligavimus
2280 2345 2346 2398 nos
2368 2336 2405 2397 et

553 2484 688 2552 nostris
714 2483 910 2552 heredibus
933 2484 976 2551 ad
1002 2483 1278 2570 componendum
1300 2483 1353 2552 tui
1378 2483 1501 2570 tuique
1525 2483 1690 2551 eredibns
1714 2483 1847 2570 viginti
1870 2483 1951 2552 auri
1976 2483 2079 2552 solidi
2110 2483 2410 2572 constantiniani,

558 2654 665 2722 quarn
690 2641 724 2704 te
750 2635 930 2705 iohannes
954 2636 1115 2704 notarius
1139 2637 1291 2704 scribere
1314 2635 1519 2722 rogavimus
1541 2641 1661 2705 actum
1685 2638 1766 2706 uius
1788 2639 1947 2706 nucerie.

610 2761 640 2876 †
665 2808 730 2876 ego
752 2787 974 2877 guandelieri

613 2915 643 3031 †
667 2961 733 3030 ego
756 2943 964 3012 romoaldus.

1325 3590 1650 3671 oMLxxv.
1735 3561 1738 3564 ’

1335 3887 1392 3961 A.
1420 3889 1475 4008 D
1504 3888 1630 3962 1041.

610 4149 640 4264 †
666 4177 704 4243 ln
732 4177 875 4244 nomine
899 4175 1036 4243 domini
1061 4175 1228 4244 bicesimo
1252 4174 1358 4245 terlio
1380 4196 1474 4245 anno
1498 4179 1718 4268 principatus
1740 4174 1872 4246 salerni
1896 4173 2016 4243 domni
2034 4177 2146 4244 nostri
2163 4175 2357 4262 guaimari,
2377 4181 2415 4243 et

564 4327 669 4395 terlio
693 4346 788 4396 anno
814 4328 1036 4416 principatus
1060 4331 1138 4397 eius
1161 4348 1271 4416 capue
1294 4332 1331 4398 et
1352 4329 1485 4416 amalfi,
1510 4335 1546 4397 et
1568 4328 1720 4397 secundo
1743 4346 1837 4398 anno
1860 4328 2009 4398 ducatus
2032 4328 2109 4398 eius
2132 4331 2285 4397 surrenti
2306 4377 2316 4413 ,
2341 4329 2416 4415 glo·

567 4483 652 4548 riosi
670 4483 854 4569 principis,
872 4501 990 4552 mensa
1006 4481 1143 4570 aprilis,
1164 4500 1261 4552 nona
1277 4482 1484 4552 indictione.
1502 4485 1577 4571 Ego
1590 4482 1825 4572 truppualdus
1840 4487 1957 4555 scriba
1975 4485 2101 4572 palatii
2118 4489 2153 4554 et
2167 4487 2281 4555 abbas
2295 4487 2403 4554 eccle·

566 4633 618 4702 sie
637 4635 752 4704 sancti
772 4637 921 4704 maximi
941 4642 976 4705 ei
993 4638 1228 4724 pertinentem
1247 4636 1443 4724 supradicti
1465 4637 1585 4706 domni
1601 4637 1785 4726 principis,
1801 4638 1894 4708 etde
1910 4639 2075 4726 germani
2091 4639 2159 4726 sui,
2176 4639 2271 4707 etde
2296 4640 2420 4708 eredes

567 4791 748 4873 quondam
774 4790 922 4858 iohanni
947 4792 1094 4880 comitis,
1119 4793 1178 4879 qui
1204 4793 1273 4860 luit
1298 4789 1395 4860 fliius
1424 4792 1543 4859 domni
1573 4793 1717 4861 iohanni
1741 4793 1825 4860 olim
1850 4791 2029 4879 principi,
2052 4810 2094 4860 eo
2116 4790 2209 4880 quod
2232 4796 2317 4861 ante
2338 4795 2419 4860 sub·

567 4945 694 5031 scripti
720 4947 828 5012 testes
853 4963 915 5030 per
941 4945 1068 5013 bonam
1094 4947 1393 5014 combenientiam
1417 4947 1565 5015 tradidit
1588 4944 1733 5015 iohanni
1750 4945 1872 5014 clerici
1889 4944 1963 5012 filio
1979 4945 2157 5031 quondam
2175 4944 2337 5016 bonoaldi
2354 4945 2416 5033 qui

569 5096 636 5164 luit
667 5097 710 5165 de
732 5117 858 5174 cunsu‚
883 5103 919 5164 et
943 5099 1114 5166 iohannes
1137 5099 1232 5167 iilius
1255 5102 1351 5168 corvi
1375 5098 1563 5185 monachi,
1588 5098 1631 5165 ad
1656 5097 1855 5166 faciendum
1885 5095 1956 5164 illis
1986 5101 2022 5166 el
2050 5099 2125 5166 suis
2153 5099 2318 5168 eredibns
2345 5099 2420 5166 dua

567 5245 718 5335 molina,
745 5249 836 5335 quod
853 5267 937 5336 pars
961 5248 1073 5336 ipsius
1088 5248 1234 5317 ecclesie
1245 5250 1328 5318 abet
1345 5251 1382 5316 in
1399 5250 1512 5317 locum
1529 5258 1676 5337 pestum,
1694 5250 1754 5317 ubi
1772 5249 1817 5319 ad
1835 5255 1998 5319 sanctum
2015 5247 2118 5319 basili
2135 5250 2284 5337 dicitur,
2309 5252 2420 5337 perti·

569 5405 715 5470 nentem
733 5401 844 5486 ipsius
859 5399 1005 5470 ecclesie
1023 5407 1147 5470 sancte
1163 5403 1290 5478 marie,
1309 5402 1371 5470 tali
1389 5402 1525 5476 ordine,
1545 5405 1584 5469 ut
1600 5401 1723 5469 amodo
1746 5407 1782 5468 et
1798 5419 1861 5487 per
1879 5405 1993 5469 totum
2011 5419 2167 5470 mensem
2185 5403 2338 5488 magius,
2357 5399 2419 5488 qui

570 5558 672 5626 modo
699 5560 736 5625 in
761 5559 923 5646 proximo
948 5557 1070 5644 benit,
1095 5557 1235 5626 faciatis
1258 5556 1386 5624 ibidem
1412 5575 1519 5625 unum
1546 5555 1715 5626 molinum
1744 5556 1788 5626 ad
1815 5555 1931 5624 omnis
1954 5563 2114 5625 nostrum
2147 5555 2362 5642 expendium
2386 5560 2422 5625 et

570 5712 743 5780 concietis
768 5711 868 5780 illum
894 5713 1038 5797 bonum,
1062 5713 1153 5777 sicut
1176 5710 1356 5796 meruerit,
1381 5713 1420 5776 ui
1442 5709 1566 5777 diebus
1588 5728 1631 5778 ac
1657 5711 1816 5777 noctibus
1834 5710 1986 5796 pleniter
2005 5727 2194 5780 macenaro
2209 5714 2367 5798 poseant,
2385 5714 2423 5778 et
