5408 7108
566 434 636 509 222
1193 431 1368 506 CODEX
1406 434 1682 509 Ouvuusls

515 663 643 733 emiset
666 664 712 734 ad
735 667 910 752 potestate
932 681 1082 750 meaque
1104 679 1253 750 porpore
1277 661 1383 729 uxori
1406 679 1469 730 sue
1492 663 1528 730 et
1550 659 1662 729 alium
1685 661 1792 730 talem
1818 658 1902 728 iude
1924 657 2045 728 emisit
2073 657 2119 726 ad
2148 659 2363 744 potestatem

515 816 627 902 ipsius
651 817 841 904 grimoaldi
863 822 900 886 et
923 817 1033 886 alium
1059 817 1140 884 inde
1156 813 1274 883 emisit
1291 813 1336 882 ad
1352 819 1560 901 potestatem
1576 813 1690 883 alfani
1706 818 1743 881 et
1759 811 1978 899 tauselgardi
1994 811 2157 898 germani
2177 807 2244 876 iilii
2263 807 2355 894 petri

514 969 575 1056 qui
603 969 672 1038 iuit
694 986 888 1057 germanus
911 969 954 1036 de
976 969 1052 1056 ipso
1076 969 1154 1036 viro
1177 925 1298 1036 meus..
1315 969 1359 1036 ut
1380 985 1444 1054 pro
1466 969 1597 1054 quibus
1619 967 1729 1035 michi
1754 965 1936 1034 nominate
1953 981 2112 1052 purpure
2130 963 2168 1028 in
2184 967 2259 1030 tota
2277 961 2358 1048 ipsa

515 1125 634 1210 rebuS,
652 1122 744 1208 quod
761 1125 837 1209 ipse
860 1122 914 1188 vir
936 1139 1037 1190 meus
1061 1121 1234 1190 iudicavit
1257 1122 1296 1190 in
1313 1122 1473 1208 predicto
1489 1119 1705 1190 monasterio
1721 1122 1844 1231 sancte
1860 1116 2027 1185 trinitate
2044 1116 2136 1202 quod
2154 1115 2367 1182 constructa

514 1279 569 1344 est
592 1275 629 1342 in
653 1275 896 1345 mitilianense
918 1277 1003 1364 fine,
1019 1278 1055 1344 ct
1069 1275 1161 1362 quod
1185 1276 1260 1363 ipse
1283 1279 1406 1363 petrus
1433 1275 1542 1343 iudex
1564 1273 1770 1341 construxit
1788 1272 1889 1338 intus
1904 1271 2000 1338 hanc
2017 1247 2178 1356 sinitote,
2202 1267 2360 1354 pertinet

513 1433 677 1516 quartam
700 1431 839 1515 partem
862 1447 926 1515 per
949 1402 1067 1496 meum
1090 1427 1261 1513 scriptum
1287 1427 1498 1513 morgincap
1520 1425 1614 1511 quod
1637 1424 1711 1508 ipse
1735 1421 1878 1491 alfanus
1902 1421 1956 1488 vir
1973 1437 2079 1487 meus
2104 1419 2214 1488 michi
2239 1420 2363 1487 emisit

514 1583 552 1648 in
576 1581 634 1649 die
657 1585 779 1648 nostre
802 1579 1049 1667 copulationis,
1073 1598 1270 1668 congruum
1292 1584 1347 1648 est
1368 1577 1480 1646 michi
1498 1573 1688 1646 ‘nominate
1711 1595 1869 1665 purpure
1891 1581 1965 1643 tota
1987 1573 2169 1660 etinclita
2186 1573 2265 1658 ipsa
2282 1589 2363 1682 mea

513 1737 644 1820 quarta
666 1733 709 1800 de
732 1731 903 1819 predictis
927 1734 1031 1800 rebus
1054 1731 1144 1818 quod
1169 1733 1243 1816 ipse
1267 1733 1322 1797 vir
1346 1749 1445 1798 meus
1468 1749 1530 1816 per
1546 1731 1791 1817 supradictum
1810 1729 2011 1797 iudicatum
2028 1726 2206 1794 iudicavit
2229 1724 2362 1810 inipso

512 1885 726 1952 monasterio
750 1889 872 1952 sancte
898 1883 1075 1952 trinitatis
1097 1888 1133 1951 et
1155 1883 1270 1952 sancti
1295 1883 1400 1968 petri,
1428 1881 1465 1947 in
1489 1900 1562 1968 qua
1585 1883 1641 1946 vir
1664 1878 1884 1948 beneravilis
1907 1876 2055 1943 domnus
2073 1875 2220 1943 adelferi
2251 1875 2369 1942 abbas

515 2037 634 2122 preest
657 2033 808 2103 offerire.
834 2036 880 2103 Et
901 2036 994 2122 ides,
1019 2036 1112 2102 sicut
1133 2034 1241 2102 michi
1265 2034 1445 2101 nominate
1470 2049 1619 2118 porpore
1641 2047 1837 2117 congruum
1862 2035 1917 2096 est
1934 2046 1995 2113 per
2018 2028 2112 2119 hanc
2135 2029 2251 2114 carta,
2281 2045 2362 2095 mea

512 2207 604 2258 vona
637 2188 832 2274 boluntate,
868 2191 962 2256 Ante
986 2191 1102 2274 ipsum
1124 2193 1264 2274 petrum
1289 2187 1441 2254 iudicem
1465 2186 1577 2272 optuli
1600 2186 1664 2253 deo
1690 2189 1727 2253 et
1751 2185 1957 2271 supradicto
1983 2181 2201 2250 monasterio
2234 2185 2363 2249 sancte·

511 2343 704 2429 trinitatis,
727 2344 818 2429 quod
842 2341 953 2412 situm
986 2347 1041 2411 est
1064 2343 1103 2410 in
1126 2341 1250 2410 eadem
1274 2341 1364 2409 fines
1389 2340 1632 2410 mitilianense
1657 2339 1833 2466 inscripta
1855 2341 1898 2408 de
1923 2343 2040 2407 monte
2063 2358 2086 2407 a
2117 2355 2222 2423 super
2255 2334 2368 2403 dubio·

511 2495 650 2580 selanu,
673 2499 748 2563 tota
771 2498 807 2563 et
830 2496 956 2563 inclita
979 2496 1057 2580 ipsa
1080 2501 1211 2580 quarta
1235 2512 1313 2562 mea
1334 2493 1377 2561 de
1401 2495 1562 2578 predicta
1584 2501 1684 2564 curte
1707 2495 1750 2563 de
1774 2495 1850 2582 ipso
1875 2495 1986 2561 locum
2011 2509 2139 2579 angre,
2162 2489 2256 2558 etde
2279 2486 2360 2572 ipsa

511 2645 589 2716 alia
613 2651 716 2714 curte
740 2646 783 2714 de
806 2646 882 2732 ipsc
906 2646 1019 2714 iocum
1044 2645 1205 2732 nuceria,
1230 2645 1322 2732 quod
1346 2647 1422 2732 ipse
1445 2646 1500 2712 vir
1524 2665 1622 2715 meus
1646 2665 1708 2733 per
1731 2650 1807 2732 ipso
1823 2647 2017 2714 iudicatum
2036 2643 2209 2712 iudicarit
2225 2641 2264 2708 in
2283 2644 2366 2726 ipso-

515 2804 733 2870 monasterio
756 2810 879 2872 sancte
903 2804 1080 2871 trinitatis
1104 2813 1139 2871 et
1162 2803 1253 2890 quod
1279 2803 1454 2872 iudicabit
1478 2805 1515 2871 in
1541 2805 1614 2888 ipso
1639 2805 1855 2871 monasterio
1878 2803 1993 2869 sancti
2021 2799 2128 2885 petri,
2155 2797 2257 2865 etde
2282 2796 2361 2883 ipsa

511 2958 619 3024 rebus
642 2957 733 3043 quod
758 2957 933 3025 iudicabit
956 2961 993 3023 in
1020 2958 1094 3043 ipso
1119 2959 1331 3025 monasterio
1347 3009 1356 3043 ‚
1372 2959 1425 3024 lta
1449 2961 1488 3025 ut
1510 2956 1547 3022 in
1569 2957 1641 3042 ipso
1658 2956 1871 3024 monasterio
1888 2958 2011 3020 sancte
2027 2951 2201 3021 trinitatis
2217 2969 2358 3037 semper

512 3111 584 3179 siat
608 3115 685 3178 tota
707 3113 743 3178 et
767 3111 909 3196 integra
933 3111 1011 3196 ipsa
1035 3117 1168 3195 quarta
1191 3130 1270 3180 urea
1293 3111 1336 3178 de
1359 3111 1531 3179 iamdicta
1555 3113 1657 3179 rebus
1672 3111 1715 3178 de
1733 3109 1809 3196 ipso
1828 3109 1941 3178 iocum
1958 3109 2145 3194 tavellara,
2169 3106 2261 3193 quod
2287 3109 2363 3194 ipse

512 3261 569 3328 vir
593 3282 693 3330 meus
716 3264 755 3331 in
778 3264 854 3349 ipso
878 3262 1095 3331 monasterio
1118 3269 1241 3332 sancte
1263 3263 1442 3331 trinitatis
1466 3281 1529 3348 per
1553 3265 1629 3349 ipso
1654 3263 1849 3331 iudicatum
1876 3261 2048 3331 iudicavit
2077 3266 2114 3328 et
2137 3265 2212 3329 tota
2239 3265 2277 3328 et
2307 3261 2371 3327 in·-

513 3413 619 3498 tegra
654 3412 732 3498 ipsa
770 3417 901 3499 quarta
924 3432 1004 3482 mea
1027 3420 1064 3481 et
1089 3414 1166 3499 ipsa
1189 3419 1290 3482 curte
1313 3414 1357 3483 de
1382 3417 1456 3500 ipso
1481 3413 1596 3481 locum
1622 3432 1736 3501 angre
1760 3418 1796 3482 et
1818 3413 1860 3480 de
1883 3413 1960 3499 ipsa
1982 3413 2056 3483 alia
2079 3419 2179 3483 curte
2206 3413 2249 3482 de
2274 3413 2364 3481 iam·

511 3560 606 3628 dicto
628 3561 743 3629 locum
767 3565 925 3639 nucerie.
950 3566 1042 3651 quod
1066 3564 1235 3633 similiter
1259 3569 1333 3650 ipse
1350 3564 1404 3630 vir
1422 3583 1521 3632 meus
1545 3566 1708 3652 peripso
1734 3566 1931 3634 iudicatum
1950 3566 2123 3636 iudicavit
2140 3567 2177 3633 in
2201 3566 2362 3653 predicto

514 3714 729 3782 monasterio
746 3717 863 3784 sancti
880 3716 986 3802 petri,
1011 3734 1117 3802 quem
1140 3721 1262 3802 petrus
1287 3718 1396 3784 iudex
1411 3719 1624 3806 construxit,
1643 3736 1780 3805 semper
1803 3721 1851 3786 sit
1865 3719 1942 3804 ipsa
1960 3737 2038 3786 mea
2054 3723 2185 3805 quarta
2200 3719 2243 3786 de
2259 3720 2371 3786 ambe·

514 3863 590 3949 ipse
614 3865 728 3932 curtis
753 3866 790 3932 in
813 3867 971 3952 predicto
994 3869 1211 3936 monasterio
1227 3869 1343 3936 sancti
1361 3869 1468 3953 petri.
1486 3871 1563 3936 Anc
1579 3869 1827 3956 suprascripta
1841 3887 1921 3938 mea
1939 3868 2123 3937 offertione
2139 3872 2177 3936 in
2195 3870 2362 3938 iamdicta

516 4016 655 4083 ratione
678 4034 746 4104 ego
770 4019 929 4103 predicta
952 4038 1113 4106 purpura
1136 4038 1200 4106 pro
1224 4037 1344 4088 amore
1367 4022 1602 4106 omnipotenti
1627 4019 1690 4088 deo
1712 4023 1748 4088 et
1771 4018 1899 4088 salutis
1922 4023 2040 4091 anime
2065 4039 2142 4091 mee
2171 4021 2284 4110 optuli
2322 4022 2362 4089 in

515 4167 674 4257 predicto
697 4171 911 4240 monasterio
935 4173 1012 4257 ipsa
1037 4191 1116 4241 mea
1139 4177 1269 4258 quarta
1292 4171 1335 4240 de
1360 4171 1436 4259 ipsa
1461 4159 1568 4241 rebus
1592 4173 1635 4240 de
1653 4175 1727 4261 ipso
1746 4173 1859 4242 locum
1876 4175 2054 4245 tavellara
2071 4177 2182 4263 optuli
2196 4179 2271 4264 ipso
2288 4195 2363 4246 mo·

520 4323 678 4392 nasterio
701 4327 823 4392 sancte
846 4325 1033 4412 trinitatis,
1051 4325 1182 4412 etipsa
1205 4331 1337 4413 quarta
1362 4343 1442 4394 mea
1463 4327 1507 4393 de
1532 4325 1607 4411 ipse
1631 4327 1733 4394 ambe
1761 4325 1874 4393 curtis
1897 4325 1940 4394 de
1964 4327 2039 4413 ipso
2063 4325 2178 4394 locum
2195 4345 2308 4415 angre
2325 4335 2362 4398 et

515 4476 558 4543 de
582 4476 657 4562 ipso
672 4475 795 4558 ,locum
820 4479 969 4546 nuceria
987 4479 1099 4565 optuli
1116 4479 1154 4546 in
1171 4479 1337 4547 iamdicto
1355 4479 1575 4546 monasterio
1592 4477 1706 4572 sancti
1723 4479 1828 4565 petri,
1853 4479 1938 4545 cum
1956 4480 2076 4546 omnia
2092 4479 2187 4554 intro
2203 4499 2241 4548 se
2257 4483 2373 4550 aben·

516 4627 613 4694 tibus
635 4633 671 4695 et
693 4627 768 4695 suis
802 4629 1029 4715 pertinentiis
1064 4649 1145 4697 cum
1181 4629 1258 4697 bice
1281 4629 1325 4696 de
1351 4631 1404 4697 vie
1428 4649 1518 4717 sue,
1542 4631 1595 4696 Ad
1618 4630 1793 4698 securiter
1817 4636 1853 4698 et
1877 4631 2030 4698 tirmiter
2064 4632 2188 4699 amodo
2212 4637 2249 4700 et
2270 4651 2363 4701 sem·

515 4797 580 4864 per
603 4798 666 4864 pro
689 4800 772 4866 pars
796 4781 952 4866 ipsarum
987 4783 1202 4850 monasteria
1236 4800 1429 4868 eorumque
1465 4787 1617 4850 rectores
1653 4788 1783 4850 cuncta
1813 4784 2024 4868 supradicta
2048 4803 2127 4852 mea
2151 4785 2364 4854 hoffertione

516 4931 555 4996 in
589 4931 750 5016 predicta
783 4933 922 5000 ratione
948 4934 1137 5018 abesdum,
1162 4934 1430 5019 dominandum,
1456 4933 1705 5020 possidendum
1729 4940 1765 5002 et
1786 4937 1906 5004 omnia
1932 4936 2015 5004 inde
2046 4937 2247 5005 faciendum
2272 4937 2365 5022 quod

515 5081 705 5168 volueriut,
730 5085 861 5168 absque
884 5087 980 5150 omni
1007 5104 1085 5153 mea
1108 5087 1145 5152 et
1164 5085 1208 5152 de
1232 5085 1320 5153 meis
1344 5087 1532 5154 heredibus
1555 5091 1618 5154 aut
1642 5086 1809 5172 cuiquam
1833 5088 2012 5154 ominibus
2028 5087 2285 5156 contrarietate
2308 5085 2366 5156 vol

515 5236 765 5319 requisitione:
790 5241 827 5303 et
849 5237 966 5323 obligo
991 5256 1045 5304 me
1069 5237 1254 5304 nominata
1270 5257 1427 5323 purpura
1451 5245 1487 5305 et
1511 5256 1606 5306 meos
1622 5239 1767 5306 heredes
1783 5258 1921 5326 semper
1945 5240 2132 5308 defensare
2149 5239 2188 5307 in
2206 5241 2365 5326 predicta

517 5383 588 5454 dua
611 5388 828 5456 monasteria
851 5393 926 5456 tota
949 5398 984 5456 et
1009 5389 1133 5458 inclita
1157 5391 1401 5477 suprascripta
1425 5410 1504 5460 mea
1527 5393 1713 5458 offertione
1731 5393 1768 5458 in
1786 5391 1959 5460 iamdicta
1985 5392 2123 5459 ratione
2139 5394 2185 5459 ab
2202 5393 2368 5460 omnibus

518 5541 723 5608 hominibus
747 5540 914 5626 omnique
937 5543 1116 5628 partibus;
1142 5550 1177 5610 et
1200 5544 1419 5629 quandoper
1437 5543 1562 5628 seipsis
1586 5543 1668 5610 inde
1692 5547 1855 5610 auctores
1871 5561 1938 5610 exe
1956 5544 2148 5628 voluerint,
2172 5549 2369 5629 potestates

520 5695 653 5757 aveant
670 5689 751 5757 inde
768 5694 804 5758 ct
820 5690 862 5759 de
880 5691 1080 5760 munimina
1097 5691 1179 5761 inde
1195 5693 1418 5762 continentes
1433 5693 1643 5761 omnimodis
1659 5695 1741 5764 inde
1764 5715 1913 5765 causare
1938 5701 1973 5764 et
1996 5698 2103 5764 finem
2128 5697 2257 5784 iacere,
2277 5717 2373 5784 qua·
