5456 7096
1033 500 1445 576 DlPLOMATIOUS
2051 503 2119 577 135

316 697 420 811 cipis,
446 741 566 795 mense
590 725 743 813 megine,
769 728 896 798 octaba
921 727 1129 796 indictione.
1156 729 1444 798 Memoratorium
1467 729 1599 802 sactum
1622 751 1645 800 a
1667 746 1731 797 nos
1755 728 1935 799 maraldus
1958 732 1994 797 et
2017 728 2162 815 alcuini,

321 877 382 966 qui
409 883 463 948 est
485 879 582 947 tilius
606 879 782 968 quondam
808 881 953 968 falconi,
977 901 1017 951 eo
1041 883 1134 970 quod
1157 886 1239 952 ante
1262 881 1455 969 subscripti
1479 885 1586 950 testes
1609 901 1672 970 per
1697 883 1788 952 bona
1811 879 2075 952 combenientia
2091 883 2165 950 tra·

319 1027 409 1098 didit
433 1032 535 1098 nobis
559 1035 598 1100 at
620 1030 812 1100 tenendum
836 1037 872 1101 et
896 1031 1127 1102 laborandum
1153 1032 1326 1103 iohannes
1349 1031 1443 1100 filius
1467 1032 1645 1118 quondam
1670 1035 1842 1118 iohanni,
1871 1037 1932 1121 qui
1958 1032 2028 1100 fuit
2052 1037 2169 1120 porte·

324 1203 419 1266 rum,
445 1205 520 1254 una
543 1187 646 1273 pecta
669 1186 712 1256 de
735 1191 833 1256 terra
857 1205 936 1254 cum
960 1186 1138 1274 aliquanti
1163 1186 1354 1273 castaneis
1378 1186 1470 1272 quod
1494 1188 1606 1256 abunt
1630 1185 1667 1254 in
1701 1184 1815 1253 locum
1839 1185 1978 1271 solosre,
2004 1183 2067 1252 ubi
2091 1202 2169 1270 pro·

330 1338 408 1424 prio
431 1356 560 1408 nomen
584 1341 807 1410 constantini
830 1339 976 1428 dicitur,
1000 1346 1140 1410 rotense
1163 1341 1306 1428 fluibus,
1330 1357 1400 1426 que
1423 1345 1475 1408 est
1498 1359 1562 1428 per
1586 1357 1626 1408 ee
1643 1341 1737 1408 finis:
1763 1341 1809 1408 ab
1831 1338 2015 1407 occidente
2038 1337 2109 1404 nne
2126 1338 2169 1407 de

319 1488 441 1559 eredes
464 1491 606 1578 olperti:
631 1512 653 1560 a
677 1492 826 1561 meridie
850 1493 920 1561 fine
944 1493 1061 1562 lubio:
1088 1496 1133 1564 ab
1156 1493 1306 1562 orientis
1330 1493 1414 1578 flue,
1438 1493 1532 1561 sicut
1555 1493 1669 1562 limite
1692 1493 1910 1560 discernunt:
1937 1491 1983 1561 da
2005 1493 2173 1577 partibus

320 1641 622 1728 septemtrionalis
645 1643 715 1710 fine
738 1644 832 1710 sicut
857 1643 971 1711 medio
996 1642 1173 1714 ballouem
1196 1645 1380 1713 discernit.
1409 1647 1451 1714 de
1475 1666 1514 1716 ec
1538 1649 1621 1714 bero
1652 1649 1757 1714 rebus
1788 1664 1850 1732 per
1886 1643 2052 1714 iamdicte
2090 1645 2171 1714 linis

323 1794 472 1878 tradidit
496 1795 598 1863 nobis
621 1796 753 1866 exinde
778 1797 905 1866 inclita
929 1797 1118 1866 medietate
1141 1798 1188 1866 da
1210 1797 1382 1884 partibus
1398 1799 1699 1884 septemtrionalis
1715 1816 1803 1885 erga
1820 1797 1895 1885 ipso
1910 1749 2061 1883 ballone,
2090 1817 2170 1868 cum

229 1924 232 1930 ¹
321 1945 445 2014 omnia
469 1945 562 2012 intro
585 1963 623 2013 se
646 1948 837 2014 ababtibus
860 1949 1094 2036 omnibusque
1118 1951 1192 2018 sois
1216 1949 1461 2036 pertinentiis
1478 1954 1513 2018 et
1530 1969 1610 2018 cum
1634 1951 1713 2020 bice
1737 1951 1780 2019 de
1794 1953 1856 2021 bia
1878 1971 1945 2020 sua
1961 1951 2056 2022 illam
2075 1953 2171 2020 vobis

323 2096 475 2166 tradidit
498 2096 575 2166 bice
598 2115 664 2167 sua
686 2105 724 2168 et
746 2101 822 2168 bico
845 2101 1032 2186 genitricis
1055 2121 1118 2170 sue
1141 2107 1177 2170 et
1200 2103 1277 2171 bice
1302 2102 1375 2171 avii
1400 2107 1436 2171 et
1459 2119 1578 2171 socere
1602 2121 1688 2189 sue,
1722 2103 1787 2172 tali
1824 2104 1972 2189 ordine,
2004 2108 2044 2172 ut
2067 2103 2173 2175 licoat

324 2265 390 2316 nos
413 2254 449 2318 et
470 2252 603 2319 nostris
626 2251 792 2320 eredibus
815 2253 939 2322 amodo
963 2259 998 2322 et
1022 2253 1117 2322 omui
1144 2258 1302 2342 tempore
1327 2256 1453 2326 inclita
1478 2259 1556 2344 ipsa
1579 2257 1770 2340 medietate
1786 2257 1828 2325 de
1848 2260 1926 2345 ipsa
1943 2259 2060 2343 reboo,
2086 2277 2172 2344 qua·

324 2400 413 2469 liter
437 2401 603 2488 disimus‚
627 2409 748 2472 nostre
772 2407 956 2491 potestatis
981 2409 1163 2475 teneamus
1186 2411 1222 2475 et
1248 2407 1458 2496 loboremuS,
1482 2413 1518 2478 et
1541 2411 1661 2478 fobeas
1678 2413 1713 2478 et
1735 2410 1851 2476 omnis
1865 2411 1986 2476 nostre
2003 2407 2174 2477 utilitatis

325 2552 455 2622 ibidem
480 2554 667 2643 faciamuS‚
691 2560 728 2625 et
751 2559 812 2625 ubi
836 2563 956 2644 oporte
979 2519 1100 2638 tuerit,
1128 2564 1336 2628 castaneum
1361 2577 1426 2626 nos
1452 2560 1553 2627 illum
1577 2560 1707 2628 ibidem
1730 2577 1903 2646 ponamus
1927 2563 1963 2626 et
1986 2560 2174 2645 cubemus,

324 2706 418 2774 sicut
440 2707 624 2795 meruerit,
648 2711 685 2776 et
707 2709 913 2778 annualiter
936 2713 1108 2778 castanee
1133 2709 1216 2777 inde
1241 2709 1454 2797 colligamus
1477 2716 1513 2781 et
1538 2688 1653 2782 birido
1678 2713 1772 2782 inter
1789 2731 1852 2780 uos
1868 2712 2082 2780 dibidamus:
2110 2727 2172 2778 nos

325 2861 361 2928 et
385 2860 518 2930 nostris
541 2863 705 2931 eredibus
727 2863 963 2947 medietatem,
991 2868 1028 2932 ot
1052 2865 1163 2952 ipsius
1187 2865 1335 2934 iohanni
1360 2870 1457 2934 etat
1480 2865 1556 2934 suis
1580 2866 1743 2934 eredibus
1767 2865 1890 2932 demus
1906 2865 1981 2933 alia
2006 2865 2176 2935 medieta-

326 3015 412 3100 tem3
437 3017 473 3082 et
496 3014 538 3082 de
561 3033 631 3102 que
654 3015 862 3086 annualiter
891 3017 1020 3084 ibidem
1044 3017 1363 3106 seminaberimus,
1387 3017 1509 3085 demus
1533 3019 1567 3086 ei
1590 3017 1720 3086 exinde
1744 3017 1956 3086 terraticum
1979 3015 2175 3086 secundum
2233 3041 2236 3054 ·

329 3169 586 3240 consuetudine
608 3169 655 3284 de
677 3169 751 3258 ipso
775 3169 903 3256 locum;
928 3172 1015 3239 etsi
1041 3176 1141 3239 terra
1163 3170 1304 3240 aridam
1329 3169 1460 3238 ibidem
1483 3169 1625 3238 abuerit
1642 3174 1678 3238 et
1694 3188 1755 3254 per
1774 3169 1921 3238 tertiam
1944 3171 2059 3236 bicem
2076 3168 2177 3256 plan·

329 3325 444 3390 timen
468 3322 599 3390 ibidem
622 3322 857 3409 posuerimus,
882 3326 918 3390 et
940 3319 1142 3408 plantimen
1166 3322 1245 3408 ipsa
1269 3322 1400 3391 ibidem
1423 3339 1495 3389 non
1518 3325 1683 3410 proserit,
1708 3323 1833 3391 solutis
1861 3321 1945 3390 inde
1968 3338 2177 3391 maneamus

334 3473 583 3562 acalumniis3
606 3479 643 3544 et
666 3473 773 3562 quale
796 3480 954 3562 tempore
978 3478 1085 3545 rebus
1109 3477 1186 3562 ipsa
1207 3479 1329 3545 tenere
1353 3479 1391 3544 et
1415 3475 1578 3545 laborare
1602 3473 1832 3562 noluerimus,
1857 3473 1966 3544 liceat
1987 3491 2053 3541 nos
2075 3475 2177 3542 exin-

334 3626 378 3698 de
400 3630 504 3698 exire
520 3649 600 3698 cum
623 3631 739 3697 omnis
763 3632 881 3699 vestro
904 3629 999 3697 iusto
1021 3627 1287 3716 conquisitum,
1311 3630 1347 3695 et
1371 3627 1497 3697 inclita
1521 3629 1628 3696 rebus
1652 3625 1730 3713 ipsa
1752 3627 1911 3695 rebertas
1935 3628 1974 3694 at
2006 3628 2178 3712 potestate
2310 3613 2312 3618 ’

330 3785 444 3870 ipsius
469 3783 620 3872 predicti
646 3785 794 3854 iohanni
819 3788 855 3854 et
877 3785 921 3852 de
944 3783 1020 3851 suis
1046 3782 1222 3850 eredibue.
1250 3781 1342 3850 unde
1359 3799 1421 3869 pro
1444 3779 1565 3851 taliter
1588 3799 1651 3868 per
1675 3780 1767 3848 bona
1801 3779 2062 3846 combenieutie
2090 3740 2181 3866 gua·

333 3938 396 4008 dia
418 3940 521 4032 nobis
543 3939 620 4024 ipse
643 3937 817 4006 iohannes
840 3940 919 4006 bico
942 3956 1021 4024 sua,
1046 3940 1082 4006 et
1105 3953 1168 4024 pro
1192 3937 1268 4004 bice
1290 3934 1333 4002 de
1357 3935 1434 4022 ipsa
1456 3952 1545 4002 nore
1567 3938 1603 4003 et
1626 3951 1749 4002 socera
1771 3950 1836 4000 sua
1859 3931 1957 4000 dedit
1988 3935 2025 4000 et
2048 3931 2183 4003 media·

336 4093 450 4157 torem
474 4089 578 4157 nobis
594 4087 711 4175 posuit
733 4086 929 4156 sibenolfus
954 4086 1053 4155 filius
1074 4085 1252 4174 quondam
1275 4084 1447 4171 radoaldi3
1471 4089 1507 4154 et
1533 4102 1596 4172 per
1613 4083 1734 4154 eadem
1749 4079 1885 4170 guadia
1899 4081 2073 4173 obligabit
2089 4099 2127 4150 se
2140 4085 2176 4151 et

334 4264 417 4320 snus
441 4247 565 4314 eredes
588 4247 762 4315 antistare
787 4250 823 4314 et
845 4229 1032 4314 defensare
1056 4242 1158 4312 nobis
1182 4239 1383 4326 nostrisque
1406 4237 1571 4306 eredibus
1595 4235 1673 4324 ipsa
1695 4234 1856 4322 predicta
1878 4253 1944 4305 sua
1966 4235 2178 4305 tradictione

334 4398 383 4468 da
406 4415 489 4484 pars
514 4398 628 4486 ipsius
649 4398 747 4464 noris
773 4412 835 4464 sue
860 4399 896 4463 et
918 4411 1041 4462 socera
1067 4411 1149 4479 sua,
1164 4395 1201 4461 et
1217 4391 1264 4462 da
1285 4391 1564 4474 omnesomines
1587 4391 1752 4476 omnique
1775 4387 1952 4476 partibus3
1969 4387 2062 4474 quod
2079 4386 2111 4454 si
2128 4392 2183 4457 te·

338 4551 423 4620 liter
446 4547 568 4618 omnia
595 4546 846 4636 suprascripta
869 4547 971 4614 uobis
993 4563 1064 4612 non
1089 4543 1337 4631 adimpleberit
1359 4545 1395 4610 et
1419 4541 1491 4610 alia
1514 4540 1597 4609 inde
1619 4539 1721 4628 nobis
1750 4538 2045 4626 contradisserit,
2070 4538 2125 4606 vel
2154 4538 2185 4604 si

343 4700 428 4771 illut
450 4703 553 4770 nobis
575 4699 700 4769 tollere
723 4703 789 4768 aut
814 4701 981 4766 contrare
1004 4695 1245 4783 presubserit‚
1270 4695 1355 4761 tunc
1377 4693 1618 4780 quodcumque
1641 4687 1864 4761 cabsationes
1887 4689 1990 4757 nobis
2012 4689 2187 4777 indepre-

334 4855 507 4943 posuerit,
532 4858 620 4922 tune
642 4869 705 4941 per
732 4853 810 4939 ipsa
832 4849 969 4940 guadia
999 4847 1174 4936 obligabit
1196 4865 1235 4916 se
1257 4821 1293 4916 et
1314 4863 1395 4914 suos
1417 4845 1539 4914 eredes
1553 4860 1761 4931 componere
1776 4841 2089 4930 nobisnostrisque
2104 4861 2179 4912 ere·

332 5008 452 5095 dibus,
476 5009 531 5078 vel
556 5011 615 5077 oui
639 5009 782 5078 brebem
807 5007 916 5076 istum
940 5007 978 5074 iu
1002 5020 1150 5073 manum
1172 5000 1347 5089 paruerit,
1372 4997 1503 5086 biginti
1525 5001 1605 5068 auri
1629 4996 1732 5066 solidi
1756 4996 1976 5065 constantini
2000 5001 2036 5066 et
2058 4999 2181 5068 omnia

334 5163 583 5250 suprascripta
605 5177 669 5248 per
692 5160 819 5229 inbitis
842 5158 945 5227 nobis
968 5155 1188 5262 adimplere,
1211 5157 1248 5222 et
1270 5171 1342 5222 unc
1363 5154 1506 5222 brebem
1528 5153 1655 5242 scripsi
1679 5171 1745 5240 ago
1771 5151 1821 5220 iso
1846 5152 2008 5223 notarius
2039 5153 2101 5241 qui
2128 5157 2182 5223 in·

336 5313 475 5382 terruit.

385 5439 417 5554 †
441 5467 517 5555 Ego
539 5464 667 5554 godeni

380 5589 410 5707 †
435 5618 510 5707 Ego
537 5616 656 5687 disiio.
