5406 7090
1046 508 1201 584 SAEC.
1242 507 1314 583 Xll.
2023 508 2064 581 ll

263 766 279 801 n
309 745 391 811 sunt
416 738 596 835 gloriosa3
633 740 667 812 in
706 729 807 812 ¹cuius
836 738 1000 836 gradibus
1031 737 1235 824 dinoscetur
1265 737 1351 842 deus
1382 758 1460 808 cum
1497 735 1664 832 suscipiet
1699 759 1803 824 cam,
1833 723 1871 810 ἰιι
1905 735 2039 809 dicatur
2073 734 2115 807 ad

264 925 279 960 n
309 919 368 970 eos
395 898 479 991 (cod.
499 955 507 986 ,
535 896 577 970 ab
610 899 662 972 eis
687 904 790 996 corr.)
809 901 866 994 qui
888 897 962 971 illic
982 898 1158 993 possident
1183 897 1328 970 domos:
1349 897 1441 971 sicut
1460 895 1669 982 audivimus,
1687 897 1733 970 ita
1753 907 1786 969 et
1806 897 1958 970 vidimus
1975 897 2011 968 in
2030 896 2118 969 civi·

261 1090 276 1124 «
306 1067 374 1134 tate
401 1061 533 1136 domini
560 1062 743 1148 virtutum3
772 1061 807 1131 in
834 1060 975 1134 civitate
994 1059 1048 1131 dei
1070 1059 1192 1143 nostri,
1213 1061 1256 1130 de
1275 1082 1341 1153 qua
1360 1058 1503 1130 dicitur:
1524 1056 1725 1130 distribuite
1742 1057 1871 1152 gradus
1890 1058 1980 1152 ejus.
2001 1057 2114 1156 Super

263 1251 278 1286 ιι
309 1220 395 1292 haec
422 1229 537 1293 autern
566 1221 682 1292 omnia
710 1217 899 1315 possidebit
926 1218 1029 1291 vitam
1054 1227 1241 1291 aeternam.
1275 1249 1290 1284 ιι

309 1379 337 1450 ΙΙ
366 1379 484 1452 l8.mo
513 1379 588 1474 rigo
615 1379 672 1452 del
698 1381 723 1452 l.
744 1377 790 1452 58
810 1403 858 1466 ν.,
879 1379 932 1452 col
951 1379 1052 1474 quale
1079 1379 1199 1452 boisce
1220 1379 1359 1452 l’omilia
1385 1379 1561 1488 attribuite
1582 1379 1620 1452 ad
1642 1381 1804 1478 Origene,
1834 1383 1863 1453 si
1883 1380 2019 1478 comple
2047 1405 2114 1454 con

260 1544 292 1614 la
318 1538 455 1612 rubrica
476 1581 520 1594 -
540 1539 602 1612 Scr
627 1544 663 1612 iu
688 1545 736 1612 sci
763 1543 858 1635 lupi3
881 1541 984 1611 —cd
1013 1540 1036 1611 il
1064 1561 1223 1612 sermone
1250 1562 1315 1610 con
1340 1545 1508 1612 carattere
1536 1541 1594 1635 pib
1631 1539 1766 1635 piccolo
1796 1562 1849 1610 nra
1884 1539 1974 1612 della
2001 1551 2112 1616 stessa

260 1703 374 1774 forma
399 1699 432 1770 di
461 1698 578 1794 quello
606 1699 661 1771 del
688 1699 814 1774 Codice
841 1702 860 1770 b
888 1699 1009 1772 scritto
1036 1700 1091 1770 nel
1120 1698 1312 1772 rimanente
1346 1699 1440 1771 della
1467 1702 1635 1796 paginae
1662 1699 1719 1772 nel
1757 1709 1986 1795 susseguente
2016 1704 2041 1775 l.
2069 1704 2116 1776 59

176 1881 179 1889 “
261 1887 289 1932 r.
311 1902 359 1914 -
376 1857 504 1945 Questo
531 1881 691 1930 sermone
707 1867 760 1942 tra
778 1879 838 1954 pcr
863 1880 978 1930 essere
995 1882 1075 1931 cosa
1098 1867 1186 1932 tutta
1214 1859 1361 1954 speciale
1387 1859 1549 1954 eperobd
1576 1859 1707 1934 inedito
1733 1861 1767 1934 lo
1794 1862 1995 1958 riportiamo
2023 1863 2114 1938 nella

259 2046 320 2095 sua
349 2018 512 2114 integritd
532 2059 578 2076 -

654 2211 668 2245 ιι
688 2180 761 2253 Ser.
790 2185 826 2252 in
851 2183 896 2251 aci
922 2180 993 2272 lupi
1010 2206 1040 2247 o.

309 2373 324 2408 ιι
353 2342 442 2429 Quia
468 2338 556 2414 beati
585 2339 655 2435 lupi
681 2305 779 2412 sacra
805 2327 961 2411 natalitia
987 2335 1220 2428 celebramus,
1247 2336 1393 2425 dignum
1419 2346 1471 2409 est
1498 2347 1535 2409 ut
1561 2337 1638 2410 eius
1670 2352 1791 2413 sancto
1818 2343 1959 2416 nomine
1985 2369 2111 2440 provo·

261 2527 277 2576 n
307 2506 373 2576 cati
400 2502 528 2596 aliquid
556 2500 597 2572 de
624 2499 861 2596 spiritualibus
888 2497 978 2594 lupis
1007 2497 1204 2589 loquamur.
1233 2495 1293 2569 Est
1319 2494 1412 2566 enim
1445 2496 1556 2568 malus
1583 2495 1698 2592 lupus,
1719 2506 1772 2574 est
1791 2506 1828 2572 et
1853 2499 1966 2574 bonus
1992 2503 2109 2599 lupus.

258 2695 273 2732 ιι
302 2663 413 2736 lllalus
427 2662 530 2758 lupus
544 2659 702 2733 diabolus
720 2667 784 2746 est,
806 2657 863 2752 qui
885 2659 1004 2730 caulas
1020 2655 1169 2743 domini,
1190 2655 1280 2730 idest
1300 2658 1520 2753 paradysum,
1543 2658 1782 2732 fraudulenter
1803 2663 1993 2757 ingressus,
2015 2689 2112 2741 oves·

257 2855 271 2889 ιι
301 2845 367 2918 que
394 2820 470 2892 eius
497 2843 583 2914 quae
612 2818 696 2890 inibi
724 2817 991 2889 deliciosissime
1019 2801 1496 2912 pascebanturabstralrem,
1525 2817 1794 2916 circumquaque
1821 2821 1998 2917 dispersit,
2029 2825 2109 2918 quia

258 3013 273 3050 ιι
303 2981 444 3054 aliosad
461 2978 669 3076 superbiam,
699 2977 784 3049 alios
811 2977 852 3048 ad
881 2977 1074 3064 avaritiam,
1102 2973 1189 3048 alios
1208 2974 1248 3048 ad
1268 2974 1458 3060 luxuriam,
1488 2977 1542 3047 rel
1561 2985 1677 3052 cetera
1697 2978 1784 3051 mala
1803 2979 1976 3068 incitavit,
2006 2995 2110 3078 atquc
2155 3061 2161 3068 ,

257 3172 271 3208 ιι
303 3141 343 3213 ad
371 3140 570 3235 speluncam
592 3161 689 3210 suam
718 3135 941 3232 pertrahens,
971 3134 1205 3208 avidissimam
1231 3134 1356 3205 samem
1384 3157 1481 3206 suam
1501 3156 1545 3206 ex
1564 3135 1615 3206 eis
1642 3137 1791 3210 satiavit.
1814 3139 1911 3213 Unde
1937 3143 2108 3237 scriptum

258 3335 272 3410 ιι
302 3311 366 3377 est:
387 3301 479 3373 sieut
498 3323 580 3374 oves
599 3301 633 3370 in
655 3298 791 3370 inferno
810 3297 912 3393 positi
932 3303 1025 3382 sunt,
1046 3303 1081 3368 et
1100 3319 1191 3370 mors
1209 3295 1372 3392 depascet
1390 3319 1462 3366 eos·
1485 3304 1663 3386 utcontra
1682 3299 1793 3372 bonus
1812 3303 1929 3397 Lupus
1952 3303 2111 3380 Christus

254 3489 271 3528 ι
300 3462 463 3534 dominus
491 3467 555 3545 est,
576 3460 634 3552 qui
654 3458 758 3530 ovilia
785 3457 927 3544 diaboli,
955 3456 1047 3528 bunc
1074 3455 1238 3528 videlicet
1255 3454 1422 3527 mundum
1443 3465 1478 3528 et
1497 3455 1672 3530 infernum
1691 3459 1901 3555 perlustrare
1927 3463 2104 3558 dignatus,

256 3653 271 3688 ιι
302 3645 384 3695 oves
402 3643 496 3705 suas,
517 3642 601 3713 quas
628 3619 685 3692 ille
711 3619 803 3691 lurto
829 3614 1040 3702 abstulerat,
1070 3638 1129 3710 per
1156 3613 1225 3686 rim
1252 3615 1292 3689 ab
1318 3639 1359 3689 eo
1386 3618 1555 3704 extorsit,
1584 3641 1711 3712 easque
1742 3621 2018 3695 desiderabiliter
2044 3649 2104 3697 co·

255 3813 270 3848 ι
301 3781 455 3865 medens,
484 3777 573 3852 idest
600 3777 634 3848 in
662 3799 787 3871 corpus
805 3799 906 3848 suum
924 3775 1103 3866 traiciens,
1125 3776 1165 3847 ad
1190 3798 1324 3870 semper
1351 3777 1496 3850 virentis
1524 3778 1673 3873 paradisi
1705 3781 1875 3856 coelestes
1900 3781 2022 3857 caulas
2049 3808 2101 3858 rc-

251 3971 269 4014 «
297 3941 457 4038 portarit.
476 3939 527 4014 De
545 3937 610 4013 hoo
628 3936 709 4032 lupo
728 3934 814 4009 dicit
832 3935 952 4008 beatus
970 3933 1166 4008 Patriareba
1184 3934 1309 4008 laceb:
1341 3939 1521 4010 Beniamin
1545 3940 1649 4036 lupus
1676 3963 1798 4038 rapax,
1828 3967 1927 4016 mane
1946 3946 2107 4021 comedet

254 4132 268 4168 ιι
298 4101 472 4198 praedam,
503 4122 643 4194 vespere
671 4097 803 4170 dividet
829 4097 950 4191 spolia.
970 4097 1149 4172 Beniamin
1170 4099 1436 4194 interpraetatur
1461 4099 1555 4175 lilius
1575 4103 1748 4177 dexterae.
1773 4106 1814 4178 Et
1832 4107 1910 4200 quis
1934 4104 2023 4180 alius
2051 4116 2104 4180 est

253 4289 267 4324 ιι
298 4257 390 4330 filius
416 4257 577 4329 dexterae
600 4255 665 4327 nisi
687 4253 745 4324 ille
765 4255 823 4350 qui
851 4255 951 4328 sedet
976 4255 1017 4328 ad
1044 4254 1217 4329 dexteram
1245 4257 1385 4352 patris?
1410 4257 1512 4331 Mane
1538 4269 1572 4333 et
1598 4287 1741 4358 vespere
1766 4268 1812 4338 ita
1838 4267 1979 4361 ponitur
2005 4263 2044 4340 ao
2072 4269 2101 4344 si

252 4450 266 4486 ι
296 4417 454 4490 dicatur:
475 4415 569 4510 prius
584 4415 743 4489 comedet
757 4415 917 4510 praedam
937 4425 970 4486 et
991 4421 1108 4510 postea
1127 4413 1259 4488 dividet
1277 4415 1397 4510 spolia.
1420 4417 1511 4514 Ergo
1530 4417 1736 4493 benedictus
1756 4420 1807 4493 vir
1823 4422 1925 4518 lupus
1940 4427 2100 4520 praedam

252 4609 267 4646 ιι
296 4600 397 4672 quarn
419 4575 604 4649 maledicto
630 4573 711 4668 lupo
737 4570 892 4659 abstulit,
914 4571 1071 4644 homines
1085 4571 1221 4646 scilicet
1235 4597 1327 4646 nunc
1345 4576 1509 4664 comedit,
1529 4575 1617 4650 idest
1643 4579 1677 4650 in
1704 4603 1950 4677 corpussuum
1971 4588 2104 4662 avitiis

251 4767 267 4803 ιι
297 4759 359 4810 eos
384 4732 578 4808 occidendo
603 4731 833 4824 transfundit,
861 4755 947 4826 quos
966 4743 1082 4828 postea
1100 4731 1244 4820 diridet,
1265 4755 1344 4805 cum
1366 4731 1474 4807 bonos
1495 4737 1536 4810 ad
1560 4709 1708 4833 regnum
1730 4749 1909 4815 aeternum
1928 4748 2102 4840 perducit,

250 4923 265 4958 ι
296 4891 406 4964 malos
424 4912 507 4962 vero
526 4889 680 4961 aeternis
698 4889 837 4985 ignibus
856 4889 995 4965 addicit.
1015 4891 1142 4965 Omnes
1160 4891 1275 4986 itaque
1293 4894 1583 4970 sanctidoctores
1603 4908 1636 4972 et
1653 4901 1820 4998 episcopi,
1842 4903 1923 4996 quia
1948 4909 2100 4986 membra

248 5079 264 5114 ιι
293 5048 397 5121 huius
415 5047 603 5120 venerandi
625 5047 697 5143 lupi
715 5050 870 5138 luerunt,
893 5074 1079 5145 quaecum
1099 5050 1225 5124 secisse
1245 5045 1420 5140 viderunt,
1441 5067 1475 5131 et
1493 5059 1558 5155 ipsi
1579 5061 1823 5140 ardentissimo
1845 5091 1962 5143 amore
1982 5072 2098 5148 lacere

248 5235 265 5270 ιι
293 5215 518 5290 curaverunt,
546 5203 719 5301 exemplis
746 5207 1081 5284 videlicetetdictis
1107 5211 1192 5298 suis,
1213 5214 1294 5286 etsi
1317 5214 1395 5288 talis
1422 5220 1611 5294 necessitas
1642 5222 1814 5313 incubuit,
1847 5231 1952 5302 etiarn
1985 5251 2095 5309 morte

246 5391 263 5428 ιι
293 5386 369 5450 sua,
397 5384 480 5434 ores
506 5360 699 5436 dominicas
717 5367 867 5461 pessimo
885 5368 966 5464 lupo
984 5371 1188 5458 auferendo,
1208 5393 1247 5444 ac
1268 5371 1431 5449 membris
1453 5376 1696 5474 benignissimi
1726 5387 1797 5483 lupi
1825 5389 2093 5487 incorporando,

246 5550 262 5584 n
294 5519 503 5615 pase-uisque
529 5521 680 5594 aeternis
706 5523 917 5598 reducendo.
946 5526 973 5598 Ε
1000 5525 1125 5619 quibus
1151 5554 1241 5604 unus
1268 5531 1333 5606 iste
1360 5535 1724 5631 magnificentissimus
1759 5551 1851 5620 ornni
1880 5551 2010 5627 bonore
2039 5580 2094 5628 ve·

120 5745 124 5754 .
244 5709 262 5744 ιι
294 5679 484 5766 nerandus,
500 5679 668 5774 omnique
688 5681 861 5754 desiderio
876 5683 1137 5779 amplectendus
1151 5687 1265 5784 lupus,
1282 5695 1383 5766 cuius
1400 5694 1491 5768 diem
1511 5703 1864 5802 sacratissimumque
1883 5712 1955 5808 ipse
1975 5716 2095 5791 multis

242 5865 260 5902 ιι
291 5836 413 5910 oribus
439 5838 649 5964 cpelestibus
674 5839 785 5912 caulis
812 5841 1014 5932 trasmissis,
1044 5843 1150 5918 ovilia
1175 5857 1315 5925 aeterna
1341 5853 1476 5948 gaudiis
1502 5857 1735 5952 perhennibus
1755 5867 1923 5943 fruiturus
1947 5873 2094 5951 intravit

1254 5969 1262 5994 ι
