5408 7108
992 529 1400 607 lllPLOMATlCUS
2000 519 2068 598 tlt

271 761 453 846 mediumt
478 765 515 830 et
538 763 584 831 ab
607 759 787 829 occidente
811 759 883 830 fine
905 758 1062 848 predicte
1084 777 1221 848 gemme
1244 760 1281 827 et
1301 757 1345 827 de
1368 759 1443 846 ipso
1465 757 1586 824 nostro
1610 754 1828 823 monasterio
1859 755 1896 822 et
1919 751 2002 820 inde
2025 753 2117 822 abet

269 912 365 1001 passi
389 911 535 1000 biginti,
559 915 595 981 et
616 931 640 982 a
662 908 924 980 sebtemtrionis
948 911 1078 980 iterum
1095 910 1261 980 similiter
1278 912 1349 979 flue
1367 928 1505 996 gemme
1522 912 1583 977 het
1600 909 1643 977 de
1660 909 1736 996 ipso
1752 908 1965 978 monasterio
1981 909 2018 976 et
2036 924 2120 974 con-

268 1063 442 1146 iungente
464 1080 501 1130 se
525 1080 637 1150 nsque
653 1065 692 1132 at
708 1063 830 1149 priora
852 1063 923 1130 llne
944 1065 1030 1129 sunt
1053 1063 1146 1148 passi
1171 1061 1413 1150 quadraginta
1436 1080 1562 1130 unum:
1579 1031 1653 1130 tota
1676 1028 1860 1140 mensuria
1871 1059 2117 1148 suprascripta

267 1217 338 1285 ista
362 1220 417 1285 est
439 1220 644 1284 mensurata
668 1219 707 1284 at
732 1216 832 1284 iuxto
855 1232 999 1302 passum
1023 1215 1196 1284 ominum.
1221 1234 1261 1283 ec
1295 1231 1377 1282 vero
1408 1216 1510 1283 ambe
1533 1214 1606 1300 ipse
1634 1213 1731 1302 pecie
1754 1231 1836 1282 cum
1850 1214 2014 1281 arbustis
2049 1229 2112 1298 per

267 1365 436 1435 iamdicto
460 1365 543 1433 tluis
565 1371 600 1434 et
624 1367 819 1452 mensurie,
843 1383 924 1434 cum
947 1367 1069 1435 omnia
1090 1367 1184 1436 intro
1209 1385 1247 1435 sc
1271 1367 1463 1436 abentibus
1489 1368 1724 1454 omnibusque
1751 1367 1827 1435 suis
1844 1365 2059 1454 pertinentis
2082 1370 2118 1434 et

266 1538 347 1588 cum
369 1519 447 1588 bice
470 1519 512 1588 de
537 1520 593 1588 bie
616 1536 678 1587 sue
701 1535 768 1604 ego
790 1517 980 1588 iamdictus
1003 1520 1183 1613 guaimari
1206 1534 1323 1588 comos
1346 1539 1409 1607 pro
1433 1522 1510 1590 bice
1533 1523 1646 1608 ipsius
1663 1519 1775 1588 sorori
1801 1538 1888 1606 mee,
1915 1523 1951 1588 et
1974 1537 2040 1606 ego
2058 1537 2117 1587 su·

266 1672 452 1758 pradictus
475 1674 588 1742 abbas
612 1689 675 1760 pro
698 1690 783 1758 pars
807 1673 921 1742 nostri
938 1672 1151 1741 monasterii
1166 1674 1321 1759 ipsorum
1338 1691 1460 1740 omnes
1477 1671 1712 1760 suprascripti
1730 1675 1769 1741 at
1795 1671 2027 1743 lavorandum
2043 1677 2120 1740 tra·

265 1824 421 1894 didimus
446 1827 559 1912 ipsius
582 1825 741 1912 predicto
764 1844 867 1894 racco
890 1829 1034 1896 tertiam
1051 1833 1151 1913 parte
1167 1831 1202 1894 et
1218 1825 1329 1912 ipsius
1354 1825 1522 1894 iamdicto
1541 1823 1816 1893 iohannialiam
1835 1824 1979 1893 tertiam
2000 1830 2113 1914 parte,

268 1983 304 2048 et
326 1979 482 2064 ipsorum
509 1978 748 2066 prenominati
773 1978 968 2065 mirandus,
993 1978 1166 2066 ademari,
1189 1978 1390 2065 serrandus,
1410 1977 1581 2065 golechisi
1599 1976 1764 2058 similiter
1779 1976 1854 2045 alia
1869 1979 2014 2047 tertiam
2033 1998 2115 2064 par-

270 2133 334 2218 te3
359 2149 425 2219 ego
448 2131 637 2201 iamdictus
660 2133 886 2219 guaimarius
909 2130 1057 2200 tradidit
1081 2131 1235 2218 ipsorum
1258 2132 1494 2218 suprascripti
1519 2131 1561 2198 de
1586 2131 1665 2217 ipsa
1691 2132 1795 2198 rebus
1821 2129 1902 2199 illut
1918 2130 2010 2214 quod
2034 2148 2115 2217 per·
2197 2103 2205 2108 ’

266 2285 363 2354 tinet·
383 2285 497 2372 ipsius
520 2286 632 2354 sorori
656 2304 733 2356 mee
756 2305 819 2375 per
841 2285 1042 2374 supradicto
1064 2285 1219 2372 gualleri
1242 2286 1321 2352 biro
1343 2302 1434 2372 suo;
1459 2289 1495 2352 et
1517 2301 1583 2371 ego
1606 2283 1795 2352 iamdictus
1827 2285 1938 2352 abbas
1964 2283 2116 2353 tradidit
2141 2259 2147 2270 ⁴

266 2436 423 2522 ipsorum
447 2437 532 2507 illut
555 2437 647 2525 quod
670 2440 827 2525 pertinet
850 2438 980 2525 inipso
997 2443 1118 2506 nostro
1134 2439 1361 2526 monasterio,
1381 2437 1444 2507 tali
1461 2439 1653 2536 ordine‚‚ut
1670 2437 1794 2506 amodo
1811 2444 1847 2507 et
1861 2457 1999 2526 semper
2016 2439 2115 2508 omni

267 2593 423 2680 tempore
448 2597 487 2661 at
509 2590 652 2660 illorum
675 2597 710 2661 et
732 2592 775 2661 de
799 2591 939 2660 illorum
952 2589 1118 2659 eredibus
1133 2590 1206 2659 sint
1223 2589 1409 2677 potestatis
1425 2589 1507 2658 illut
1525 2595 1646 2658 tenere
1663 2597 1698 2658 et
1714 2589 1913 2676 dominare,
1933 2594 1997 2659 het
2014 2592 2113 2662 iobee

271 2754 332 2821 het
354 2749 470 2816 omnis
493 2746 633 2816 illorum
657 2746 849 2815 hutilitatis
872 2745 974 2814 iuxta
998 2697 1172 2814 rationem
1196 2746 1325 2814 ibidem
1348 2745 1496 2832 faciant,
1521 2751 1557 2814 et
1583 2745 1657 2813 illis
1681 2745 1897 2830 lavorareut‚
1923 2751 2102 2834 potarent,

265 2906 497 2991 pasteuarent
519 2905 555 2970 et
577 2901 870 2988 propaginarent,
894 2904 931 2968 et
955 2901 1014 2967 ubi
1040 2899 1222 2985 meruerit,
1247 2897 1343 2966 inira
1361 2900 1435 2984 ipse
1452 2897 1685 2966 tradictiones
1704 2899 1846 2966 arbores
1864 2901 1899 2964 et
1924 2897 2016 2966 bites
2033 2898 2106 2966 illis
2186 2917 2192 2926 ·

265 3053 396 3121 ibidem
419 3055 653 3139 pasteuarent
675 3055 710 3118 et
733 3050 954 3137 plantarent,
980 3051 1089 3119 elsio
1113 3055 1226 3120 totum
1250 3051 1321 3118 illis
1345 3051 1546 3122 lavorarent
1571 3051 1614 3119 de
1638 3070 1747 3138 super
1770 3056 1807 3119 et
1830 3051 1873 3120 de
1899 3055 2023 3120 subter
2045 3071 2108 3139 per

267 3210 383 3275 omnis
406 3224 541 3274 annum
565 3205 842 3292 rationabiliter,
866 3207 960 3274 sicut
983 3205 1078 3274 locus
1103 3206 1176 3292 ipse
1200 3208 1399 3315 meruerit,
1426 3210 1465 3273 nt
1488 3204 1526 3273 in
1550 3205 1680 3274 melius
1704 3206 1895 3290 proficiant
1911 3209 1946 3273 et
1970 3224 2041 3273 non
2059 3207 2112 3274 di-

267 3360 447 3445 spereant.
473 3341 519 3424 Et
544 3358 749 3442 persomnis
773 3375 907 3424 anuum
931 3375 993 3443 per
1016 3363 1173 3444 tempore
1196 3357 1239 3424 de
1264 3348 1439 3425 bindemie
1464 3356 1602 3425 faciant
1626 3357 1692 3442 ipsi
1733 3375 1855 3426 omnes
1877 3358 2112 3445 suprascripti

266 3511 302 3576 et
324 3461 473 3576 illorum·
488 3508 653 3578 eredibus
675 3509 769 3577 scire
792 3509 870 3596 ipsa
892 3526 1035 3596 gemma
1060 3513 1095 3576 et
1117 3525 1198 3576 suos
1220 3509 1353 3597 eredes,
1378 3513 1413 3578 et
1434 3529 1490 3578 me
1514 3509 1720 3578 nominatus
1743 3513 1857 3582 abbas
1880 3515 1916 3579 et
1939 3531 2034 3579 meos
2050 3531 2110 3600 po·

263 3663 443 3750 sicciores,
460 3662 515 3731 vel
529 3681 613 3749 pars
636 3665 747 3731 nostri
771 3660 995 3746 monasterii,
1020 3665 1061 3729 ut
1083 3661 1216 3729 ibidem
1238 3661 1443 3748 dirigamus
1467 3663 1614 3731 missum
1642 3666 1831 3750 nostrum,
1855 3670 1890 3732 et
1913 3663 1985 3732 illis
2009 3669 2046 3732 et
2067 3665 2112 3733 il·

267 3812 379 3884 lorum
404 3816 566 3885 eredibus
580 3814 852 3884 rationabiliter
868 3814 951 3884 illut
973 3814 1236 3882 bindemiarent
1251 3819 1287 3882 et
1303 3820 1413 3883 totum
1441 3817 1513 3902 ipso
1530 3819 1651 3884 binum
1669 3817 1761 3903 quod
1779 3817 1863 3884 inde
1877 3817 2020 3903 exierit,
2038 3836 2102 3904 per

262 3968 422 4038 medium
451 3967 532 4037 illut
554 3967 774 4036 dibidamusz'
797 3968 873 4055 ipso
896 3967 1040 4035 missum
1065 3970 1223 4035 nostrum
1246 3967 1348 4036 tollat
1371 3968 1608 4056 medietatem,
1626 3973 1661 4038 et
1681 3967 1753 4036 illis
1777 3973 1811 4037 et
1836 3969 1976 4036 illorum
1998 3970 2114 4040 eredi-

263 4124 330 4190 bus
353 4122 493 4209 reliqua
515 4121 754 4208 medietatem,
778 4122 908 4190 iterum
937 4123 974 4188 et
989 4119 1083 4196 ¹illut
1105 4118 1369 4189 bindemiarent
1392 4126 1430 4190 at
1452 4120 1637 4209 palmento
1665 4119 1820 4209 illorum,
1832 4125 1869 4190 et
1892 4119 1970 4208 ipsa
1989 4128 2116 4194 nostra

262 4279 452 4348 medietate
468 4277 549 4347 illut
565 4279 666 4346 nobis
689 4278 861 4348 atducaut
876 4277 1014 4347 salbum
1036 4245 1174 4364 uisque
1190 4281 1228 4345 at
1243 4277 1428 4346 cellarium
1453 4281 1611 4344 nostrum
1633 4277 1725 4365 quod
1743 4279 1855 4346 abent
1872 4277 1951 4364 ipsa
1967 4297 2109 4364 gemma

261 4433 298 4499 et
313 4430 396 4516 ¹ipso
419 4433 539 4497 nostro
562 4429 778 4498 monasterio
801 4431 839 4497 iu
862 4432 978 4496 locum
1002 4429 1146 4497 nucerio
1162 4433 1201 4497 at
1223 4433 1323 4497 curto
1337 4433 1458 4496 nostra
1482 4429 1618 4498 maiore
1636 4429 1696 4496 ubi
1721 4451 1744 4498 a
1763 4431 1855 4499 lasta
1872 4436 1935 4499 tua
1958 4431 2110 4517 dicitur,

262 4581 299 4647 et
322 4578 477 4648 midtant
498 4579 580 4649 illut
602 4580 641 4647 in
664 4598 820 4669 organeo
844 4586 963 4661 nostro
986 4583 1049 4668 qui
1073 4580 1215 4648 illorum
1239 4580 1369 4648 ibidem
1403 4581 1708 4669 atsignaberimus
1728 4631 1738 4668 ,
1762 4585 1799 4650 et
1824 4583 1899 4670 ipso
1923 4585 2103 4671 horgaueo

264 4753 328 4823 per
350 4735 465 4805 omnis
488 4753 623 4805 annum
646 4754 710 4822 per
732 4735 804 4803 illis
826 4740 862 4804 ot
885 4753 947 4822 per
972 4733 1114 4802 illorum
1137 4734 1299 4803 eredibus
1322 4733 1394 4802 siat
1409 4733 1610 4801 conciatum
1628 4737 1664 4801 et
1681 4732 1875 4801 studiatum
1892 4735 2036 4820 bonum,
2055 4732 2099 4800 si·

264 4891 325 4956 cut
346 4875 529 4974 meruerit,
553 4892 740 4974 sequenter
763 4886 887 4954 binum
912 4887 974 4974 qui
998 4885 1128 4954 ibidem
1151 4887 1338 4975 miserint3
1363 4892 1398 4956 et
1414 4887 1505 4956 ‚dum
1529 4887 1662 4956 ibidem
1695 4889 1834 4956 steterit
1858 4887 1932 4975 ipso
1958 4889 2108 4956 missum

263 5057 328 5126 pro
351 5005 426 5127 ipso
448 5041 573 5108 binum
596 5039 851 5127 recipiendum,
875 5037 948 5107 illis
972 5038 1053 5107 illut
1076 5039 1284 5128 nutrirent,
1310 5041 1402 5110 sicut
1426 5040 1569 5110 inxtum
1592 5041 1703 5109 tuerit
1735 5039 1929 5109 secundum
1964 5040 2108 5110 illorum

263 5192 511 5282 possibilitate,
534 5202 570 5262 et
592 5193 699 5263 deaut
722 5191 804 5262 inde
828 5194 929 5262 nobis
951 5169 1260 5280 palmentatikum,
1285 5194 1378 5262 sicut
1402 5194 1593 5282 meruerit,
1618 5193 1719 5262 etde
1742 5193 1835 5280 quod
1851 5194 1982 5264 ibidem
2006 5169 2114 5265 semi}

261 5347 443 5433 naberint‚
467 5344 577 5416 deaut
598 5347 681 5415 inde
696 5350 735 5416 at
749 5347 825 5434 ipso
848 5345 996 5415 missum
1018 5345 1121 5417 iuxto
1145 5349 1356 5417 terraticum
1379 5349 1882 5417 secundumconsuetudinem
1905 5348 1950 5416 de
1967 5348 2043 5437 ipso
2059 5348 2109 5416 lo·
2177 5315 2178 5319 Ἰ

263 5515 356 5584 cum3
375 5502 411 5567 et
427 5498 533 5586 quale
556 5503 714 5585 tempore
737 5498 805 5586 ipsi
828 5513 950 5567 omnes
964 5498 1197 5586 suprascripti
1210 5504 1246 5567 et
1262 5499 1403 5568 illorum
1419 5485 1583 5570 eredibus
1603 5501 1677 5587 ipse
1692 5501 1924 5570 tradictiones
1941 5521 2002 5588 per
2020 5502 2111 5571 iam-

179 5689 190 5706 ·
262 5655 355 5724 dicto
378 5656 502 5725 ordine
527 5660 646 5726 tenere
663 5659 724 5724 het
746 5654 910 5725 laborare
933 5673 1004 5723 non
1028 5656 1218 5740 boluerint,
1232 5658 1296 5724 aut
1318 5673 1389 5723 non
1409 5657 1602 5742 potuerint.
1621 5655 1783 5726 inclitum
1804 5657 1885 5724 illut
1903 5657 2106 5725 lavoratum

259 5815 296 5882 et
319 5811 492 5881 cultatum
517 5811 597 5882 illut
619 5811 813 5882 remidtant
834 5817 874 5882 at
896 5816 1065 5900 potestate
1089 5811 1200 5898 ipsius
1222 5828 1361 5898 gemme
1384 5810 1440 5880 rel
1464 5813 1509 5881 ad
1532 5812 1610 5880 eius
1634 5812 1757 5882 eredes
1777 5801 1866 5900 ,rel
1890 5814 2108 5899 ubicumque
