5456 7096
1007 550 1407 626 DIPLOMATIGUS

1053 829 1360 914 CMXXXI.

1058 1129 1116 1204 A.
1144 1130 1199 1204 D.
1226 1129 1356 1205 1038.

329 1363 365 1506 †
399 1419 438 1485 ln
464 1417 609 1487 nomine
633 1417 767 1487 domini
792 1418 967 1507 vigesimo
992 1436 1087 1488 anno
1110 1416 1334 1506 principatus
1351 1417 1471 1486 domni
1488 1417 1697 1508 guaimarii,
1710 1421 1746 1487 et
1762 1419 1878 1505 primo
1894 1436 1989 1488 anno
2005 1421 2137 1507 princi·

295 1575 400 1660 patus
432 1572 551 1641 domni
578 1573 725 1643 iohanni
751 1575 828 1642 eius
851 1573 930 1662 filii,
954 1573 1119 1662 gloriosis
1142 1573 1375 1660 principibus,
1392 1587 1513 1639 mense
1529 1571 1628 1658 iulio,
1645 1573 1747 1639 sexta
1765 1569 1973 1638 indictione.
1991 1569 2138 1639 Declaro

286 1742 353 1812 ego
388 1725 576 1813 iaqnintus
601 1727 798 1816 castaldus,
822 1727 908 1813 quia
931 1726 1015 1795 dum
1039 1728 1135 1795 cbim
1160 1726 1198 1793 in
1221 1732 1304 1795 actu
1328 1723 1450 1792 cilenti
1475 1724 1519 1794 ad
1536 1742 1663 1794 causas
1677 1722 1924 1792 diffiniendum
1940 1724 2076 1793 audivi.
2098 1771 2134 1790 ..

284 1877 477 1947 musericle
517 1878 751 1949 dominantur
776 1879 1002 1968 conquesitas
1025 1882 1200 1949 baberent
1216 1897 1274 1948 res
1290 1881 1329 1946 in
1345 1882 1419 1965 ipso
1435 1877 1523 1962 loco,
1540 1849 1599 1945 ubi
1617 1875 1811 1947 residentes
1827 1883 1923 1964 sunt,
1939 1877 2140 1946 asacratis·

284 2031 373 2098 simo
397 2029 620 2100 salernitano
646 2015 799 2120 palatio,
819 2037 856 2101 et
881 2032 1019 2119 audivi,
1036 2032 1121 2118 qnia
1138 2033 1336 2099 intrassent
1353 2031 1390 2097 in
1406 2032 1510 2096 rebus
1522 2028 1697 2116 pubblicis
1712 2048 1781 2116 que
1796 2049 1878 2098 cum
1895 2047 2016 2096 eorum
2033 2033 2142 2121 rebus

286 2189 475 2254 coniuncte
499 2189 604 2252 sunt.
634 2155 705 2272 Set,
730 2186 814 2254 dum
837 2187 1013 2255 veraciter
1037 2184 1125 2252 illud
1149 2185 1364 2272 invenirem,
1382 2203 1487 2271 super
1511 2183 1607 2271 ipsas
1629 2201 1686 2251 res
1701 2185 1844 2270 perrexi
1861 2203 1942 2254 cum
1958 2185 2135 2256 bernardo

287 2343 323 2407 et
346 2335 503 2407 lutherio
526 2337 737 2426 presbiteris
761 2342 797 2407 et
824 2339 1134 2426 ministerialibus,
1151 2344 1186 2408 et
1197 2344 1282 2408 ante
1299 2358 1414 2409 meam
1431 2340 1647 2429 presentiam
1663 2345 1840 2410 venerunt
1856 2346 1978 2428 petrus
1994 2345 2030 2410 et
2041 2360 2137 2430 urso,

288 2491 454 2579 germani
479 2495 515 2560 et
537 2491 604 2558 filii
629 2491 805 2577 quondam
828 2491 941 2560 leonis
963 2491 1156 2580 musiricle,
1180 2496 1216 2560 et
1236 2493 1399 2560 marinus
1422 2498 1457 2561 et
1480 2492 1673 2580 balsamus,
1698 2497 1862 2581 germani
1886 2499 1922 2562 et
1941 2495 2133 2582 filiiquon·
2173 2475 2185 2487 “

289 2642 371 2713 dam
398 2643 583 2730 iohannis,
608 2649 644 2712 et
668 2642 841 2712 iohannes
863 2644 960 2712 filins
982 2645 1161 2732 quondam
1183 2645 1354 2732 guisonis,
1378 2649 1415 2713 et
1431 2646 1659 2716 ostenderunt
1675 2647 1834 2734 ipsarum
1847 2669 1967 2718 rerum
1984 2653 2129 2737 conqui-

290 2797 459 2866 sitionem
485 2796 539 2866 ita
562 2799 818 2866 continentem:
843 2801 914 2867 Nos
936 2797 1160 2885 guaimarius
1183 2801 1219 2865 et
1240 2798 1413 2866 iohannes
1436 2799 1561 2866 divina
1577 2803 1787 2886 protegente
1807 2799 1999 2869 clementia
2015 2801 2132 2888 longo·

287 2951 480 3021 bardorum
497 2953 620 3039 gentis
636 2950 817 3038 principes
831 2952 1067 3019 concessimus
1084 2950 1182 3018 vobis
1198 2949 1360 3037 iohanni,
1377 2955 1413 3018 et
1428 2954 1539 3038 petro,
1557 2953 1593 3018 et
1610 2968 1705 3036 urso,
1716 2912 1786 3038 'qui
1805 2955 2072 3040 estisgermani
2088 2957 2124 3024 et

286 3101 356 3169 filii
382 3103 559 3190 quondam
583 3101 709 3190 leonis,
733 3106 769 3170 et
790 3101 965 3198 iohannes
988 3104 1085 3172 filius
1108 3103 1286 3189 quondam
1307 3103 1481 3192 guisonis,
1505 3108 1568 3192 qui
1588 3107 1674 3175 estis
1690 3109 1862 3196 congnati
1878 3114 1914 3178 et
1930 3109 2050 3178 fideles
2067 3128 2131 3178 no·

289 3256 371 3345 stri,
397 3260 515 3324 terras
538 3261 574 3324 et
597 3256 723 3324 vineas
747 3257 784 3322 in
808 3255 882 3325 loco
905 3257 965 3342 qui
989 3259 1138 3324 vocatur
1161 3231 1368 3325 ancilla-dei
1392 3260 1496 3326 actus
1519 3257 1676 3346 lucanie,
1695 3262 1879 3346 pertinens
1895 3267 2131 3332 sacronostro

289 3409 432 3498 palatio
456 3414 629 3496 actusque
652 3409 877 3497 principatus
900 3409 1011 3476 nostri
1034 3428 1096 3496 per
1119 3411 1182 3476 bos
1205 3410 1293 3476 fines
1317 3396 1492 3498 incipiens
1515 3432 1539 3480 a
1562 3413 1621 3481 via
1632 3411 1765 3482 saliens
1780 3433 1844 3502 per
1861 3417 2125 3506 balloncellum,

288 3562 387 3630 unde
411 3582 506 3648 aqua
529 3563 611 3631 viva
635 3563 805 3648 decurrit,
829 3565 865 3629 et
887 3559 1069 3630 revolvens
1092 3579 1155 3648 per
1178 3560 1301 3628 cilium
1323 3565 1358 3630 et
1381 3581 1527 3649 pescora
1552 3568 1587 3632 et
1610 3565 1823 3650 perveniens
1856 3566 1894 3632 in
1918 3566 2130 3637 balloncello

283 3717 344 3802 qui
368 3718 517 3785 vocatur
541 3715 756 3802 sisimbrius,
782 3714 876 3782 undo
898 3714 1065 3783 similiter
1088 3734 1183 3802 aqua
1205 3717 1287 3784 viva
1309 3717 1480 3804 decurrit,
1506 3720 1542 3785 et
1558 3735 1712 3804 pergens
1742 3736 1853 3804 nsque
1878 3719 1914 3786 in
1938 3719 2132 3789 balloncel-

274 3867 352 3939 lum
375 3874 437 3960 qui
466 3871 597 3958 dicitur
621 3871 762 3960 porcili,
787 3874 824 3939 et
847 3873 972 3940 exiens
996 3867 1034 3935 in
1058 3870 1117 3940 via
1139 3889 1207 3959 que
1229 3874 1464 3959 coniungitur
1488 3873 1527 3938 in
1550 3875 1623 3941 alio
1647 3871 1800 3960 vallone,
1826 3877 1889 3960 qui
1915 3875 2125 3947 diciturnu-

276 4025 459 4111 celletum,
475 4029 512 4095 et
528 4043 591 4113 per
608 4025 723 4113 ipsum
741 4025 917 4095 ballonem
931 4026 1125 4096 ascendens
1140 4044 1251 4112 usque
1268 4026 1306 4093 in
1319 4025 1470 4094 limitem
1482 4028 1544 4112 qui
1562 4025 1697 4092 ibidem
1709 4027 1845 4112 positus
1858 4033 1926 4116 est,
1939 4034 1975 4099 et
1988 4030 2122 4100 iterum

276 4179 462 4248 revolvens
485 4198 548 4267 per
572 4178 780 4249 iamdictum
804 4177 955 4246 limitem
979 4181 1013 4246 et
1036 4195 1190 4265 pergens
1213 4178 1259 4246 ad
1284 4198 1406 4249 aream
1423 4181 1625 4271 antiquam,
1645 4183 1705 4250 ubi
1719 4183 1792 4249 tria
1805 4201 1952 4268 pescora
1968 4191 2065 4269 sunt,
2089 4189 2126 4256 ot
2166 4215 2169 4223 ·

280 4331 499 4402 descendens
524 4333 564 4400 in
587 4332 647 4400 via
669 4351 738 4418 que
759 4332 861 4402 vadit
883 4333 928 4401 ad
950 4336 1106 4420 pontem,
1130 4333 1193 4418 qui
1216 4335 1363 4400 vocatur
1380 4336 1571 4419 terratum,
1588 4338 1624 4404 et
1638 4354 1793 4423 pergens
1808 4355 1872 4424 per
1896 4337 2011 4425 ipsam
2026 4339 2122 4408 viam

282 4488 320 4554 et
344 4485 570 4574 coniungens
594 4483 633 4552 in
658 4483 798 4554 ballone
821 4485 884 4573 qui
907 4485 1038 4554 dicitur
1054 4485 1097 4553 de
1111 4483 1296 4572 nucellitu,
1312 4489 1348 4554 et
1363 4449 1578 4554 descendens
1593 4505 1657 4573 per
1670 4488 1877 4558 iamdictum
1896 4482 2124 4592 vallonem'et

280 4634 469 4722 coniungit
493 4635 533 4702 in
556 4635 616 4704 via
638 4654 708 4722 que
730 4623 877 4706 vocatur
900 4636 943 4705 de
966 4653 1085 4724 corno,
1109 4640 1146 4706 et
1169 4639 1254 4707 salit
1276 4657 1339 4726 per
1364 4639 1507 4706 illorum
1533 4638 1720 4710 clausuras
1744 4645 1779 4711 et
1801 4644 1989 4734 coniungit
2004 4647 2042 4714 in
2062 4648 2122 4718 via

276 4807 347 4877 que
369 4792 424 4858 est
446 4788 544 4875 prior
566 4789 663 4857 finis.
691 4789 776 4857 dum
800 4795 873 4878 ego¹
888 4789 1070 4876 predictus
1092 4791 1270 4860 castaldus
1294 4789 1395 4880 ipsos,
1408 4793 1498 4862 fines
1527 4794 1699 4883 videram,
1713 4797 1887 4884 inquisivi
1905 4801 1950 4867 ab
1967 4802 2123 4873 homini·

281 4944 350 5012 bus
375 4943 443 5012 loci
459 4941 694 5031 vicineorum,
712 4943 743 5012 si
761 4943 938 5013 veraciter
955 4942 1023 5028 ipsi
1043 4943 1206 5012 mosende
1222 4944 1309 5013 illud
1325 4949 1503 5034 tenerent,
1521 4950 1557 5016 et
1572 4967 1635 5036 per
1655 4949 1749 5036 ipsos
1763 4950 1930 5039 cognovi,
1949 4955 2036 5039 quia
2053 4971 2126 5024 oms

275 5113 340 5167 nes
363 5099 457 5186 ipsos
479 5099 582 5187 fines,
607 5098 703 5166 sicut
727 5095 844 5184 ipsum
866 5101 1071 5185 preceptum
1095 5098 1266 5186 continet,
1291 5119 1355 5186 per
1381 5101 1632 5171 rectitudinem
1655 5102 1722 5189 ipsi
1749 5104 1828 5172 illos
1853 5110 2041 5194 tenerent,
2068 5119 2125 5179 set

275 5253 434 5323 intentio
457 5257 510 5322 est
532 5253 575 5322 de
601 5245 689 5341 ipsis
712 5253 828 5322 tribus
850 5272 997 5342 pescora
1020 5257 1056 5322 et
1079 5252 1122 5321 de
1145 5255 1223 5341 ipsa
1244 5271 1330 5322 area
1352 5252 1502 5341 antiqua
1526 5274 1636 5343 usque
1660 5257 1699 5324 in
1723 5259 1782 5328 via
1804 5260 1897 5347 ipsa,
1925 5279 1994 5348 que
2019 5264 2120 5330 venit

279 5403 323 5472 de
349 5407 459 5490 ponte
482 5408 618 5475 terrato
642 5406 736 5476 inter
759 5425 893 5494 aream,
918 5425 1027 5494 quarn
1050 5409 1213 5500 superius
1235 5408 1417 5497 dixerant,
1441 5409 1543 5477 nobis
1559 5413 1755 5482 nominatis
1774 5416 1972 5484 bernardus
1990 5424 2026 5488 et
2041 5417 2119 5488 leu-

282 5557 422 5627 therius
445 5560 635 5646 presbiteri
659 5564 695 5629 et
716 5557 948 5648 ministrales
972 5561 1035 5648 qui
1059 5581 1121 5648 per
1146 5559 1338 5632 iussionem
1363 5564 1588 5632 dominorum
1611 5566 1831 5638 ministrales
1854 5571 2017 5657 preteriti
2033 5576 2122 5643 tem·

276 5713 353 5797 pori
378 5731 484 5800 super
508 5713 605 5800 ipsas
628 5729 686 5780 res
709 5711 950 5801 advenissent,
973 5717 1009 5783 et
1031 5715 1103 5782 iarn
1126 5716 1278 5786 intentio
1303 5719 1386 5786 inde
1402 5718 1634 5840 lactaluisset
1649 5726 1685 5790 et
1699 5721 1815 5792 finitio
1833 5744 1895 5811 per
1913 5728 2007 5812 ipsos
2030 5728 2114 5798 inde

275 5864 403 5934 suisset
425 5865 531 5954 facia,
555 5864 709 5952 qualiter
733 5867 803 5953 ipsi
825 5866 1009 5936 musiricle
1032 5869 1132 5938 modo
1156 5872 1316 5940 clausum
1334 5875 1493 5944 retinent
1509 5875 1555 5944 ab
1572 5876 1641 5962 ipsi
1658 5879 1731 5946 tres
1744 5879 1917 5968 pesclora,
1936 5881 2030 5952 sicut
2043 5885 2112 5972 ipsi

414 6046 485 6106 fiori·
504 6057 540 6106 vr.
1064 6119 1066 6122 .
1873 6067 1907 6124 12
