5456 7096
1015 523 1434 603 DlPLOMATlOUS
2049 523 2118 598 167

307 755 393 824 dum
418 751 622 824 combocabi
647 757 768 840 petrus
791 755 827 821 et
852 754 1009 837 bassum,
1034 751 1096 838 qui
1120 755 1204 820 sunt
1228 749 1292 819 filii
1319 752 1455 837 meique
1479 751 1650 818 nucerino
1675 750 1792 835 priore
1825 747 1903 815 viro
1925 765 2024 816 meus
2049 733 2160 816 inme

311 908 427 996 geniti
452 912 489 978 et
510 909 623 977 creati
649 908 761 994 abuit,
787 911 822 974 et
848 923 1025 974 unacum
1049 905 1115 990 ipsi
1142 903 1288 990 predicti
1315 903 1379 969 tilii
1404 907 1439 969 et
1463 899 1669 968 mundoaldi
1698 899 1767 967 mei
1792 904 1829 967 et
1853 918 1915 987 per
1939 899 2162 970 absolutione

311 1063 423 1150 ipsius
447 1059 599 1150 garoiali
625 1061 702 1128 viro
726 1077 840 1143 meus,
867 1058 904 1124 in
927 1059 1030 1126 cuius
1053 1057 1198 1123 mundio
1221 1075 1287 1144 ego
1312 1059 1424 1143 iaceo,
1442 1075 1504 1141 pro
1522 1073 1605 1142 pars
1628 1061 1664 1125 et
1685 1056 1765 1122 vice
1789 1053 1892 1122 istius
1905 1053 2058 1141 garosali
2076 1075 2165 1141 gua-

314 1216 376 1285 dia
399 1232 464 1282 uos
487 1215 550 1301 qui
574 1231 684 1300 supra
707 1216 822 1280 mater
845 1213 881 1278 et
905 1209 970 1278 filii
995 1209 1159 1277 dedimus
1185 1211 1333 1277 iohanni
1357 1210 1431 1277 filio
1454 1210 1631 1296 quondam
1656 1207 1891 1278 bernardide
1916 1206 2029 1277 locum
2055 1209 2166 1276 turri·

312 1369 375 1456 cli,
402 1372 438 1438 et
461 1367 657 1436 mediatore
680 1367 714 1434 ei
740 1365 924 1453 posuimus
947 1370 1069 1451 petrus
1094 1362 1190 1431 iilius
1206 1357 1391 1449 'quondam
1414 1359 1541 1429 sellicti
1566 1360 1609 1426 de
1634 1358 1745 1426 locum
1770 1357 1928 1436 nuceria
1954 1365 1989 1427 et
2013 1379 2075 1447 per
2091 1362 2169 1446 ipsa

317 1519 453 1609 guadia
478 1537 539 1606 per
562 1517 826 1586 combenientia
850 1515 1090 1602 obligavimus
1115 1533 1179 1582 nos
1203 1519 1318 1584 mater
1342 1519 1378 1582 et
1400 1513 1465 1581 filii
1490 1518 1526 1582 et
1549 1514 1637 1581 meis
1660 1513 1850 1580 heredibus
1872 1472 2154 1582 antistandume

318 1671 574 1745 defensandum
600 1672 706 1740 istius
729 1667 898 1759 garofali‚
914 1673 951 1738 et
973 1669 1018 1738 ad
1044 1667 1142 1738 illius
1166 1669 1324 1758 heredes,
1354 1671 1399 1740 da
1427 1669 1543 1737 omnis
1567 1667 1729 1736 homines
1752 1666 1920 1756 omnique
1944 1668 2108 1755 partibus
2131 1670 2142 1736 i

314 1829 488 1900 iamdicto
511 1827 661 1912 ordiuc3
685 1825 776 1912 quod
799 1823 828 1890 si
854 1823 987 1910 omnia,
1006 1827 1045 1890 ut
1067 1825 1230 1910 superius
1253 1825 1385 1893 dicium
1410 1831 1476 1910 est,
1495 1841 1556 1910 per
1575 1823 1741 1892 iamdicto
1763 1823 1888 1892 ordine
1912 1821 1993 1891 illut
2016 1822 2082 1891 tibi
2101 1805 2172 1893 tui·

317 1999 384 2067 que
408 1978 573 2047 eredibus
597 1994 669 2043 non
693 1977 1009 2064 defensaberimus‚
1026 1981 1089 2047 aut
1113 1980 1143 2044 si
1168 1995 1232 2044 nos
1255 1978 1310 2046 vel
1334 1981 1465 2047 nostris
1489 1977 1656 2047 eredibus
1680 1979 1760 2046 illut
1776 1980 1831 2046 vel
1855 1979 1984 2048 exinde
2009 1979 2078 2047 tibi
2103 1981 2173 2047 tui·

317 2095 387 2222 que
413 2134 604 2202 heredibus
627 2132 750 2200 tollere
774 2136 837 2199 aut
859 2135 1025 2200 contrare
1048 2133 1304 2220 quesierimus,
1329 2133 1640 2218 quomodocunque
1668 2135 1732 2200 aut
1755 2151 1817 2218 per
1848 2132 2096 2218 qualecunque
2121 2133 2175 2197 in·

322 2288 431 2356 bonta
455 2284 609 2371 ratione,
633 2304 697 2371 per
719 2283 797 2371 ipsa
814 2285 949 2371 guadia
965 2282 1201 2372 obligavimus
1216 2303 1279 2352 nos
1296 2290 1331 2354 et
1343 2288 1474 2355 nostris
1491 2285 1679 2355 heredibus
1695 2284 1738 2354 ad
1755 2285 2034 2372 componendum
2061 2284 2174 2370 ipsius

315 2439 478 2528 iohanni,
502 2441 561 2509 cui
586 2459 648 2508 nos
671 2441 806 2528 guadia
830 2438 995 2509 dedimus
1018 2458 1082 2527 pro
1104 2446 1205 2526 parte
1230 2443 1340 2528 ipsius
1363 2443 1513 2524 garofali
1539 2443 1593 2510 vel
1617 2443 1662 2509 ad
1689 2439 1785 2507 illius
1818 2439 1991 2525 heredes,
2015 2456 2078 2504 seu
2110 2436 2170 2504 cui

318 2614 388 2664 unc
419 2599 593 2682 scriptum
616 2597 693 2663 vice
716 2615 782 2664 sua
806 2598 844 2663 in
868 2615 1014 2664 manum
1038 2593 1224 2682 paruerit,
1253 2595 1381 2682 viginti
1412 2594 1491 2664 auri
1516 2595 1619 2662 solidi
1646 2593 1865 2680 costantini,
1888 2595 1925 2658 et
1948 2589 2067 2660 taliter
2091 2591 2179 2658 scri·

317 2751 401 2818 bere
422 2751 628 2837 rogavimus
652 2753 687 2817 te
712 2749 885 2818 iohannes
909 2749 1073 2819 notarius
1098 2750 1137 2816 in
1161 2753 1279 2818 actum
1305 2747 1462 2816 nucerie.

364 2875 396 2996 †
419 2908 495 2994 Ego
518 2905 578 2994 qui
603 2925 712 2994 supra
734 2911 855 2993 petrus

366 3031 398 3149 †
422 3060 500 3150 Ego
523 3062 777 3132 machecolius.

1058 3315 1429 3331 ——fflfl-

1035 3578 1441 3698 oMLxxxrrr.

1096 3873 1154 3946 A.
1182 3874 1237 3946 D.
1267 3872 1394 3948 1041.

372 4114 408 4254 †
434 4167 473 4231 ln
497 4164 641 4232 nomino
663 4163 797 4232 domini
822 4162 993 4232 vicesimo
1017 4165 1144 4249 quarto
1167 4181 1262 4231 anno
1286 4163 1507 4250 principatus
1530 4162 1664 4231 salerni
1693 4162 1814 4230 domni
1840 4162 1950 4231 nostri
1976 4164 2177 4251 Guaimari,

327 4323 364 4388 et
379 4324 508 4406 quarto
526 4335 621 4387 anno
646 4317 873 4406 principatus
888 4316 966 4384 eius
983 4335 1107 4403 capue,
1125 4317 1187 4384 bet
1203 4312 1229 4404 ¹)
1245 4317 1396 4385 ducatus
1420 4319 1496 4386 eius
1519 4317 1640 4386 amalfi
1663 4336 1762 4384 scum
1786 4319 1952 4405 surrenti,
1971 4335 2090 4385 mense
2106 4336 2184 4406 sep-

329 4474 481 4559 tember,
499 4473 638 4541 decima
654 4471 862 4539 indictione.
879 4469 1028 4556 Ideoque
1045 4487 1110 4554 ego
1125 4462 1299 4538 iohannes
1315 4471 1410 4538 filius
1422 4472 1601 4557 quondam
1614 4471 1842 4558 maghenolfi,
1862 4491 1969 4558 quam
1981 4476 2017 4541 et
2028 4491 2094 4559 ego
2106 4493 2181 4540 mu·

330 4625 397 4694 lier
413 4627 555 4694 nomine
570 4644 711 4713 gemma
726 4625 802 4692 tilia
816 4623 995 4710 quondam
1012 4615 1159 4690 iohanni
1177 4627 1213 4690 et
1231 4642 1321 4692 uxor
1336 4645 1413 4692 sum
1438 4627 1542 4693 istius
1566 4629 1732 4714 iohanne,
1751 4631 1785 4694 et
1802 4630 1982 4697 abitautes
1997 4645 2120 4695 sumus
2137 4630 2177 4697 in

331 4779 453 4846 eodem
477 4779 553 4846 loco
578 4777 744 4864 nocella,
768 4776 1013 4846 clarefacimus
1036 4794 1100 4842 uos
1126 4776 1285 4845 iamdicti
1310 4778 1416 4845 viret
1435 4797 1526 4847 uxor
1549 4782 1655 4848 abere
1680 4783 1786 4848 rebus
1812 4783 1850 4850 in
1872 4781 1993 4849 eodem
2017 4777 2090 4849 loco
2116 4803 2183 4852 nu-

330 4931 423 5002 cella
436 4981 447 5020 ‚
474 4933 534 5000 ubi
558 4932 663 5017 hipsa
686 4929 858 5018 gructilla
880 4930 1024 5018 dicitur,
1048 4933 1083 5034 et
1106 4949 1276 5016 congrum
1302 4938 1355 5002 est
1378 4935 1480 5000 nobis
1503 4933 1662 5001 iamdicti
1694 4933 1751 4999 vir
1775 4939 1810 5002 et
1834 4953 1924 5002 uxor
1947 4937 2078 5004 exinde
2103 4939 2194 5030 bin·¹

338 5087 423 5154 dere
441 5103 513 5154 una
532 5083 666 5172 peciola
678 5083 750 5152 had
775 5085 951 5154 stefanum
967 5085 1082 5152 filium
1105 5085 1282 5172 quoddam
1305 5088 1452 5158 martini
1470 5107 1533 5176 per
1549 5108 1589 5158 as
1606 5089 1706 5156 fines:
1724 5090 1770 5158 da
1786 5089 1922 5158 oriente
1946 5089 2099 5160 saliente
2123 5111 2186 5178 per

336 5239 485 5326 ipso...
509 5291 516 5306 .
541 5291 546 5304 .
566 5259 589 5309 a
613 5241 867 5326 septemtrione
890 5241 961 5308 tine
985 5241 1061 5327 risi,
1078 5247 1114 5308 et
1129 5241 1370 5308 descendendo
1394 5245 1440 5310 da
1456 5243 1638 5310 occidente
1661 5261 1724 5328 per
1748 5243 2000 5336 ipsc-lubcnez
2027 5246 2075 5314 da
2098 5245 2186 5332 pede

336 5412 398 5479 per
424 5395 498 5480 ipso
525 5394 652 5481 lupone
676 5395 739 5481 qui
763 5399 816 5463 est
838 5395 881 5464 do
904 5413 1010 5482 super
1033 5394 1112 5481 ipsa
1136 5395 1207 5462 bia.
1236 5396 1293 5462 Ec·
1307 5413 1390 5463 vero
1414 5397 1582 5466 iamdicta
1605 5397 1740 5484 peciola
1763 5399 1806 5466 de
1823 5403 1921 5468 terra
1935 5417 1998 5486 per
2016 5400 2188 5468 iamdicto

380 5821 405 5908 ¹)
428 5833 541 5895 Tertio
560 5851 659 5896 anno.
734 5869 741 5880 ·
