5402 7088
621 475 667 552 sl
1269 475 1449 552 deunx
1488 476 1757 554 OAVENSIS

568 707 684 776 sancti
708 707 875 796 maximi,
899 711 936 776 et
957 711 1011 778 est
1034 705 1078 776 de
1100 705 1258 776 exomni
1281 707 1383 792 parte
1405 705 1476 772 line
1499 705 1611 792 ipsius
1634 702 1781 772 ecclesie
1797 705 1833 771 et
1848 706 1902 770 est
1916 719 1978 789 per
1995 717 2035 770 ec
2055 699 2291 771 mensuria:a
2311 703 2420 788 parto

567 860 719 932 orientis
742 864 777 932 et
802 881 825 932 a
847 865 949 950 parte
972 858 1165 972 occidentis
1189 859 1270 927 abet
1293 858 1336 926 de
1359 857 1543 944 longitudo
1565 877 1637 928 ana
1660 857 1765 946 pedes
1787 856 1917 948 biginti
1941 856 2023 934 duo,
2040 859 2077 924 et
2098 857 2238 942 aparte
2267 831 2418 926 meridie

565 1020 602 1086 et
629 1013 677 1085 da
700 1015 966 1102 septemtrionis
989 1018 1042 1082 est
1065 1015 1108 1084 de
1131 1013 1283 1084 latitudo
1307 1031 1379 1082 aua
1402 1014 1508 1102 pedes
1532 1013 1708 1109 undecim,
1724 1017 1971 1082 mensuratum
1990 1011 2035 1081 ad
2052 1009 2151 1080 iusta
2167 1027 2314 1079 manum
2335 1013 2421 1080 omi·

573 1185 674 1238 num.
699 1171 772 1237 llec
795 1185 879 1237 vero
902 1173 1003 1238 terra
1026 1187 1107 1236 cum
1131 1188 1216 1238 casa
1238 1187 1301 1256 per
1324 1167 1531 1255 supradicta
1554 1165 1737 1236 mensoria
1759 1165 1921 1236 inclitam
1937 1164 2044 1234 illam
2067 1183 2133 1252 ego
2156 1183 2234 1233 cum
2259 1161 2418 1251 predicto

577 1317 792 1390 adbocatore
815 1319 1144 1408 ipsiusoostantini
1170 1319 1384 1388 tradidimus
1407 1317 1445 1385 in
1468 1317 1532 1387 tali
1558 1317 1694 1406 ordine,
1722 1324 1762 1387 ut
1786 1317 1914 1386 amodo
1938 1321 1974 1385 et
1997 1333 2109 1403 usque
2132 1315 2262 1404 biginti
2293 1317 2421 1385 nobem

573 1474 661 1540 anni
689 1472 855 1560 completi
880 1473 926 1542 ad
950 1492 1051 1542 suam
1075 1479 1111 1542 et
1134 1473 1177 1541 de
1200 1473 1274 1540 suis
1290 1471 1454 1552 eredibus
1470 1472 1545 1576 sint
1559 1472 1747 1559 potestatis
1764 1470 1865 1540 illam
1889 1470 2084 1546 ,tenendum
2102 1475 2138 1539 et
2152 1468 2420 1556 dominandum,

573 1627 610 1694 et
633 1625 732 1694 fobee
755 1628 791 1694 et
808 1626 924 1694 omnis
949 1645 1012 1695 suo
1036 1625 1206 1696 utilitatis
1230 1625 1324 1694 iusta
1348 1626 1488 1693 ratione
1512 1625 1643 1693 ibidem
1667 1625 1822 1713 lactatis,
1839 1628 1875 1693 et
1890 1623 2022 1693 ibidem
2039 1624 2193 1696 residere
2210 1627 2247 1692 et
2262 1625 2416 1711 abitare,

567 1781 604 1847 et
628 1779 765 1849 omines
790 1780 841 1848 ibi
865 1781 910 1850 ad
934 1779 1160 1847 residendum
1185 1778 1339 1865 mittere,
1363 1783 1398 1847 et
1421 1798 1485 1865 pro
1508 1797 1653 1848 censum
1676 1779 1719 1848 de
1742 1779 1949 1866 supradicta
1976 1773 2191 1847 tradictione
2214 1779 2420 1882 peremnis

526 1973 528 1978 ·
572 1951 710 2004 annum
734 1932 843 2003 deant
867 1931 999 2002 exinde
1022 1950 1170 2000 censum
1187 1932 1232 2002 ad
1256 1951 1340 2020 pars
1364 1932 1477 2019 ipsius
1492 1933 1638 2001 ecclesie
1663 1951 1775 2021 usque
1798 1933 1873 2020 ipso
1887 1932 2119 2003 constitutum
2138 1951 2249 2001 unum
2265 1951 2415 2002 aureum
2510 2015 2514 2020 Ι

571 2085 646 2156 tari
671 2087 802 2154 bonum
827 2104 889 2173 per
914 2103 1065 2154 annum.
1091 2083 1148 2152 Ad
1172 2084 1241 2172 ipsi
1266 2085 1398 2174 biginti
1422 2087 1547 2154 nobem
1573 2087 1660 2154 anni
1683 2085 1846 2192 completi
1870 2085 1978 2156 liceat
2001 2086 2090 2174 ille,
2114 2085 2169 2154 vel
2193 2087 2271 2154 eius
2294 2085 2417 2156 eredes

572 2241 656 2311 inde
680 2239 782 2310 exire
806 2259 887 2307 cum
911 2241 1027 2306 omnis
1052 2255 1119 2308 sua
1143 2255 1253 2308 causa
1279 2238 1425 2308 movilia
1450 2257 1519 2324 que
1543 2241 1589 2308 ibi
1616 2241 1796 2328 abuerint,
1809 2245 1845 2309 et
1860 2259 1941 2310 cum
1965 2239 2154 2308 medietate
2177 2238 2255 2325 ipsa
2279 2237 2422 2326 lingna-

568 2396 670 2466 mina
693 2394 736 2464 de
761 2396 841 2482 ipsa
864 2413 962 2481 casa,
987 2399 1024 2463 et
1048 2393 1127 2480 ipsa
1150 2393 1222 2464 alia
1244 2393 1430 2463 medietate
1453 2393 1496 2461 de
1520 2389 1597 2480 ipsa
1620 2412 1704 2462 oasa
1727 2412 1809 2460 cum
1831 2397 1907 2498 tota
1929 2391 2137 2480 supradicta
2163 2391 2345 2463 mensuris
2378 2392 2421 2463 do

578 2549 659 2636 ipsa
682 2551 782 2618 terra
806 2550 968 2617 robertar
992 2517 1036 2616 ad
1062 2567 1145 2635 pars
1170 2546 1284 2643 ipsius
1307 2545 1452 2615 ecclesie
1476 2549 1587 2616 sancti
1612 2546 1776 2634 maximi,
1793 2546 1839 2615 ad
1856 2544 2056 2615 laciendum
2080 2564 2148 2632 que
2172 2545 2364 2634 boluerint,
2381 2551 2418 2616 et

572 2702 715 2789 amod0,
739 2706 775 2770 et
800 2718 910 2788 usque
935 2699 1002 2788 ipsi
1027 2699 1156 2786 biginti
1182 2702 1310 2767 nobem
1334 2701 1420 2768 anni
1445 2700 1605 2786 completi
1629 2719 1712 2788 pars
1737 2701 1846 2788 ipsius
1870 2700 2017 2770 ecclesie
2039 2700 2216 2770 antistare
2239 2705 2275 2768 et
2298 2700 2418 2770 defen·

576 2874 658 2925 sare
683 2855 795 2943 ipsius
818 2854 1009 2924 costantini
1033 2860 1070 2922 et
1094 2855 1138 2923 ad
1161 2855 1238 2922 eius
1262 2853 1384 2922 eredes
1410 2853 1538 2923 inclita
1561 2855 1767 2941 supradicta
1789 2853 1992 2942 traditione,
2018 2873 2099 2923 cum
2114 2853 2191 2923 bico
2206 2854 2250 2923 de
2267 2854 2324 2923 via
2340 2873 2419 2942 sua,

571 3007 618 3077 da
643 3009 760 3076 omnis
783 3007 945 3076 homines
968 3006 1135 3092 omnique
1170 3007 1365 3092 partibus,
1391 3012 1426 3072 et
1448 3023 1519 3071 non
1544 3005 1624 3073 illut
1647 3009 1731 3075 ante
1758 3008 1831 3093 ipso
1853 3006 2086 3077 constitutum
2109 3007 2231 3076 tollere
2253 3013 2317 3078 aut
2339 3025 2422 3076 con·

572 3163 691 3247 trare¹
711 3159 853 3246 quorati
889 3158 1000 3244 ipsios
1031 3157 1222 3226 costantini
1248 3155 1303 3223 vel
1326 3157 1371 3225 ad
1395 3159 1473 3225 eius
1495 3157 1629 3244 eredes3
1654 3158 1747 3226 unde
1771 3157 1810 3226 in
1832 3176 1873 3227 eo
1896 3159 2046 3228 hordino
2069 3178 2132 3248 per
2154 3159 2419 3231 combenientia

573 3313 713 3400 guadia
736 3313 824 3380 mihi
851 3313 925 3398 ipse
949 3311 1169 3382 costantinus
1192 3309 1285 3397 dedi,
1303 3315 1339 3378 et
1362 3311 1557 3378 mediatore
1581 3309 1669 3377 mihi
1693 3310 1812 3396 posuit
1834 3321 1879 3379 se·
1895 3311 2024 3399 ipsum,
2043 3316 2079 3380 et
2096 3331 2158 3399 per
2180 3314 2261 3399 ipsa
2282 3313 2421 3402 guadia

538 3549 542 3557 ⁵
576 3465 755 3554 obligabit
779 3485 816 3535 se
841 3469 915 3554 ipse
939 3467 1161 3536 costantinus
1185 3471 1221 3534 et
1244 3483 1326 3533 suos
1342 3464 1475 3551 eredes,
1494 3469 1533 3533 ut
1549 3467 1578 3532 si
1597 3465 1719 3534 taliter
1734 3467 1856 3538 omnia
1878 3469 2123 3557 suprascripta
2139 3489 2201 3558 per
2216 3470 2422 3558 supradicto

577 3620 707 3688 ordine
730 3619 834 3708 mihi,
852 3619 907 3687 rel
931 3620 970 3686 in
995 3635 1079 3706 pars
1104 3617 1217 3704 ipsius
1240 3618 1400 3704 ecclesie,
1412 3635 1483 3685 non
1500 3617 1747 3704 adimpleverit
1762 3624 1798 3688 et
1813 3619 1856 3689 de
1872 3622 2117 3710 suprascripta
2138 3621 2269 3712 aliquit
2290 3623 2422 3693 exindo

577 3773 872 3850 contradixerit,
896 3791 960 3860 per
985 3772 1063 3858 ipsa
1086 3769 1219 3858 guadia
1242 3774 1278 3854 et
1302 3789 1365 3876 per
1388 3770 1651 3839 combenientia
1685 3769 1857 3859 obligavit
1879 3791 1916 3841 sc
1940 3773 2014 3860 ipso
2038 3774 2266 3850 costantinus¹
2280 3781 2318 3845 et
2341 3794 2422 3846 suos

582 3924 707 4026 eredes
730 3941 940 4012 componere
964 3921 1056 3990 mihi
1080 3920 1134 3988 vel
1158 3919 1203 3990 ad
1226 3937 1312 4008 pars
1336 3919 1451 4006 ipsius
1474 3920 1620 3989 ecclesie
1644 3923 1758 3990 sancti
1782 3921 1931 3992 maximi
1957 3924 2085 4010 biginti
2110 3927 2190 3994 auri
2215 3925 2343 3996 solidos
2365 3945 2422 3996 co·

577 4079 771 4166 stantium,
795 4079 886 4165 quod
911 4078 1036 4164 scripsi
1059 4095 1126 4166 ego
1149 4074 1356 4146 smaracdus
1379 4077 1551 4144 notarius.

626 4201 658 4318 †
682 4249 747 4320 ego
771 4231 832 4318 qui
858 4249 968 4318 supra
990 4231 1157 4319 grimoalt
1181 4246 1293 4298 comes
1315 4235 1352 4297 et
1375 4227 1494 4298 iudex,

1288 4485 1711 4500 w

1313 4789 1682 4872 noooxouv.
1736 4757 1740 4766 '
1820 4804 1824 4816 s

1340 5055 1398 5130 A.
1426 5053 1480 5126 D.
1515 5051 1641 5128 1035.

617 5257 720 5399 †ln
744 5313 888 5380 nomine
911 5310 1043 5379 domini
1068 5307 1351 5396 septimodecimo
1381 5325 1477 5377 anno
1510 5308 1734 5394 principatus
1768 5307 1886 5376 domni
1923 5310 2035 5376 nostri
2071 5308 2236 5382 waimari
2270 5288 2430 5399 glorioso*

570 5455 743 5556 principe.
768 5466 837 5535 filii
860 5465 1039 5554 quondam
1062 5463 1185 5532 domni
1208 5465 1373 5532 waimari
1397 5462 1582 5552 principis,
1607 5482 1728 5534 mense
1752 5465 1873 5554 iulius,
1891 5465 2000 5535 tertia
2018 5466 2227 5536 indictione.
2247 5484 2421 5538 memora·

570 5623 703 5690 torium
729 5622 863 5692 lactum
887 5641 910 5692 a
934 5638 990 5690 me
1014 5621 1117 5690 alferi
1141 5617 1271 5710 clerico
1293 5621 1329 5688 et
1353 5621 1483 5690 abbate
1506 5621 1679 5690 hecclesie
1702 5623 1819 5691 sancti
1852 5623 2026 5710 maximi,
2051 5625 2114 5710 qui
2137 5641 2217 5690 sum
2240 5641 2355 5692 unum
2377 5622 2420 5692 do

572 5773 771 5845 dominium
800 5775 912 5864 ipsius
935 5773 1097 5862 ecclesie,
1121 5793 1162 5844 eo
1185 5773 1276 5862 quod
1301 5777 1385 5843 aute
1409 5773 1598 5861 subscripti
1622 5775 2008 5864 ydoneishominibus,
2030 5781 2066 5846 et
2082 5794 2156 5846 una
2172 5794 2307 5847 mecum
2329 5781 2421 5848 osset
