5408 7108
595 525 665 602 aad
1232 524 1404 596 cubuit
1440 524 1708 600 GAVENSlS

547 753 590 822 lis
613 757 649 822 et
672 752 832 841 sirrenti,
856 761 892 823 et
915 755 1028 840 primo
1044 769 1139 821 anno
1155 751 1475 838 suprascriptorum
1492 751 1695 837 principum
1710 752 1746 816 et
1763 746 1955 815 ducatuum
1971 745 2089 813 domni
2116 743 2239 832 gisulfi
2262 742 2394 812 eximii

541 901 698 990 principi
723 907 760 971 et
783 904 864 972 duci
889 903 953 971 filii
978 904 1068 986 eiuS,
1095 918 1213 968 mense
1238 900 1439 985 ianuarius,
1472 901 1665 970 Undecima
1698 901 1902 968 indictione.
1940 899 2090 984 Ideoque
2126 914 2190 964 nos
2225 895 2392 966 rainaldo

541 1054 719 1142 presbiter
744 1061 779 1124 et
802 1073 915 1142 rocco,
940 1055 1003 1140 qui
1027 1071 1149 1121 sumus
1175 1053 1336 1140 germani
1362 1055 1529 1122 abitatcri
1547 1055 1591 1122 de
1608 1057 1721 1122 locum
1739 1053 1901 1123 tusciano
1919 1054 2121 1138 pertinente
2138 1051 2252 1118 sancti
2271 1045 2390 1136 angeli

542 1209 604 1296 qui
629 1209 738 1276 situm
761 1214 815 1276 est
839 1211 876 1277 in
901 1215 1018 1276 monte
1044 1208 1105 1292 qui
1129 1207 1261 1276 dicitur
1285 1227 1405 1295 aureo,
1430 1213 1466 1276 et
1488 1210 1553 1276 filii
1576 1229 1697 1277 sumus
1720 1209 1898 1297 quondam
1922 1208 2028 1286 mari,
2054 1207 2152 1276 Sicut
2186 1207 2288 1274 nobis
2311 1223 2392 1272 con·

542 1381 673 1450 gruum
709 1368 763 1432 est
796 1367 888 1432 bone
921 1367 1040 1432 nostre
1074 1363 1268 1431 voluntatis
1296 1381 1359 1448 per
1381 1365 1476 1430 hano
1500 1360 1672 1430 cartulam
1697 1364 1790 1430 Ante
1813 1360 2004 1448 subscripti
2039 1360 2174 1428 idoneis
2209 1358 2388 1427 ominibus

543 1517 832 1585 commutationis
854 1516 978 1585 ordine
1002 1515 1216 1584 tradidimus
1238 1515 1305 1582 tibi
1328 1514 1501 1582 adelberti
1527 1513 1647 1580 comiti
1666 1512 1732 1580 filii
1749 1512 1926 1597 quondam
1945 1510 2122 1580 landoarii
2148 1511 2287 1578 comitis
2309 1513 2388 1580 Una

541 1667 643 1752 pecia
668 1666 711 1734 de
733 1669 832 1736 terra
855 1668 968 1736 baoua
991 1687 1013 1736 a
1036 1686 1142 1753 super
1165 1667 1271 1734 flubio
1295 1666 1470 1750 tusciano,
1489 1667 1551 1733 ubi
1569 1664 1746 1751 copersitu
1770 1663 1915 1748 dicitur,
1939 1665 2032 1750 quod
2048 1665 2149 1731 nobis
2166 1664 2321 1750 pertinet
2343 1664 2390 1754 da

541 1819 761 1906 guisenollus
787 1819 882 1887 filius
907 1818 1053 1887 iohanni
1077 1820 1205 1906 grania
1229 1836 1291 1904 per
1313 1789 1416 1888 firma
1439 1816 1594 1903 cartula,
1618 1817 1711 1904 quod
1734 1823 1787 1884 est
1812 1836 1872 1903 per
1897 1820 1962 1885 heo
1987 1819 2069 1885 finis
2092 1825 2128 1886 et
2150 1819 2378 1888 mensurius:

541 1977 572 2041 A
596 1978 699 2060 parte
724 1971 920 2041 occidentis
945 1991 1032 2060 erga
1055 1973 1126 2040 fine
1150 1971 1261 2057 ipsius
1284 1943 1461 2058 episcopio
1486 1971 1568 2040 inde
1590 1975 1685 2059 passi
1709 1975 1917 2060 octuaginta
1940 1991 2024 2058 sex,
2050 1975 2079 2040 A
2102 1979 2205 2059 parte
2238 1973 2397 2042 meridie

540 2131 612 2196 fine
635 2133 768 2214 tuaque
791 2127 964 2196 adelberti
989 2124 1123 2211 comiti,
1142 2127 1224 2195 inde
1241 2125 1333 2210 passi
1358 2127 1624 2213 quinquaginta
1648 2146 1739 2213 sex3
1769 2131 1800 2196 A
1824 2130 1927 2213 parte
1950 2129 2101 2196 orientis
2127 2129 2196 2196 fine
2214 2129 2288 2215 bia,
2306 2129 2390 2199 inde

540 2281 636 2367 passi
663 2281 815 2368 triginta
838 2284 1018 2367 quattuor,
1042 2284 1078 2346 et
1100 2282 1325 2348 trabersaute
1343 2281 1420 2364 ipsa
1438 2281 1497 2347 via
1514 2285 1550 2347 et
1567 2287 1739 2368 pergente
1757 2281 1793 2348 in
1811 2285 1912 2366 parte
1929 2281 2192 2368 septemtrionis
2208 2299 2298 2370 erga
2318 2284 2389 2352 fine

540 2441 676 2521 tuaque
700 2433 874 2503 adelberti
898 2434 1034 2521 comiti,
1059 2434 1142 2502 inde
1158 2435 1253 2519 passi
1275 2435 1428 2521 triginta
1451 2437 1542 2520 oct03
1567 2436 1597 2502 A
1620 2440 1722 2522 parte
1745 2437 2008 2536 septemtrionis
2032 2436 2102 2503 line
2126 2436 2200 2505 alia
2222 2435 2283 2504 via
2306 2437 2389 2506 inde

538 2589 631 2674 passi
659 2585 900 2673 quadraginta
925 2582 1120 2671 mensurati
1137 2583 1182 2651 ad
1200 2561 1291 2650 iusto
1315 2603 1421 2669 passu
1447 2603 1509 2671 per
1535 2586 1702 2654 iamdicto
1718 2587 1802 2654 finis
1824 2595 1860 2654 et
1886 2590 2080 2674 mensurio,
2097 2591 2190 2657 siout
2213 2589 2389 2675 diximus,

546 2739 713 2807 inclitum
738 2737 821 2806 illut
844 2737 1130 2804 commutationis
1153 2734 1277 2802 ordine
1301 2753 1364 2803 nos
1387 2738 1538 2824 predicti
1562 2741 1727 2827 germani
1759 2741 1825 2810 tibi
1851 2741 1999 2828 predicti
2036 2742 2237 2810 adelbertus
2272 2760 2388 2810 comes

542 2893 760 2961 tradidimus
783 2897 819 2960 et
843 2889 1130 2958 confirmavimus
1154 2909 1233 2956 cum
1258 2891 1376 2958 omnia
1400 2893 1496 2958 intro
1519 2911 1556 2958 se
1580 2895 1768 2961 abentibus
1792 2893 2023 2980 omnibusque
2047 2895 2122 2963 suis
2154 2895 2391 2981 pertiuentiis

542 3052 578 3116 et
604 3065 682 3114 cum
711 3047 789 3112 bice
813 3045 855 3112 de
880 3045 954 3131 ipse
979 3045 1047 3110 uie.
1075 3046 1118 3111 Et
1142 3045 1247 3112 liceat
1270 3053 1304 3112 te
1329 3050 1365 3111 et
1388 3048 1467 3111 tuos
1490 3047 1612 3114 eredes
1635 3047 1759 3114 amodo
1782 3055 1818 3115 et
1834 3065 1972 3134 semper
1987 3050 2029 3118 de
2052 3051 2297 3136 suprascripta
2326 3067 2389 3116 no·

539 3203 619 3267 stra
643 3197 919 3265 commutatione
944 3197 1059 3266 facere
1083 3199 1204 3264 omnia
1228 3197 1319 3283 quud
1344 3197 1542 3284 volueritis,
1567 3201 1699 3285 absque
1724 3201 1819 3266 omni
1844 3205 1968 3266 nostra
1991 3201 2085 3267 etde
2109 3201 2243 3269 nostris
2272 3202 2391 3270 eredi-

538 3353 607 3420 bus
630 3353 935 3420 contrarietatem.
962 3354 1006 3418 Et
1030 3355 1171 3436 propter
1196 3351 1479 3418 confirmationis
1503 3350 1584 3418 uius
1599 3354 1720 3419 nostre
1742 3353 2029 3420 commutationis
2049 3372 2109 3421 nos
2128 3355 2278 3440 predicti
2303 3373 2389 3442 ger·

540 3505 640 3574 mani
665 3507 884 3593 suscepimus
908 3523 930 3572 a
954 3509 988 3572 te
1013 3503 1201 3573 iamdictus
1224 3503 1426 3571 adelbertus
1449 3521 1563 3570 comes
1586 3523 1608 3572 a
1632 3504 1807 3589 presentis
1831 3521 1893 3590 pro
1916 3503 1988 3573 alia
2017 3505 2159 3576 cartula
2189 3525 2258 3593 que
2298 3513 2387 3594 aput

540 3676 606 3726 nos
630 3679 653 3729 a
676 3665 805 3727 nostra
829 3663 931 3746 parte
955 3657 1092 3742 scripta
1116 3658 1324 3741 retinemus,
1347 3657 1425 3723 Una
1449 3653 1531 3722 Alia
1554 3658 1656 3742 pecie
1671 3655 1714 3722 de
1732 3659 1830 3723 terra
1853 3659 1967 3725 bacua
1984 3657 2021 3724 in
2039 3657 2154 3726 locum
2172 3667 2303 3738 monte,
2323 3663 2386 3730 ubi

539 3813 694 3882 scabella
717 3813 861 3897 dicitur,
879 3829 942 3896 per
958 3813 1023 3876 heo
1047 3811 1128 3876 linis
1151 3813 1188 3876 et
1213 3809 1428 3875 mensurias:
1453 3811 1500 3877 De
1524 3825 1596 3879 una
1619 3815 1721 3894 parte
1749 3809 1819 3876 line
1836 3810 1910 3896 bia,
1928 3810 2012 3878 inde
2037 3813 2131 3897 passi
2156 3816 2381 3899 octuaginta:

539 3969 570 4031 A
594 3969 698 4050 parte
721 3964 870 4030 orientis
894 3963 964 4028 flue
988 3967 1064 4048 tua,
1082 3962 1164 4028 inde
1182 3959 1275 4046 passi
1300 3959 1456 4045 triginta
1472 3965 1654 4046 quattuor;
1668 3961 1699 4024 A
1715 3966 1818 4046 parte
1833 3961 2101 4048 septemtrionis
2118 3964 2188 4032 fine
2205 3971 2283 4052 tua,
2301 3965 2386 4035 inde
2467 3993 2472 4004 ¹

541 4117 639 4203 passi
664 4114 887 4202 octuaginta3
911 4117 941 4182 A
965 4119 1067 4201 parte
1090 4115 1282 4183 occidentis
1306 4114 1402 4200 passi
1427 4113 1669 4198 quadraginta
1692 4118 1899 4182 mensurata
1926 4117 2169 4202 asupradicto
2186 4135 2293 4204 passu
2318 4138 2382 4206 per

539 4267 719 4338 iamdictis
742 4267 836 4354 finis
860 4269 952 4335 sicut
975 4267 1147 4353 diximus,
1164 4282 1228 4332 nos
1251 4264 1402 4352 predicti
1427 4263 1591 4350 germani
1609 4281 1672 4350 pro
1689 4264 1767 4350 ipsa
1783 4270 1905 4334 nostra
1921 4270 2196 4339 commutatione
2214 4290 2237 4340 a
2253 4277 2288 4341 te
2306 4293 2386 4360 pre·

539 4423 635 4491 dictu
658 4419 862 4491 adelbertus
886 4436 1000 4486 comes
1024 4419 1255 4504 suscepimus,
1280 4419 1374 4484 sicut
1398 4417 1492 4483 inter
1516 4435 1580 4484 nos
1595 4419 1773 4484 combenit
1788 4417 1825 4483 in
1842 4421 1937 4484 omni
1957 4419 2224 4490 deliberatione.
2242 4426 2289 4492 De
2313 4444 2386 4511 qua

539 4591 601 4659 per
625 4589 717 4639 vona
740 4569 1000 4639 combenientia
1024 4587 1087 4636 nos
1111 4568 1270 4636 iamdicti
1294 4569 1459 4652 germani
1486 4565 1620 4652 guadia
1644 4567 1710 4633 tibi
1737 4567 1903 4634 iamdicto
1920 4568 2124 4637 adelbertus
2148 4588 2263 4639 comes
2287 4573 2388 4640 dedi·

539 4743 620 4792 mus
642 4731 679 4792 et
704 4723 936 4792 mediatorem
960 4723 1028 4789 tibi
1054 4721 1234 4809 posuimus
1257 4727 1397 4787 amatus
1421 4721 1463 4786 de
1489 4721 1563 4804 ipso
1587 4718 1701 4784 locum
1727 4723 1843 4786 monte
1868 4719 1933 4786 tilii
1956 4723 2134 4805 quondam
2159 4723 2323 4811 iohanni3
2352 4731 2389 4794 et

540 4897 603 4965 per
627 4879 740 4964 ipsam
768 4877 934 4966 guadiam
958 4876 1158 4962 obligamus
1182 4893 1245 4942 nos
1267 4881 1303 4942 et
1326 4873 1458 4941 nostris
1481 4874 1646 4943 eredibus
1670 4891 1808 4958 semper
1831 4875 2019 4942 defendere
2044 4877 2109 4942 tibi
2144 4880 2285 4964 tuisque
2310 4897 2394 4948 ere-

540 5031 644 5097 dibus
669 5031 846 5114 integram
871 5028 1115 5112 suprascripta
1141 5029 1263 5092 nostra
1286 5026 1594 5092 commutationem
1620 5046 1641 5092 a
1666 5029 1828 5112 partibus
1853 5026 2024 5093 uxoribus
2048 5033 2168 5095 nostre
2185 5030 2284 5098 etde
2312 5046 2386 5096 om·

541 5184 647 5250 nibus
670 5183 848 5250 ominibus
865 5184 1031 5267 omnique
1048 5182 1221 5266 partibus.
1241 5181 1286 5246 Et
1301 5181 1443 5264 quando
1462 5185 1499 5246 tu
1515 5186 1551 5247 et
1567 5180 1638 5246 tuis
1654 5179 1818 5245 eredibus
1834 5177 1876 5244 de
1891 5181 2069 5264 suprascri
2074 5185 2135 5266 pta
2153 5187 2275 5250 nostra
2294 5200 2387 5250 corn-

542 5336 742 5402 muiatione
767 5352 830 5419 per
853 5350 914 5398 vos
939 5335 1083 5398 autores
1107 5337 1199 5397 esset
1222 5330 1417 5414 volueritis,
1443 5337 1652 5416 potestatem
1677 5329 1814 5398 abeatis
1830 5333 1868 5396 in
1885 5333 2050 5398 omnibus
2074 5333 2156 5401 inde
2180 5352 2330 5402 causare
2352 5339 2388 5402 et

546 5486 654 5553 finem
680 5486 797 5552 facere
821 5483 992 5570 qualiter,
1018 5482 1201 5550 volueritis
1225 5500 1305 5548 curn
1323 5483 1578 5548 muniminibus
1601 5487 1636 5549 et
1659 5485 1858 5549 rationibus
1882 5501 1973 5568 quas
1997 5484 2039 5550 de
2062 5501 2103 5550 eo
2126 5486 2310 5554 ostendere
2333 5505 2392 5553 vo·

542 5638 695 5706 lueritis
721 5637 811 5704 Etsi
830 5638 954 5705 taliter
978 5637 1097 5704 omnia
1120 5637 1377 5721 suprascripta,
1402 5634 1712 5720 quemammodum
1736 5636 1913 5719 superiuS,
1930 5653 1993 5702 nos
2009 5641 2046 5702 et
2063 5638 2195 5703 nostris
2217 5638 2383 5706 eredibus

542 5791 608 5860 tibi
635 5789 825 5860 iamdictus
848 5790 1052 5859 adelbertus
1075 5807 1190 5856 comes
1213 5787 1257 5854 ad
1282 5785 1355 5853 tuis
1377 5787 1540 5854 eredibus
1564 5805 1635 5853 non
1660 5786 1975 5874 adimpleverimus,
2002 5793 2037 5857 et
2060 5791 2306 5877 suprascripta
2331 5793 2388 5861 vel
