5406 7090
1116 535 1271 609 saud.
1311 535 1386 611 XII.
2081 543 2123 612 3‘1

329 785 345 821 ι
366 755 424 844 sit,
453 763 491 829 ut
506 777 587 829 reus
605 755 745 854 quidam
765 759 923 856 capitalis
948 759 1108 835 criminis
1133 759 1169 832 in
1196 760 1358 836 convivio
1382 763 1620 846 truncaretur,
1641 767 1660 833 a¹
1678 725 1884 835 censoribus
1900 761 2040 860 pulsum
2067 761 2176 853 curia,

322 946 337 982 a
360 913 452 1014 quod
474 914 594 1011 epulus
611 919 772 1017 sanguini
801 919 993 1008 miscuerit,
1022 930 1057 993 et
1085 931 1231 996 mortem
1257 919 1416 1018 quamvis
1441 921 1537 995 noxii
1558 919 1709 996 hominis
1727 922 1762 995 in
1782 923 1925 997 alterius
1944 923 2072 997 delicta
2089 926 2175 1017 (cod.

321 1105 336 1141 ι
359 1073 504 1148 delicias
516 1079 620 1175 corr.)
638 1078 863 1175 praestiterit,
880 1089 918 1154 ut
931 1077 1039 1153 libido
1057 1087 1091 1153 et
1107 1079 1335 1154 homicidium
1357 1083 1485 1178 pariter
1503 1081 1747 1156 miscerentur.
1762 1083 1808 1178 (a)
1822 1082 1956 1170 Quanto
1974 1081 2178 1156 sceleratius

323 1263 338 1301 ι
360 1234 507 1309 herodes
521 1249 555 1312 et
572 1233 747 1325 herodiam
768 1249 802 1312 et
815 1237 931 1336 puella
951 1263 1038 1335 quae
1059 1193 1196 1314 saltavit
1215 1239 1250 1311 in
1269 1241 1419 1336 pretium
1438 1241 1639 1338 sanguinis!
1660 1241 1768 1338 Caput
1781 1242 1970 1339 postulavit
1989 1240 2177 1340 prophetae

324 1426 339 1464 ι
363 1404 402 1470 ut
426 1395 548 1470 habeat
566 1396 601 1468 in
627 1398 847 1494 possessione
868 1399 1038 1499 linguam,
1058 1421 1145 1496 quae
1161 1398 1302 1474 illicitas
1320 1399 1457 1494 nuptias
1475 1399 1653 1496 arguebat.
1674 1400 1746 1473 Hoc
1762 1401 1858 1495 juxta
1877 1399 2028 1475 litteram
2048 1400 2179 1474 lactum

323 1583 337 1620 ι
360 1554 419 1642 sit;
437 1579 500 1630 nos
519 1565 635 1632 autem
649 1560 826 1635 cernimus
846 1559 1075 1670 usquexhodie
1094 1559 1128 1632 in
1149 1563 1260 1668 capite
1276 1557 1438 1657 johannis
1456 1558 1655 1656 prophetae,
1667 1557 1792 1656 judeos
1806 1557 1977 1633 christum
1997 1559 2056 1656 qui
2076 1569 2181 1656 caput
2269 1629 2287 1664 ι,

324 1715 608 1811 «prophetarum
635 1723 687 1789 est
712 1718 920 1816 perdidisse.
949 1720 992 1796 Et
1017 1711 1223 1795 accedentes
1241 1717 1403 1816 discipuli
1429 1718 1504 1814 ejus
1522 1717 1678 1791 tulerunt
1703 1740 1826 1815 corpus
1853 1719 1941 1816 ejus,
1970 1727 2005 1792 et
2030 1717 2180 1815 sepelie-

324 1901 340 1939 ι
365 1883 447 1948 runt
465 1873 566 1964 illud;
586 1885 620 1948 et
638 1877 818 1952 venientes
837 1879 1196 1955 nuntiaveruntdesu.
1220 1879 1337 1954 Relcrt
1348 1877 1525 1976 josephus,
1547 1879 1582 1950 in
1601 1878 1749 1974 quodam
1764 1876 1902 1950 arabiae
1921 1876 2045 1974 oppido
2062 1874 2183 1973 johan·

217 2037 219 2042 '
325 2063 341 2100 ι
363 2057 441 2106 nem
462 2037 573 2133 capite
596 2045 794 2114 truncatum
812 2037 872 2130 (b);
893 2047 928 2112 et
944 2041 1035 2135 quod
1054 2039 1224 2133 sequitur:
1248 2041 1454 2114 accedentes
1474 2038 1637 2136 discipuli
1651 2040 1727 2136 ejus
1743 2038 1902 2112 tulerunt
1922 2060 2062 2134 corpus,
2079 2044 2114 2108 et
2131 2035 2182 2130 ip-

361 2481 407 2562 (a)
429 2483 456 2544 Il
478 2484 612 2556 Moneri,
629 2483 674 2548 G.
698 2486 736 2546 l).
762 2485 853 2550 Paris
875 2482 970 2558 1759,
989 2490 1021 2547 in
1039 2507 1068 2547 v.
1086 2485 1269 2548 Flaminius
1286 2487 1443 2550 riferisco
1459 2487 1802 2566 quest'avvenimento
1821 2487 1875 2548 nel
1892 2493 2054 2565 sequente
2070 2487 2179 2552 modo.

325 2656 340 2692 u
363 2633 400 2696 L.
424 2634 462 2708 Q.
487 2633 672 2700 Flaminius
693 2635 915 2696 commandoit
936 2635 968 2696 la
990 2637 1080 2697 tlotte
1103 2637 1184 2698 dans
1208 2633 1239 2698 la
1260 2635 1467 2709 Macedonio,
1493 2635 1513 2697 l’
1528 2656 1582 2700 an.
1599 2634 1661 2702 556
1677 2635 1717 2698 de
1739 2593 1854 2708 Rome,
1880 2636 1942 2700 198
1963 2642 2072 2698 avant.
2096 2635 2124 2700 J.
2143 2635 2180 2706 G.

323 2803 338 2837 a
363 2786 397 2841 et
417 2779 484 2860 prit
506 2775 639 2842 Eretria
663 2781 744 2842 dans
769 2779 788 2840 l'
804 2780 868 2843 islo
891 2781 932 2844 de
954 2783 1157 2862 Negropont.
1184 2781 1211 2843 ll
1235 2782 1287 2844 lut
1309 2780 1425 2844 consul
1451 2800 1492 2844 en
1508 2781 1571 2844 572
1594 2800 1674 2844 avec
1696 2781 1755 2844 Gn.
1775 2781 1942 2844 Domitius
1959 2781 2180 2844 AEnobarbus.

326 2947 341 2982 u
364 2927 503 3007 Depuis,
528 2923 551 2986 il
574 2926 627 2988 lut
648 2925 771 3005 envoyd
794 2923 875 2986 dans
900 2925 931 2986 la
953 2925 1055 2988 Gaule
1078 2924 1247 3007 Cisalpine
1270 2889 1354 3008 pour
1375 2925 1406 2987 la
1428 2943 1644 3004 gouverner,
1668 2931 1701 2988 et
1723 2943 1789 3006 peu
1821 2926 1915 3006 apres
1946 2924 1970 2985 il
1994 2927 2045 2986 fut
2066 2923 2184 2987 chasse

327 3094 341 3130 o
366 3071 410 3132 du
432 3073 532 3134 senat
553 3089 612 3152 par
633 3071 735 3134 (laton
758 3071 787 3133 te
812 3075 965 3145 Censeur,
988 3091 1073 3153 pour
1095 3072 1186 3133 avoir
1208 3071 1270 3132 tait
1292 3072 1419 3132 mourir
1439 3071 1521 3133 dans
1543 3089 1588 3132 un
1612 3072 1725 3145 testin,
1749 3089 1793 3131 un
1815 3070 1949 3132 Gaulois
1974 3073 1992 3130 t
2014 3069 2045 3131 la
2065 3070 2180 3151 priore

326 3241 342 3275 a
367 3217 395 3278 d’
412 3236 456 3278 un
476 3218 580 3295 jaune
603 3217 735 3278 homme
757 3217 810 3296 qu’
829 3216 851 3277 il
876 3217 1001 3279 aimoit.
1027 3239 1043 3275 u
1067 3215 1116 3278 Ed
1138 3237 1156 3279 a
1179 3218 1351 3279 conferma
1374 3217 1427 3279 del
1452 3217 1532 3280 fatto
1555 3217 1645 3279 citai
1668 3216 1846 3298 principali
1863 3215 2009 3278 scrittori
2026 3215 2184 3279 dell’isto·

327 3355 374 3426 ria
396 3363 545 3426 Romana
569 3365 609 3426 ed
628 3329 755 3426 ancora
778 3364 951 3426 Cicerone.
1251 3331 1253 3336 Ι

365 3506 412 3589 (b)
433 3509 602 3592 Giuseppo
625 3511 738 3574 Flavio
762 3509 792 3572 al
817 3511 894 3591 Cap.
918 3510 944 3570 V
966 3513 1014 3588 2,
1037 3510 1279 3573 Amstelodami
1302 3511 1385 3574 1726
1405 3557 1413 3588 ,
1437 3511 1491 3574 del
1513 3510 1572 3572 lib.
1595 3510 1695 3573 XVII.
1720 3509 1808 3572 dello
1832 3509 1969 3572 Antich.
1998 3509 2183 3576 Gindaiche

328 3655 412 3729 dice,
438 3656 500 3718 che
524 3657 589 3720 San
612 3657 772 3720 Gioranni
796 3657 936 3719 Battista
958 3655 993 3718 fu
1016 3658 1055 3720 da
1077 3641 1184 3718 drona
1209 3659 1372 3720 continato
1394 3677 1413 3720 a
1433 3657 1662 3730 Macherunte,
1681 3623 1819 3720 castello
1836 3655 1913 3718 dell'
1928 3656 2064 3731 Arabia,
2082 3658 2123 3720 ed
2136 3659 2179 3722 isi

327 3802 482 3865 occiso«
507 3803 610 3865 Erant
631 3808 743 3864 autom
766 3801 899 3882 quidam
922 3823 940 3864 e
963 3802 1100 3864 ludaeis
1123 3804 1178 3882 qui
1196 3801 1440 3875 existimabant,
1457 3803 1518 3866 Dei
1535 3805 1585 3864 ira
1599 3803 1742 3886 periisse
1767 3801 1952 3864 exercitum
1973 3799 2116 3864 Herodis
2128 3801 2184 3885 (¹).

329 3971 344 4006 ιι
368 3948 424 4029 qni
442 3949 550 4027 iustas
574 3949 614 4010 ob
636 3942 853 4013 interiectum
876 3949 1036 4011 loannem
1058 3948 1276 4028 cognomento
1298 3948 1481 4029 Baptistam
1502 3965 1626 4029 poenas
1649 3948 1758 4009 dabat.
1782 3947 1877 4010 Hunc
1911 3947 1999 4008 enim
2031 3946 2182 4010 Herodes

329 4117 344 4152 ιι
369 4096 482 4159 necari
501 4095 628 4174 jnssit,
654 4115 729 4159 cum
753 4103 845 4159 esset
866 4097 916 4157 vir
937 4095 1057 4169 bonus,
1079 4095 1288 4174 judaeosque
1323 4095 1363 4157 ad
1395 4094 1529 4157 virtutis
1563 4093 1712 4156 studium
1736 4091 1897 4157 excitaret
1902 4137 2004 4156 ........
2028 4093 2178 4174 Cumque

329 4263 344 4298 ι
369 4240 466 4303 multi
488 4241 528 4302 ad
551 4259 628 4303 eum
650 4240 801 4322 undique
825 4205 1099 4344 confluerent.....
1123 4239 1273 4303 Herodes
1295 4240 1419 4304 ueritus
1443 4259 1485 4301 ne
1517 4243 1608 4302 tanta
1630 4239 1774 4301 hominis
1810 4239 1993 4302 auctoritas
2025 4239 2176 4304 subditos

331 4408 346 4442 ιι
371 4385 411 4447 ad
434 4386 659 4451 detectionem
682 4387 923 4470 impelleret...
948 4388 1052 4450 satius
1076 4405 1153 4449 esse
1176 4387 1281 4462 duxit,
1303 4387 1497 4469 priusquam
1521 4385 1595 4447 novi
1619 4385 1747 4465 aliquid
1769 4405 1810 4447 ex
1833 4379 2071 4464 illnoriretur,
2089 4387 2186 4450 illum

331 4553 346 4590 a
372 4549 390 4592 e
413 4531 520 4595 medio
543 4532 689 4611 tollere,
713 4551 810 4614 quam
833 4542 870 4596 ut
904 4535 1087 4600 mutatione
1110 4552 1222 4596 rerum
1254 4535 1368 4610 taeta,
1390 4533 1462 4612 ispe
1485 4533 1519 4594 in
1554 4531 1736 4594 discrimen
1758 4531 1919 4595 adductus
1943 4533 2182 4612 poenitentiam

332 4697 347 4735 ιι
372 4683 499 4759 ageret.
524 4679 632 4759 Atque
657 4679 716 4741 ille
738 4681 875 4760 quidem
898 4682 940 4745 ob
962 4681 1047 4746 hanc
1069 4681 1210 4744 Herodis
1232 4681 1460 4763 suspicionem
1482 4681 1517 4742 in
1539 4660 1671 4742 vincula
1693 4681 1890 4758 conjectus,
1922 4679 2113 4758 missusque
2140 4678 2182 4742 ad

332 4843 347 4882 ιι
372 4823 549 4888 castellum
570 4825 842 4892 Machaeruutem
866 4827 917 4911 (¹),
942 4827 1067 4892 ibidem
1090 4845 1210 4891 caesus
1233 4833 1295 4890 est.
1322 4849 1338 4886 u
1362 4826 1415 4910 (⁸).

369 5033 407 5111 (¹)
426 5037 521 5094 Erode
539 5055 593 5110 per
612 5052 732 5108 sposare
752 5034 897 5092 Erodisde
916 5032 1024 5108 moglia
1042 5033 1072 5090 di
1091 5032 1207 5108 nilippo
1226 5053 1278 5092 suo
1297 5035 1417 5092 fratello
1436 5049 1529 5092 arcuo
1546 5032 1724 5092 discaceista
1743 5034 1774 5089 lo
1791 5032 1880 5132 figlis
1894 5032 1924 5090 di
1945 5035 2034 5092 Arete
2053 5035 2096 5091 Re
2124 5034 2186 5092 del·

333 5171 355 5227 l'
363 5171 489 5230 Arabrio
507 5146 615 5231 Potrea
628 5190 682 5230 sua
694 5171 842 5247 legittima.
854 5169 969 5246 moglie,
982 5171 1005 5228 il
1018 5170 1072 5228 che
1092 5169 1124 5228 fu
1144 5169 1267 5244 nogione
1286 5171 1316 5228 di
1333 5189 1442 5246 guerro
1460 5179 1507 5230 tro
1525 5171 1536 5228 i
1554 5172 1610 5230 due
1622 5171 1675 5242 Re,
1686 5170 1768 5227 nella.
1786 5171 1874 5242 quale
1887 5169 2038 5243 l’‚eaercito
2050 5168 2080 5226 di
2093 5171 2186 5230 Erode

333 5308 366 5366 t'u
386 5308 530 5368 sconfrtto.
544 5329 560 5366 «
574 5310 634 5367 Sub
653 5309 684 5367 id
703 5309 842 5382 temporis
860 5309 938 5367 inter
951 5327 982 5366 se
996 5307 1178 5367 dissidebant
1187 5309 1290 5366 Aretes
1308 5326 1359 5365 rex
1377 5309 1499 5366 Petreae
1518 5305 1876 5380 etHerodes,huj1asmodi
1894 5308 1929 5364 do
1948 5305 2186 5388 causo.Herodes

340 5463 357 5500 s
375 5449 507 5504 tetrcrce
525 5463 644 5504 uxorem
661 5445 786 5503 duxerat
804 5445 911 5503 Aretae
930 5443 1033 5517 filiam,
1051 5451 1082 5502 et
1100 5462 1164 5502 eum
1182 5462 1219 5501 ea
1236 5447 1300 5518 jsm
1318 5442 1499 5517 longiuscule
1518 5441 1632 5500 vixerat
1649 5448 1706 5500 eto.
1724 5447 1807 5506 etc.»
1828 5442 1870 5500 ld.
1889 5441 1931 5526 ily.
1949 5442 2020 5514 Gap.
2039 5441 2074 5498 V.

370 5583 407 5656 (²⁴,
429 5605 446 5641 s
465 5585 712 5653 Machaeruntem,
731 5581 886 5640 castellum
904 5579 936 5635 in
954 5578 1078 5637 confinio
1097 5578 1217 5638 ditionis
1235 5579 1359 5638 Herodis
1377 5587 1408 5638 et
1425 5581 1533 5638 Arctoe
1552 5579 1730 5638 situm.»1d.
1749 5577 1788 5636 ib.
1807 5579 1833 5636 V
1856 5579 1881 5635 1.

371 5715 409 5800 (⁸)
426 5705 477 5781 Gli
494 5720 600 5781 editori
619 5721 698 5778 delle
718 5718 833 5777 Antich.
852 5716 932 5775 Giudr
951 5715 983 5773 in
1000 5732 1060 5773 una
1077 5721 1148 5773 notu
1167 5715 1256 5773 fanno
1275 5715 1354 5774 delle
1373 5714 1472 5790 giusta
1485 5721 1657 5774 svrertenze
1670 5713 1812 5787 inquento
1824 5714 1855 5769 sl
1868 5719 2004 5771 recconto
2016 5711 2046 5770 di
2067 5711 2184 5788 Giusep·

335 5865 373 5934 pe
399 5859 511 5918 Flavio.
536 5860 570 5918 V.
594 5858 634 5916 ib.
655 5877 682 5914 n.
709 5859 735 5914 6.
