<?xml version="1.0" encoding="UTF-8"?>
<!DOCTYPE html PUBLIC "-//W3C//DTD XHTML 1.0 Transitional//EN"
    "http://www.w3.org/TR/xhtml1/DTD/xhtml1-transitional.dtd">
<html xmlns="http://www.w3.org/1999/xhtml" xml:lang="en" lang="en">
 <head>
  <title>
</title>
<meta http-equiv="Content-Type" content="text/html;charset=utf-8" />
  <meta name='ocr-system' content='tesseract 3.04.00' />
  <meta name='ocr-capabilities' content='ocr_page ocr_carea ocr_par ocr_line ocrx_word'/>
</head>
<body>
  <div class='ocr_page' id='page_1' title='image "./codexdiplomatic04aragoog_0245.png"; bbox 0 0 5408 7108; ppageno 0'>
   <div class='ocr_carea' id='block_1_1' title="bbox 1036 471 2123 576">
    <p class='ocr_par' dir='ltr' id='par_1_1' title="bbox 1036 471 2123 576">
     <span class='ocr_line' id='line_1_1' title="bbox 1036 471 2123 576; baseline 0.002 -30"><span class='ocrx_word' id='word_1_1' title='bbox 1036 471 1454 550; x_wconf 73' lang='lat' dir='ltr'><strong>ovuuouuvrcus</strong></span> <span class='ocrx_word' id='word_1_2' title='bbox 2027 473 2123 576; x_wconf 73' lang='lat' dir='ltr'><strong>eos</strong></span> 
     </span>
    </p>
   </div>
   <div class='ocr_carea' id='block_1_2' title="bbox 104 663 2333 5225">
    <p class='ocr_par' dir='ltr' id='par_1_2' title="bbox 104 663 2333 5225">
     <span class='ocr_line' id='line_1_2' title="bbox 312 663 2156 786; baseline 0 -20"><span class='ocrx_word' id='word_1_3' title='bbox 312 663 474 766; x_wconf 85' lang='lat' dir='ltr'><strong>nostrum</strong></span> <span class='ocrx_word' id='word_1_4' title='bbox 498 683 601 766; x_wconf 86' lang='lat' dir='ltr'><strong>tollat</strong></span> <span class='ocrx_word' id='word_1_5' title='bbox 623 680 699 784; x_wconf 85' lang='lat' dir='ltr'><strong>ipso</strong></span> <span class='ocrx_word' id='word_1_6' title='bbox 717 669 845 766; x_wconf 90' lang='lat' dir='ltr'><strong>vinum</strong></span> <span class='ocrx_word' id='word_1_7' title='bbox 868 696 1119 785; x_wconf 86' lang='lat' dir='ltr'><strong>medietatem,</strong></span> <span class='ocrx_word' id='word_1_8' title='bbox 1147 695 1214 784; x_wconf 88' lang='lat' dir='ltr'><strong>ipsi</strong></span> <span class='ocrx_word' id='word_1_9' title='bbox 1237 697 1387 785; x_wconf 82' lang='lat' dir='ltr'><strong>predicti</strong></span> <span class='ocrx_word' id='word_1_10' title='bbox 1420 697 1585 785; x_wconf 80' lang='lat' dir='ltr'><strong>germani</strong></span> <span class='ocrx_word' id='word_1_11' title='bbox 1617 695 1720 767; x_wconf 89' lang='lat' dir='ltr'><strong>tollat</strong></span> <span class='ocrx_word' id='word_1_12' title='bbox 1749 689 1832 766; x_wconf 90' lang='lat' dir='ltr'><strong>inde</strong></span> <span class='ocrx_word' id='word_1_13' title='bbox 1855 697 1996 786; x_wconf 89' lang='lat' dir='ltr'><strong>reliqua</strong></span> <span class='ocrx_word' id='word_1_14' title='bbox 2025 695 2156 768; x_wconf 91' lang='lat' dir='ltr'><strong>medie-</strong></span> 
     </span>
     <span class='ocr_line' id='line_1_3' title="bbox 311 845 2333 956; baseline -0 -42"><span class='ocrx_word' id='word_1_15' title='bbox 311 847 388 916; x_wconf 86' lang='lat' dir='ltr'><strong>tate</strong></span> <span class='ocrx_word' id='word_1_16' title='bbox 412 846 456 915; x_wconf 90' lang='lat' dir='ltr'><strong>de</strong></span> <span class='ocrx_word' id='word_1_17' title='bbox 480 845 556 934; x_wconf 92' lang='lat' dir='ltr'><strong>ipso</strong></span> <span class='ocrx_word' id='word_1_18' title='bbox 578 847 728 936; x_wconf 88' lang='lat' dir='ltr'><strong>vinum,</strong></span> <span class='ocrx_word' id='word_1_19' title='bbox 751 848 953 956; x_wconf 75' lang='lat' dir='ltr'><strong>laciendum</strong></span> <span class='ocrx_word' id='word_1_20' title='bbox 985 847 1067 918; x_wconf 90' lang='lat' dir='ltr'><strong>inde</strong></span> <span class='ocrx_word' id='word_1_21' title='bbox 1098 867 1161 936; x_wconf 87' lang='lat' dir='ltr'><strong>per</strong></span> <span class='ocrx_word' id='word_1_22' title='bbox 1190 851 1312 935; x_wconf 88' lang='lat' dir='ltr'><strong>partes</strong></span> <span class='ocrx_word' id='word_1_23' title='bbox 1341 846 1434 936; x_wconf 92' lang='lat' dir='ltr'><strong>quod</strong></span> <span class='ocrx_word' id='word_1_24' title='bbox 1456 845 1697 926; x_wconf 89' lang='lat' dir='ltr'><strong>voluerimus,</strong></span> <span class='ocrx_word' id='word_1_25' title='bbox 1722 847 1800 935; x_wconf 88' lang='lat' dir='ltr'><strong>ipso</strong></span> <span class='ocrx_word' id='word_1_26' title='bbox 1823 847 1971 916; x_wconf 89' lang='lat' dir='ltr'><strong>missum</strong></span> <span class='ocrx_word' id='word_1_27' title='bbox 1992 851 2156 917; x_wconf 87' lang='lat' dir='ltr'><strong>nostrum</strong></span> <span class='ocrx_word' id='word_1_28' title='bbox 2202 947 2206 956; x_wconf 31' lang='grc' dir='ltr'>Ι</span> <span class='ocrx_word' id='word_1_29' title='bbox 2328 900 2333 912; x_wconf 95' lang='grc'>.</span> 
     </span>
     <span class='ocr_line' id='line_1_4' title="bbox 312 973 2159 1106; baseline 0 -34"><span class='ocrx_word' id='word_1_30' title='bbox 312 998 504 1088; x_wconf 81' lang='lat' dir='ltr'><strong>adsignare</strong></span> <span class='ocrx_word' id='word_1_31' title='bbox 529 1000 696 1088; x_wconf 88' lang='lat' dir='ltr'><strong>ipsorum</strong></span> <span class='ocrx_word' id='word_1_32' title='bbox 711 999 876 1089; x_wconf 82' lang='lat' dir='ltr'><strong>germani</strong></span> <span class='ocrx_word' id='word_1_33' title='bbox 900 973 949 1072; x_wconf 85' lang='lat' dir='ltr'><strong>ad</strong></span> <span class='ocrx_word' id='word_1_34' title='bbox 971 1000 1156 1082; x_wconf 79' lang='lat' dir='ltr'><strong>oellarium</strong></span> <span class='ocrx_word' id='word_1_35' title='bbox 1179 1021 1323 1106; x_wconf 81' lang='lat' dir='ltr'><strong>meum,</strong></span> <span class='ocrx_word' id='word_1_36' title='bbox 1348 1001 1440 1090; x_wconf 88' lang='lat' dir='ltr'><strong>quod</strong></span> <span class='ocrx_word' id='word_1_37' title='bbox 1462 1019 1531 1090; x_wconf 89' lang='lat' dir='ltr'><strong>ego</strong></span> <span class='ocrx_word' id='word_1_38' title='bbox 1557 1019 1643 1073; x_wconf 90' lang='lat' dir='ltr'><strong>aveo</strong></span> <span class='ocrx_word' id='word_1_39' title='bbox 1670 1001 1769 1072; x_wconf 91' lang='lat' dir='ltr'><strong>intus</strong></span> <span class='ocrx_word' id='word_1_40' title='bbox 1796 1001 1875 1090; x_wconf 91' lang='lat' dir='ltr'><strong>ipsa</strong></span> <span class='ocrx_word' id='word_1_41' title='bbox 1900 1005 2028 1092; x_wconf 88' lang='lat' dir='ltr'><strong>curte,</strong></span> <span class='ocrx_word' id='word_1_42' title='bbox 2052 1020 2159 1090; x_wconf 85' lang='lat' dir='ltr'><strong>orga-</strong></span> 
     </span>
     <span class='ocr_line' id='line_1_5' title="bbox 311 1147 2158 1262; baseline 0.003 -42"><span class='ocrx_word' id='word_1_43' title='bbox 311 1167 418 1220; x_wconf 90' lang='lat' dir='ltr'><strong>nenm</strong></span> <span class='ocrx_word' id='word_1_44' title='bbox 441 1156 603 1221; x_wconf 90' lang='lat' dir='ltr'><strong>nostrum</strong></span> <span class='ocrx_word' id='word_1_45' title='bbox 627 1163 759 1222; x_wconf 83' lang='lat' dir='ltr'><strong>vonum</strong></span> <span class='ocrx_word' id='word_1_46' title='bbox 782 1154 829 1222; x_wconf 84' lang='lat' dir='ltr'><strong>da</strong></span> <span class='ocrx_word' id='word_1_47' title='bbox 852 1151 977 1222; x_wconf 90' lang='lat' dir='ltr'><strong>vinum</strong></span> <span class='ocrx_word' id='word_1_48' title='bbox 1001 1156 1075 1242; x_wconf 91' lang='lat' dir='ltr'><strong>ipso</strong></span> <span class='ocrx_word' id='word_1_49' title='bbox 1097 1147 1326 1242; x_wconf 78' lang='lat' dir='ltr'><strong>borganeum&#39;</strong></span> <span class='ocrx_word' id='word_1_50' title='bbox 1342 1172 1404 1242; x_wconf 89' lang='lat' dir='ltr'><strong>per</strong></span> <span class='ocrx_word' id='word_1_51' title='bbox 1428 1153 1500 1222; x_wconf 91' lang='lat' dir='ltr'><strong>illis</strong></span> <span class='ocrx_word' id='word_1_52' title='bbox 1525 1155 1597 1224; x_wconf 90' lang='lat' dir='ltr'><strong>siat</strong></span> <span class='ocrx_word' id='word_1_53' title='bbox 1619 1171 1751 1262; x_wconf 87' lang='lat' dir='ltr'><strong>vonum</strong></span> <span class='ocrx_word' id='word_1_54' title='bbox 1778 1156 1979 1226; x_wconf 73' lang='lat' dir='ltr'><strong>concinium</strong></span> <span class='ocrx_word' id='word_1_55' title='bbox 2014 1159 2050 1225; x_wconf 92' lang='lat' dir='ltr'><strong>et</strong></span> <span class='ocrx_word' id='word_1_56' title='bbox 2083 1156 2158 1226; x_wconf 90' lang='lat' dir='ltr'><strong>stu·</strong></span> 
     </span>
     <span class='ocr_line' id='line_1_6' title="bbox 277 1297 2156 1396; baseline 0.002 -24"><span class='ocrx_word' id='word_1_57' title='bbox 277 1303 476 1393; x_wconf 77' lang='lat' dir='ltr'><strong>dictum,</strong></span> <span class='ocrx_word' id='word_1_58' title='bbox 500 1306 595 1373; x_wconf 90' lang='lat' dir='ltr'><strong>sicut</strong></span> <span class='ocrx_word' id='word_1_59' title='bbox 618 1307 802 1393; x_wconf 89' lang='lat' dir='ltr'><strong>meruerit,</strong></span> <span class='ocrx_word' id='word_1_60' title='bbox 833 1312 870 1374; x_wconf 89' lang='lat' dir='ltr'><strong>et</strong></span> <span class='ocrx_word' id='word_1_61' title='bbox 893 1309 1068 1394; x_wconf 88' lang='lat' dir='ltr'><strong>reponant</strong></span> <span class='ocrx_word' id='word_1_62' title='bbox 1089 1307 1167 1394; x_wconf 88' lang='lat' dir='ltr'><strong>ipsa</strong></span> <span class='ocrx_word' id='word_1_63' title='bbox 1190 1311 1313 1382; x_wconf 87' lang='lat' dir='ltr'><strong>nostra</strong></span> <span class='ocrx_word' id='word_1_64' title='bbox 1343 1309 1498 1378; x_wconf 90' lang='lat' dir='ltr'><strong>sortione</strong></span> <span class='ocrx_word' id='word_1_65' title='bbox 1521 1308 1564 1377; x_wconf 92' lang='lat' dir='ltr'><strong>de</strong></span> <span class='ocrx_word' id='word_1_66' title='bbox 1589 1310 1663 1396; x_wconf 91' lang='lat' dir='ltr'><strong>ipso</strong></span> <span class='ocrx_word' id='word_1_67' title='bbox 1686 1309 1812 1378; x_wconf 88' lang='lat' dir='ltr'><strong>vinum</strong></span> <span class='ocrx_word' id='word_1_68' title='bbox 1839 1309 1938 1377; x_wconf 87' lang='lat' dir='ltr'><strong>intus</strong></span> <span class='ocrx_word' id='word_1_69' title='bbox 1974 1309 2050 1396; x_wconf 90' lang='lat' dir='ltr'><strong>ipso</strong></span> <span class='ocrx_word' id='word_1_70' title='bbox 2073 1297 2156 1378; x_wconf 85' lang='lat' dir='ltr'><strong>bor·</strong></span> 
     </span>
     <span class='ocr_line' id='line_1_7' title="bbox 309 1455 2156 1548; baseline 0.001 -21"><span class='ocrx_word' id='word_1_71' title='bbox 309 1476 477 1545; x_wconf 90' lang='lat' dir='ltr'><strong>ganeum,</strong></span> <span class='ocrx_word' id='word_1_72' title='bbox 495 1462 532 1528; x_wconf 91' lang='lat' dir='ltr'><strong>et</strong></span> <span class='ocrx_word' id='word_1_73' title='bbox 547 1457 684 1527; x_wconf 80' lang='lat' dir='ltr'><strong>saciant</strong></span> <span class='ocrx_word' id='word_1_74' title='bbox 707 1455 781 1524; x_wconf 90' lang='lat' dir='ltr'><strong>illis</strong></span> <span class='ocrx_word' id='word_1_75' title='bbox 804 1460 841 1526; x_wconf 92' lang='lat' dir='ltr'><strong>et</strong></span> <span class='ocrx_word' id='word_1_76' title='bbox 864 1457 939 1525; x_wconf 90' lang='lat' dir='ltr'><strong>suis</strong></span> <span class='ocrx_word' id='word_1_77' title='bbox 962 1457 1124 1528; x_wconf 91' lang='lat' dir='ltr'><strong>eredibus</strong></span> <span class='ocrx_word' id='word_1_78' title='bbox 1147 1460 1248 1527; x_wconf 91' lang='lat' dir='ltr'><strong>nobis</strong></span> <span class='ocrx_word' id='word_1_79' title='bbox 1270 1461 1326 1528; x_wconf 93' lang='lat' dir='ltr'><strong>vel</strong></span> <span class='ocrx_word' id='word_1_80' title='bbox 1349 1460 1395 1532; x_wconf 91' lang='lat' dir='ltr'><strong>ad</strong></span> <span class='ocrx_word' id='word_1_81' title='bbox 1422 1461 1553 1531; x_wconf 88' lang='lat' dir='ltr'><strong>nostris</strong></span> <span class='ocrx_word' id='word_1_82' title='bbox 1576 1462 1741 1531; x_wconf 89' lang='lat' dir='ltr'><strong>eredibus</strong></span> <span class='ocrx_word' id='word_1_83' title='bbox 1772 1462 1980 1532; x_wconf 75' lang='lat' dir='ltr'><strong>annualiter</strong></span> <span class='ocrx_word' id='word_1_84' title='bbox 2004 1461 2080 1548; x_wconf 91' lang='lat' dir='ltr'><strong>ipso</strong></span> <span class='ocrx_word' id='word_1_85' title='bbox 2103 1462 2156 1529; x_wconf 94' lang='lat' dir='ltr'><strong>vi·</strong></span> 
     </span>
     <span class='ocr_line' id='line_1_8' title="bbox 307 1585 2161 1704; baseline 0.001 -24"><span class='ocrx_word' id='word_1_86' title='bbox 307 1629 395 1680; x_wconf 90' lang='lat' dir='ltr'><strong>num</strong></span> <span class='ocrx_word' id='word_1_87' title='bbox 419 1613 570 1700; x_wconf 91' lang='lat' dir='ltr'><strong>salbum,</strong></span> <span class='ocrx_word' id='word_1_88' title='bbox 598 1585 708 1681; x_wconf 90' lang='lat' dir='ltr'><strong>donec</strong></span> <span class='ocrx_word' id='word_1_89' title='bbox 732 1611 815 1681; x_wconf 93' lang='lat' dir='ltr'><strong>illut</strong></span> <span class='ocrx_word' id='word_1_90' title='bbox 844 1613 927 1682; x_wconf 91' lang='lat' dir='ltr'><strong>inde</strong></span> <span class='ocrx_word' id='word_1_91' title='bbox 954 1611 1144 1681; x_wconf 83' lang='lat' dir='ltr'><strong>tulerimus</strong></span> <span class='ocrx_word' id='word_1_92' title='bbox 1168 1615 1304 1702; x_wconf 85' lang='lat' dir='ltr'><strong>absque</strong></span> <span class='ocrx_word' id='word_1_93' title='bbox 1328 1615 1606 1702; x_wconf 82' lang='lat' dir='ltr'><strong>degeneratione</strong></span> <span class='ocrx_word' id='word_1_94' title='bbox 1633 1619 1670 1684; x_wconf 90' lang='lat' dir='ltr'><strong>et</strong></span> <span class='ocrx_word' id='word_1_95' title='bbox 1709 1616 1844 1704; x_wconf 83' lang='lat' dir='ltr'><strong>ingne3</strong></span> <span class='ocrx_word' id='word_1_96' title='bbox 1869 1595 1974 1702; x_wconf 73' lang='lat' dir='ltr'><strong>poma</strong></span> <span class='ocrx_word' id='word_1_97' title='bbox 2007 1633 2089 1681; x_wconf 88' lang='lat' dir='ltr'><strong>vero</strong></span> <span class='ocrx_word' id='word_1_98' title='bbox 2124 1615 2161 1683; x_wconf 88' lang='lat' dir='ltr'><strong>ct</strong></span> 
     </span>
     <span class='ocr_line' id='line_1_9' title="bbox 104 1723 2161 1870; baseline 0 -36"><span class='ocrx_word' id='word_1_99' title='bbox 104 1841 110 1852; x_wconf 56' lang='grc'>,</span> <span class='ocrx_word' id='word_1_100' title='bbox 233 1841 246 1870; x_wconf 36' lang='lat' dir='ltr'><em>c</em></span> <span class='ocrx_word' id='word_1_101' title='bbox 309 1761 474 1837; x_wconf 80' lang='lat' dir='ltr'><strong>castanea</strong></span> <span class='ocrx_word' id='word_1_102' title='bbox 497 1770 534 1834; x_wconf 91' lang='lat' dir='ltr'><strong>ct</strong></span> <span class='ocrx_word' id='word_1_103' title='bbox 553 1767 663 1852; x_wconf 84' lang='lat' dir='ltr'><strong>nuci,</strong></span> <span class='ocrx_word' id='word_1_104' title='bbox 686 1765 749 1853; x_wconf 91' lang='lat' dir='ltr'><strong>qui</strong></span> <span class='ocrx_word' id='word_1_105' title='bbox 776 1765 906 1835; x_wconf 88' lang='lat' dir='ltr'><strong>ibidem</strong></span> <span class='ocrx_word' id='word_1_106' title='bbox 931 1769 1029 1854; x_wconf 89' lang='lat' dir='ltr'><strong>sunt,</strong></span> <span class='ocrx_word' id='word_1_107' title='bbox 1060 1783 1125 1834; x_wconf 92' lang='lat' dir='ltr'><strong>suo</strong></span> <span class='ocrx_word' id='word_1_108' title='bbox 1147 1771 1315 1856; x_wconf 87' lang='lat' dir='ltr'><strong>tempore,</strong></span> <span class='ocrx_word' id='word_1_109' title='bbox 1341 1768 1483 1856; x_wconf 89' lang='lat' dir='ltr'><strong>quando</strong></span> <span class='ocrx_word' id='word_1_110' title='bbox 1500 1723 1695 1856; x_wconf 82' lang='lat' dir='ltr'><strong>meruerit,</strong></span> <span class='ocrx_word' id='word_1_111' title='bbox 1721 1766 1794 1838; x_wconf 90' lang='lat' dir='ltr'><strong>illis</strong></span> <span class='ocrx_word' id='word_1_112' title='bbox 1817 1731 1972 1836; x_wconf 56' lang='lat' dir='ltr'><strong>vel⁶suis</strong></span> <span class='ocrx_word' id='word_1_113' title='bbox 1995 1767 2161 1835; x_wconf 89' lang='lat' dir='ltr'><strong>eredibus</strong></span> 
     </span>
     <span class='ocr_line' id='line_1_10' title="bbox 311 1917 2163 2028; baseline -0.001 -38"><span class='ocrx_word' id='word_1_114' title='bbox 311 1919 371 1990; x_wconf 90' lang='lat' dir='ltr'><strong>ille</strong></span> <span class='ocrx_word' id='word_1_115' title='bbox 395 1917 577 2008; x_wconf 89' lang='lat' dir='ltr'><strong>colligere:</strong></span> <span class='ocrx_word' id='word_1_116' title='bbox 610 1919 834 2028; x_wconf 84' lang='lat' dir='ltr'><strong>medietatem</strong></span> <span class='ocrx_word' id='word_1_117' title='bbox 859 1921 942 1990; x_wconf 90' lang='lat' dir='ltr'><strong>inde</strong></span> <span class='ocrx_word' id='word_1_118' title='bbox 966 1919 1040 1988; x_wconf 90' lang='lat' dir='ltr'><strong>illis</strong></span> <span class='ocrx_word' id='word_1_119' title='bbox 1063 1921 1165 1988; x_wconf 90' lang='lat' dir='ltr'><strong>nobis</strong></span> <span class='ocrx_word' id='word_1_120' title='bbox 1188 1920 1362 1990; x_wconf 90' lang='lat' dir='ltr'><strong>adducere</strong></span> <span class='ocrx_word' id='word_1_121' title='bbox 1387 1921 1426 1988; x_wconf 92' lang='lat' dir='ltr'><strong>in</strong></span> <span class='ocrx_word' id='word_1_122' title='bbox 1449 1921 1518 1992; x_wconf 88' lang='lat' dir='ltr'><strong>ista</strong></span> <span class='ocrx_word' id='word_1_123' title='bbox 1541 1921 1685 1991; x_wconf 88' lang='lat' dir='ltr'><strong>civitate</strong></span> <span class='ocrx_word' id='word_1_124' title='bbox 1709 1921 1893 1990; x_wconf 85' lang='lat' dir='ltr'><strong>addemus</strong></span> <span class='ocrx_word' id='word_1_125' title='bbox 1910 1939 2004 2008; x_wconf 88' lang='lat' dir='ltr'><strong>mea,</strong></span> <span class='ocrx_word' id='word_1_126' title='bbox 2028 1925 2064 1990; x_wconf 89' lang='lat' dir='ltr'><strong>et</strong></span> <span class='ocrx_word' id='word_1_127' title='bbox 2091 1939 2163 1990; x_wconf 91' lang='lat' dir='ltr'><strong>me·</strong></span> 
     </span>
     <span class='ocr_line' id='line_1_11' title="bbox 318 2074 2163 2164; baseline 0 -20"><span class='ocrx_word' id='word_1_128' title='bbox 318 2075 486 2144; x_wconf 90' lang='lat' dir='ltr'><strong>dietatem</strong></span> <span class='ocrx_word' id='word_1_129' title='bbox 504 2074 587 2144; x_wconf 90' lang='lat' dir='ltr'><strong>inde</strong></span> <span class='ocrx_word' id='word_1_130' title='bbox 612 2075 684 2144; x_wconf 90' lang='lat' dir='ltr'><strong>illis</strong></span> <span class='ocrx_word' id='word_1_131' title='bbox 699 2076 769 2144; x_wconf 88' lang='lat' dir='ltr'><strong>sivi</strong></span> <span class='ocrx_word' id='word_1_132' title='bbox 785 2095 905 2164; x_wconf 89' lang='lat' dir='ltr'><strong>avere,</strong></span> <span class='ocrx_word' id='word_1_133' title='bbox 923 2079 998 2164; x_wconf 90' lang='lat' dir='ltr'><strong>ipso</strong></span> <span class='ocrx_word' id='word_1_134' title='bbox 1020 2075 1181 2164; x_wconf 89' lang='lat' dir='ltr'><strong>missum,</strong></span> <span class='ocrx_word' id='word_1_135' title='bbox 1205 2075 1290 2146; x_wconf 92' lang='lat' dir='ltr'><strong>dum</strong></span> <span class='ocrx_word' id='word_1_136' title='bbox 1306 2076 1437 2145; x_wconf 90' lang='lat' dir='ltr'><strong>ibidem</strong></span> <span class='ocrx_word' id='word_1_137' title='bbox 1461 2077 1625 2144; x_wconf 88' lang='lat' dir='ltr'><strong>venerint</strong></span> <span class='ocrx_word' id='word_1_138' title='bbox 1648 2094 1710 2164; x_wconf 92' lang='lat' dir='ltr'><strong>per</strong></span> <span class='ocrx_word' id='word_1_139' title='bbox 1732 2079 1890 2163; x_wconf 89' lang='lat' dir='ltr'><strong>tempore</strong></span> <span class='ocrx_word' id='word_1_140' title='bbox 1912 2077 1956 2145; x_wconf 91' lang='lat' dir='ltr'><strong>de</strong></span> <span class='ocrx_word' id='word_1_141' title='bbox 1979 2075 2163 2145; x_wconf 87' lang='lat' dir='ltr'><strong>vindemie</strong></span> 
     </span>
     <span class='ocr_line' id='line_1_12' title="bbox 252 2225 2161 2316; baseline 0.002 -22"><span class='ocrx_word' id='word_1_142' title='bbox 252 2253 257 2264; x_wconf 91' lang='lat'><em>·</em></span> <span class='ocrx_word' id='word_1_143' title='bbox 316 2246 381 2315; x_wconf 88' lang='lat' dir='ltr'><strong>pro</strong></span> <span class='ocrx_word' id='word_1_144' title='bbox 404 2227 647 2315; x_wconf 92' lang='lat' dir='ltr'><strong>recipiendum</strong></span> <span class='ocrx_word' id='word_1_145' title='bbox 671 2227 748 2316; x_wconf 91' lang='lat' dir='ltr'><strong>ipsa</strong></span> <span class='ocrx_word' id='word_1_146' title='bbox 771 2233 895 2299; x_wconf 86' lang='lat' dir='ltr'><strong>nostra</strong></span> <span class='ocrx_word' id='word_1_147' title='bbox 919 2231 1106 2299; x_wconf 86' lang='lat' dir='ltr'><strong>sortionem</strong></span> <span class='ocrx_word' id='word_1_148' title='bbox 1124 2229 1166 2297; x_wconf 92' lang='lat' dir='ltr'><strong>de</strong></span> <span class='ocrx_word' id='word_1_149' title='bbox 1184 2231 1258 2316; x_wconf 88' lang='lat' dir='ltr'><strong>ipso</strong></span> <span class='ocrx_word' id='word_1_150' title='bbox 1275 2229 1410 2315; x_wconf 87' lang='lat' dir='ltr'><strong>vinum,</strong></span> <span class='ocrx_word' id='word_1_151' title='bbox 1425 2225 1493 2313; x_wconf 90' lang='lat' dir='ltr'><strong>ipsi</strong></span> <span class='ocrx_word' id='word_1_152' title='bbox 1512 2226 1661 2314; x_wconf 86' lang='lat' dir='ltr'><strong>predicti</strong></span> <span class='ocrx_word' id='word_1_153' title='bbox 1678 2230 1838 2315; x_wconf 86' lang='lat' dir='ltr'><strong>germani</strong></span> <span class='ocrx_word' id='word_1_154' title='bbox 1854 2233 1890 2297; x_wconf 90' lang='lat' dir='ltr'><strong>et</strong></span> <span class='ocrx_word' id='word_1_155' title='bbox 1905 2229 1979 2296; x_wconf 90' lang='lat' dir='ltr'><strong>suis</strong></span> <span class='ocrx_word' id='word_1_156' title='bbox 1995 2227 2161 2298; x_wconf 90' lang='lat' dir='ltr'><strong>eredibus</strong></span> 
     </span>
     <span class='ocr_line' id='line_1_13' title="bbox 316 2377 2165 2468; baseline 0.001 -21"><span class='ocrx_word' id='word_1_157' title='bbox 316 2378 420 2449; x_wconf 92' lang='lat' dir='ltr'><strong>illum</strong></span> <span class='ocrx_word' id='word_1_158' title='bbox 444 2379 585 2449; x_wconf 91' lang='lat' dir='ltr'><strong>nutrire</strong></span> <span class='ocrx_word' id='word_1_159' title='bbox 608 2380 804 2450; x_wconf 89' lang='lat' dir='ltr'><strong>secundum</strong></span> <span class='ocrx_word' id='word_1_160' title='bbox 828 2400 928 2451; x_wconf 83' lang='lat' dir='ltr'><strong>suam</strong></span> <span class='ocrx_word' id='word_1_161' title='bbox 952 2379 1186 2468; x_wconf 88' lang='lat' dir='ltr'><strong>possivilitatc</strong></span> <span class='ocrx_word' id='word_1_162' title='bbox 1210 2385 1247 2449; x_wconf 89' lang='lat' dir='ltr'><strong>et</strong></span> <span class='ocrx_word' id='word_1_163' title='bbox 1269 2381 1526 2467; x_wconf 88' lang='lat' dir='ltr'><strong>palmentatica</strong></span> <span class='ocrx_word' id='word_1_164' title='bbox 1552 2379 1585 2446; x_wconf 90' lang='lat' dir='ltr'><strong>ei</strong></span> <span class='ocrx_word' id='word_1_165' title='bbox 1609 2377 1708 2466; x_wconf 90' lang='lat' dir='ltr'><strong>darc,</strong></span> <span class='ocrx_word' id='word_1_166' title='bbox 1732 2377 1827 2446; x_wconf 90' lang='lat' dir='ltr'><strong>sicut</strong></span> <span class='ocrx_word' id='word_1_167' title='bbox 1851 2379 2042 2465; x_wconf 83' lang='lat' dir='ltr'><strong>meruerit3</strong></span> <span class='ocrx_word' id='word_1_168' title='bbox 2060 2383 2096 2449; x_wconf 90' lang='lat' dir='ltr'><strong>et</strong></span> <span class='ocrx_word' id='word_1_169' title='bbox 2121 2378 2165 2448; x_wconf 92' lang='lat' dir='ltr'><strong>de</strong></span> 
     </span>
     <span class='ocr_line' id='line_1_14' title="bbox 314 2531 2163 2632; baseline 0 -30"><span class='ocrx_word' id='word_1_170' title='bbox 314 2531 408 2620; x_wconf 90' lang='lat' dir='ltr'><strong>quod</strong></span> <span class='ocrx_word' id='word_1_171' title='bbox 433 2533 564 2602; x_wconf 90' lang='lat' dir='ltr'><strong>ibidem</strong></span> <span class='ocrx_word' id='word_1_172' title='bbox 588 2534 846 2617; x_wconf 88' lang='lat' dir='ltr'><strong>seminaverint</strong></span> <span class='ocrx_word' id='word_1_173' title='bbox 867 2534 991 2605; x_wconf 90' lang='lat' dir='ltr'><strong>amodo</strong></span> <span class='ocrx_word' id='word_1_174' title='bbox 1014 2539 1051 2603; x_wconf 89' lang='lat' dir='ltr'><strong>et</strong></span> <span class='ocrx_word' id='word_1_175' title='bbox 1072 2551 1222 2620; x_wconf 88' lang='lat' dir='ltr'><strong>semper,</strong></span> <span class='ocrx_word' id='word_1_176' title='bbox 1247 2533 1356 2601; x_wconf 90' lang='lat' dir='ltr'><strong>deant</strong></span> <span class='ocrx_word' id='word_1_177' title='bbox 1380 2532 1461 2600; x_wconf 92' lang='lat' dir='ltr'><strong>inde</strong></span> <span class='ocrx_word' id='word_1_178' title='bbox 1485 2549 1588 2600; x_wconf 92' lang='lat' dir='ltr'><strong>omne</strong></span> <span class='ocrx_word' id='word_1_179' title='bbox 1611 2531 1775 2632; x_wconf 73' lang='lat' dir='ltr'><strong>ennead</strong></span> <span class='ocrx_word' id='word_1_180' title='bbox 1799 2534 1875 2619; x_wconf 88' lang='lat' dir='ltr'><strong>ipso</strong></span> <span class='ocrx_word' id='word_1_181' title='bbox 1903 2533 2052 2600; x_wconf 89' lang='lat' dir='ltr'><strong>missum</strong></span> <span class='ocrx_word' id='word_1_182' title='bbox 2070 2534 2163 2602; x_wconf 85' lang='lat' dir='ltr'><strong>iusto</strong></span> 
     </span>
     <span class='ocr_line' id='line_1_15' title="bbox 319 2683 2167 2776; baseline 0.001 -21"><span class='ocrx_word' id='word_1_183' title='bbox 319 2685 531 2756; x_wconf 88' lang='lat' dir='ltr'><strong>terraticum</strong></span> <span class='ocrx_word' id='word_1_184' title='bbox 554 2686 1057 2757; x_wconf 89' lang='lat' dir='ltr'><strong>secundumconsuetudinem</strong></span> <span class='ocrx_word' id='word_1_185' title='bbox 1080 2689 1124 2758; x_wconf 87' lang='lat' dir='ltr'><strong>dc</strong></span> <span class='ocrx_word' id='word_1_186' title='bbox 1140 2689 1215 2776; x_wconf 87' lang='lat' dir='ltr'><strong>ipso</strong></span> <span class='ocrx_word' id='word_1_187' title='bbox 1238 2685 1366 2773; x_wconf 85' lang='lat' dir='ltr'><strong>locum3</strong></span> <span class='ocrx_word' id='word_1_188' title='bbox 1383 2687 1419 2752; x_wconf 87' lang='lat' dir='ltr'><strong>et</strong></span> <span class='ocrx_word' id='word_1_189' title='bbox 1435 2683 1541 2771; x_wconf 88' lang='lat' dir='ltr'><strong>quale</strong></span> <span class='ocrx_word' id='word_1_190' title='bbox 1558 2687 1714 2770; x_wconf 88' lang='lat' dir='ltr'><strong>tempore</strong></span> <span class='ocrx_word' id='word_1_191' title='bbox 1737 2685 1806 2773; x_wconf 91' lang='lat' dir='ltr'><strong>ipsi</strong></span> <span class='ocrx_word' id='word_1_192' title='bbox 1829 2685 1981 2772; x_wconf 74' lang='lat' dir='ltr'><strong>predicti</strong></span> <span class='ocrx_word' id='word_1_193' title='bbox 1999 2688 2167 2774; x_wconf 89' lang='lat' dir='ltr'><strong>germani</strong></span> 
     </span>
     <span class='ocr_line' id='line_1_16' title="bbox 315 2827 2306 2940; baseline -0.003 -30"><span class='ocrx_word' id='word_1_194' title='bbox 315 2845 350 2911; x_wconf 89' lang='lat' dir='ltr'><strong>et</strong></span> <span class='ocrx_word' id='word_1_195' title='bbox 365 2841 442 2910; x_wconf 88' lang='lat' dir='ltr'><strong>suis</strong></span> <span class='ocrx_word' id='word_1_196' title='bbox 465 2841 635 2910; x_wconf 89' lang='lat' dir='ltr'><strong>eredibus</strong></span> <span class='ocrx_word' id='word_1_197' title='bbox 657 2840 736 2928; x_wconf 87' lang='lat' dir='ltr'><strong>ipsa</strong></span> <span class='ocrx_word' id='word_1_198' title='bbox 760 2841 866 2911; x_wconf 86' lang='lat' dir='ltr'><strong>rebus</strong></span> <span class='ocrx_word' id='word_1_199' title='bbox 888 2841 927 2909; x_wconf 91' lang='lat' dir='ltr'><strong>in</strong></span> <span class='ocrx_word' id='word_1_200' title='bbox 943 2833 1145 2929; x_wconf 88' lang='lat' dir='ltr'><strong>supradicto</strong></span> <span class='ocrx_word' id='word_1_201' title='bbox 1168 2837 1292 2907; x_wconf 88' lang='lat' dir='ltr'><strong>ordine</strong></span> <span class='ocrx_word' id='word_1_202' title='bbox 1315 2842 1438 2906; x_wconf 86' lang='lat' dir='ltr'><strong>tenere</strong></span> <span class='ocrx_word' id='word_1_203' title='bbox 1460 2838 1496 2904; x_wconf 88' lang='lat' dir='ltr'><strong>el</strong></span> <span class='ocrx_word' id='word_1_204' title='bbox 1518 2835 1681 2904; x_wconf 85' lang='lat' dir='ltr'><strong>lavorare</strong></span> <span class='ocrx_word' id='word_1_205' title='bbox 1705 2852 1777 2902; x_wconf 91' lang='lat' dir='ltr'><strong>non</strong></span> <span class='ocrx_word' id='word_1_206' title='bbox 1800 2834 2068 2940; x_wconf 24' lang='lat' dir='ltr'><strong>voluerinttaut</strong></span> <span class='ocrx_word' id='word_1_207' title='bbox 2093 2854 2165 2906; x_wconf 91' lang='lat' dir='ltr'><strong>non</strong></span> <span class='ocrx_word' id='word_1_208' title='bbox 2300 2827 2306 2846; x_wconf 90' lang='grc'><strong>’</strong></span> 
     </span>
     <span class='ocr_line' id='line_1_17' title="bbox 319 2987 2167 3082; baseline -0.002 -20"><span class='ocrx_word' id='word_1_209' title='bbox 319 2993 528 3082; x_wconf 88' lang='lat' dir='ltr'><strong>potuerint,</strong></span> <span class='ocrx_word' id='word_1_210' title='bbox 554 2992 682 3062; x_wconf 87' lang='lat' dir='ltr'><strong>inclita</strong></span> <span class='ocrx_word' id='word_1_211' title='bbox 705 2996 782 3081; x_wconf 87' lang='lat' dir='ltr'><strong>ipsa</strong></span> <span class='ocrx_word' id='word_1_212' title='bbox 813 2994 920 3061; x_wconf 89' lang='lat' dir='ltr'><strong>rebus</strong></span> <span class='ocrx_word' id='word_1_213' title='bbox 943 2991 1103 3061; x_wconf 88' lang='lat' dir='ltr'><strong>lavorata</strong></span> <span class='ocrx_word' id='word_1_214' title='bbox 1125 2995 1162 3059; x_wconf 93' lang='lat' dir='ltr'><strong>et</strong></span> <span class='ocrx_word' id='word_1_215' title='bbox 1184 2987 1321 3059; x_wconf 84' lang='lat' dir='ltr'><strong>cultata</strong></span> <span class='ocrx_word' id='word_1_216' title='bbox 1343 3007 1436 3056; x_wconf 89' lang='lat' dir='ltr'><strong>vona</strong></span> <span class='ocrx_word' id='word_1_217' title='bbox 1457 2992 1494 3057; x_wconf 90' lang='lat' dir='ltr'><strong>et</strong></span> <span class='ocrx_word' id='word_1_218' title='bbox 1514 2988 1615 3058; x_wconf 89' lang='lat' dir='ltr'><strong>salba</strong></span> <span class='ocrx_word' id='word_1_219' title='bbox 1638 2993 1685 3075; x_wconf 91' lang='lat' dir='ltr'><strong>et,</strong></span> <span class='ocrx_word' id='word_1_220' title='bbox 1710 2989 1771 3056; x_wconf 92' lang='lat' dir='ltr'><strong>ubi</strong></span> <span class='ocrx_word' id='word_1_221' title='bbox 1796 2987 1982 3076; x_wconf 90' lang='lat' dir='ltr'><strong>meruerit,</strong></span> <span class='ocrx_word' id='word_1_222' title='bbox 2007 2987 2107 3058; x_wconf 88' lang='lat' dir='ltr'><strong>clusa</strong></span> <span class='ocrx_word' id='word_1_223' title='bbox 2130 2992 2167 3058; x_wconf 87' lang='lat' dir='ltr'><strong>at</strong></span> 
     </span>
     <span class='ocr_line' id='line_1_18' title="bbox 321 3141 2168 3234; baseline -0.003 -19"><span class='ocrx_word' id='word_1_224' title='bbox 321 3146 402 3234; x_wconf 89' lang='lat' dir='ltr'><strong>ipsa</strong></span> <span class='ocrx_word' id='word_1_225' title='bbox 426 3163 586 3234; x_wconf 90' lang='lat' dir='ltr'><strong>organea</strong></span> <span class='ocrx_word' id='word_1_226' title='bbox 610 3145 712 3216; x_wconf 88' lang='lat' dir='ltr'><strong>salba</strong></span> <span class='ocrx_word' id='word_1_227' title='bbox 734 3145 918 3214; x_wconf 89' lang='lat' dir='ltr'><strong>remittere</strong></span> <span class='ocrx_word' id='word_1_228' title='bbox 933 3144 977 3213; x_wconf 85' lang='lat' dir='ltr'><strong>ad</strong></span> <span class='ocrx_word' id='word_1_229' title='bbox 994 3145 1168 3231; x_wconf 87' lang='lat' dir='ltr'><strong>potestate</strong></span> <span class='ocrx_word' id='word_1_230' title='bbox 1183 3161 1332 3230; x_wconf 90' lang='lat' dir='ltr'><strong>meaque</strong></span> <span class='ocrx_word' id='word_1_231' title='bbox 1348 3141 1480 3230; x_wconf 89' lang='lat' dir='ltr'><strong>aloare,</strong></span> <span class='ocrx_word' id='word_1_232' title='bbox 1506 3141 1559 3211; x_wconf 85' lang='lat' dir='ltr'><strong>vel</strong></span> <span class='ocrx_word' id='word_1_233' title='bbox 1582 3141 1626 3210; x_wconf 89' lang='lat' dir='ltr'><strong>de</strong></span> <span class='ocrx_word' id='word_1_234' title='bbox 1649 3142 1737 3210; x_wconf 86' lang='lat' dir='ltr'><strong>meis</strong></span> <span class='ocrx_word' id='word_1_235' title='bbox 1759 3141 1936 3229; x_wconf 89' lang='lat' dir='ltr'><strong>eredibus,</strong></span> <span class='ocrx_word' id='word_1_236' title='bbox 1960 3141 2168 3212; x_wconf 86' lang='lat' dir='ltr'><strong>faciendum</strong></span> 
     </span>
     <span class='ocr_line' id='line_1_19' title="bbox 322 3273 2171 3385; baseline -0.002 -16"><span class='ocrx_word' id='word_1_237' title='bbox 322 3299 454 3369; x_wconf 83' lang='lat' dir='ltr'><strong>exinde</strong></span> <span class='ocrx_word' id='word_1_238' title='bbox 477 3299 600 3367; x_wconf 91' lang='lat' dir='ltr'><strong>omnia</strong></span> <span class='ocrx_word' id='word_1_239' title='bbox 624 3295 714 3385; x_wconf 88' lang='lat' dir='ltr'><strong>quod</strong></span> <span class='ocrx_word' id='word_1_240' title='bbox 738 3297 966 3384; x_wconf 67' lang='lat' dir='ltr'><strong>voluerimus</strong></span> <span class='ocrx_word' id='word_1_241' title='bbox 984 3300 1020 3364; x_wconf 91' lang='lat' dir='ltr'><strong>et</strong></span> <span class='ocrx_word' id='word_1_242' title='bbox 1037 3273 1171 3364; x_wconf 84' lang='lat' dir='ltr'><strong>liceant</strong></span> <span class='ocrx_word' id='word_1_243' title='bbox 1193 3296 1261 3382; x_wconf 86' lang='lat' dir='ltr'><strong>ipsi</strong></span> <span class='ocrx_word' id='word_1_244' title='bbox 1277 3295 1426 3383; x_wconf 91' lang='lat' dir='ltr'><strong>predicti</strong></span> <span class='ocrx_word' id='word_1_245' title='bbox 1443 3293 1606 3383; x_wconf 86' lang='lat' dir='ltr'><strong>germani</strong></span> <span class='ocrx_word' id='word_1_246' title='bbox 1624 3294 1679 3364; x_wconf 92' lang='lat' dir='ltr'><strong>vel</strong></span> <span class='ocrx_word' id='word_1_247' title='bbox 1694 3297 1769 3364; x_wconf 88' lang='lat' dir='ltr'><strong>suis</strong></span> <span class='ocrx_word' id='word_1_248' title='bbox 1785 3294 1950 3364; x_wconf 79' lang='lat' dir='ltr'><strong>enodibus</strong></span> <span class='ocrx_word' id='word_1_249' title='bbox 1967 3295 2050 3364; x_wconf 90' lang='lat' dir='ltr'><strong>inde</strong></span> <span class='ocrx_word' id='word_1_250' title='bbox 2065 3296 2171 3366; x_wconf 89' lang='lat' dir='ltr'><strong>exire</strong></span> 
     </span>
     <span class='ocr_line' id='line_1_20' title="bbox 315 3447 2170 3544; baseline 0.001 -25"><span class='ocrx_word' id='word_1_251' title='bbox 315 3467 396 3544; x_wconf 81' lang='lat' dir='ltr'><strong>cum</strong></span> <span class='ocrx_word' id='word_1_252' title='bbox 419 3452 535 3517; x_wconf 89' lang='lat' dir='ltr'><strong>omnis</strong></span> <span class='ocrx_word' id='word_1_253' title='bbox 559 3467 625 3517; x_wconf 90' lang='lat' dir='ltr'><strong>sua</strong></span> <span class='ocrx_word' id='word_1_254' title='bbox 649 3467 759 3517; x_wconf 88' lang='lat' dir='ltr'><strong>causa</strong></span> <span class='ocrx_word' id='word_1_255' title='bbox 782 3447 939 3536; x_wconf 88' lang='lat' dir='ltr'><strong>movilia,</strong></span> <span class='ocrx_word' id='word_1_256' title='bbox 963 3447 1129 3535; x_wconf 78' lang='lat' dir='ltr'><strong>quodibi</strong></span> <span class='ocrx_word' id='word_1_257' title='bbox 1155 3448 1336 3536; x_wconf 87' lang='lat' dir='ltr'><strong>abuerint,</strong></span> <span class='ocrx_word' id='word_1_258' title='bbox 1359 3453 1476 3535; x_wconf 90' lang='lat' dir='ltr'><strong>scepto</strong></span> <span class='ocrx_word' id='word_1_259' title='bbox 1505 3451 1580 3536; x_wconf 90' lang='lat' dir='ltr'><strong>ipso</strong></span> <span class='ocrx_word' id='word_1_260' title='bbox 1602 3447 1749 3518; x_wconf 88' lang='lat' dir='ltr'><strong>cellario</strong></span> <span class='ocrx_word' id='word_1_261' title='bbox 1772 3452 1807 3518; x_wconf 89' lang='lat' dir='ltr'><strong>ct</strong></span> <span class='ocrx_word' id='word_1_262' title='bbox 1831 3447 1909 3537; x_wconf 90' lang='lat' dir='ltr'><strong>ipsa</strong></span> <span class='ocrx_word' id='word_1_263' title='bbox 1934 3467 2107 3538; x_wconf 80' lang='lat' dir='ltr'><strong>organea‚</strong></span> <span class='ocrx_word' id='word_1_264' title='bbox 2133 3455 2170 3521; x_wconf 89' lang='lat' dir='ltr'><strong>et</strong></span> 
     </span>
     <span class='ocr_line' id='line_1_21' title="bbox 320 3595 2173 3692; baseline -0.001 -18"><span class='ocrx_word' id='word_1_265' title='bbox 320 3606 377 3675; x_wconf 90' lang='lat' dir='ltr'><strong>ire</strong></span> <span class='ocrx_word' id='word_1_266' title='bbox 400 3623 481 3673; x_wconf 91' lang='lat' dir='ltr'><strong>cum</strong></span> <span class='ocrx_word' id='word_1_267' title='bbox 506 3603 588 3674; x_wconf 91' lang='lat' dir='ltr'><strong>illut</strong></span> <span class='ocrx_word' id='word_1_268' title='bbox 611 3605 673 3672; x_wconf 89' lang='lat' dir='ltr'><strong>ubi</strong></span> <span class='ocrx_word' id='word_1_269' title='bbox 696 3602 891 3690; x_wconf 85' lang='lat' dir='ltr'><strong>voluerint,</strong></span> <span class='ocrx_word' id='word_1_270' title='bbox 915 3603 994 3672; x_wconf 87' lang='lat' dir='ltr'><strong>sine</strong></span> <span class='ocrx_word' id='word_1_271' title='bbox 1016 3595 1267 3672; x_wconf 77' lang='lat' dir='ltr'><strong>contrarietate</strong></span> <span class='ocrx_word' id='word_1_272' title='bbox 1291 3620 1440 3689; x_wconf 89' lang='lat' dir='ltr'><strong>meaque</strong></span> <span class='ocrx_word' id='word_1_273' title='bbox 1463 3601 1582 3672; x_wconf 89' lang='lat' dir='ltr'><strong>aloare</strong></span> <span class='ocrx_word' id='word_1_274' title='bbox 1605 3600 1661 3670; x_wconf 90' lang='lat' dir='ltr'><strong>vel</strong></span> <span class='ocrx_word' id='word_1_275' title='bbox 1685 3601 1728 3669; x_wconf 91' lang='lat' dir='ltr'><strong>de</strong></span> <span class='ocrx_word' id='word_1_276' title='bbox 1759 3601 1848 3670; x_wconf 88' lang='lat' dir='ltr'><strong>meis</strong></span> <span class='ocrx_word' id='word_1_277' title='bbox 1871 3603 2048 3672; x_wconf 90' lang='lat' dir='ltr'><strong>eredibus.</strong></span> <span class='ocrx_word' id='word_1_278' title='bbox 2079 3605 2173 3692; x_wconf 90' lang='lat' dir='ltr'><strong>quod</strong></span> 
     </span>
     <span class='ocr_line' id='line_1_22' title="bbox 317 3727 2174 3846; baseline 0.001 -22"><span class='ocrx_word' id='word_1_279' title='bbox 317 3760 348 3824; x_wconf 92' lang='lat' dir='ltr'><strong>si</strong></span> <span class='ocrx_word' id='word_1_280' title='bbox 372 3757 497 3828; x_wconf 90' lang='lat' dir='ltr'><strong>taliter</strong></span> <span class='ocrx_word' id='word_1_281' title='bbox 520 3759 643 3827; x_wconf 88' lang='lat' dir='ltr'><strong>omnia</strong></span> <span class='ocrx_word' id='word_1_282' title='bbox 674 3727 920 3846; x_wconf 79' lang='lat' dir='ltr'><strong>suprascripta</strong></span> <span class='ocrx_word' id='word_1_283' title='bbox 946 3757 1014 3844; x_wconf 90' lang='lat' dir='ltr'><strong>ipsi</strong></span> <span class='ocrx_word' id='word_1_284' title='bbox 1037 3754 1189 3842; x_wconf 89' lang='lat' dir='ltr'><strong>predicti</strong></span> <span class='ocrx_word' id='word_1_285' title='bbox 1205 3759 1370 3843; x_wconf 89' lang='lat' dir='ltr'><strong>germani</strong></span> <span class='ocrx_word' id='word_1_286' title='bbox 1393 3757 1447 3824; x_wconf 89' lang='lat' dir='ltr'><strong>vel</strong></span> <span class='ocrx_word' id='word_1_287' title='bbox 1471 3757 1547 3824; x_wconf 90' lang='lat' dir='ltr'><strong>suis</strong></span> <span class='ocrx_word' id='word_1_288' title='bbox 1570 3755 1734 3824; x_wconf 87' lang='lat' dir='ltr'><strong>eredibus</strong></span> <span class='ocrx_word' id='word_1_289' title='bbox 1757 3754 1844 3822; x_wconf 92' lang='lat' dir='ltr'><strong>mihi</strong></span> <span class='ocrx_word' id='word_1_290' title='bbox 1868 3755 2026 3842; x_wconf 85' lang='lat' dir='ltr'><strong>predicte</strong></span> <span class='ocrx_word' id='word_1_291' title='bbox 2050 3756 2174 3828; x_wconf 90' lang='lat' dir='ltr'><strong>aloare</strong></span> 
     </span>
     <span class='ocr_line' id='line_1_23' title="bbox 322 3857 2175 4002; baseline 0.005 -30"><span class='ocrx_word' id='word_1_292' title='bbox 322 3907 377 3976; x_wconf 91' lang='lat' dir='ltr'><strong>vel</strong></span> <span class='ocrx_word' id='word_1_293' title='bbox 403 3907 448 3978; x_wconf 88' lang='lat' dir='ltr'><strong>ad</strong></span> <span class='ocrx_word' id='word_1_294' title='bbox 472 3885 562 3976; x_wconf 75' lang='lat' dir='ltr'><strong>meis</strong></span> <span class='ocrx_word' id='word_1_295' title='bbox 585 3861 752 3977; x_wconf 77' lang='lat' dir='ltr'><strong>eredibus</strong></span> <span class='ocrx_word' id='word_1_296' title='bbox 782 3857 855 3976; x_wconf 72' lang='lat' dir='ltr'><strong>non</strong></span> <span class='ocrx_word' id='word_1_297' title='bbox 879 3908 1153 3996; x_wconf 89' lang='lat' dir='ltr'><strong>adimpleverint</strong></span> <span class='ocrx_word' id='word_1_298' title='bbox 1183 3912 1219 3977; x_wconf 90' lang='lat' dir='ltr'><strong>et</strong></span> <span class='ocrx_word' id='word_1_299' title='bbox 1242 3909 1373 4002; x_wconf 88' lang='lat' dir='ltr'><strong>aliquit</strong></span> <span class='ocrx_word' id='word_1_300' title='bbox 1395 3908 1479 3977; x_wconf 88' lang='lat' dir='ltr'><strong>inde</strong></span> <span class='ocrx_word' id='word_1_301' title='bbox 1509 3908 1821 3996; x_wconf 89' lang='lat' dir='ltr'><strong>contradixerint,</strong></span> <span class='ocrx_word' id='word_1_302' title='bbox 1845 3905 1934 3979; x_wconf 92' lang='lat' dir='ltr'><strong>tunc&#39;</strong></span> <span class='ocrx_word' id='word_1_303' title='bbox 1954 3929 2026 3998; x_wconf 88' lang='lat' dir='ltr'><strong>per.</strong></span> <span class='ocrx_word' id='word_1_304' title='bbox 2040 3931 2175 3983; x_wconf 83' lang='lat' dir='ltr'><strong>comve-</strong></span> 
     </span>
     <span class='ocr_line' id='line_1_24' title="bbox 213 4023 2176 4160; baseline 0.005 -34"><span class='ocrx_word' id='word_1_305' title='bbox 213 4153 216 4160; x_wconf 27' lang='grc' dir='ltr'>Ι</span> <span class='ocrx_word' id='word_1_306' title='bbox 325 4059 465 4130; x_wconf 90' lang='lat' dir='ltr'><strong>nientia</strong></span> <span class='ocrx_word' id='word_1_307' title='bbox 489 4063 525 4130; x_wconf 87' lang='lat' dir='ltr'><strong>et</strong></span> <span class='ocrx_word' id='word_1_308' title='bbox 547 4076 612 4147; x_wconf 90' lang='lat' dir='ltr'><strong>per</strong></span> <span class='ocrx_word' id='word_1_309' title='bbox 637 4060 844 4147; x_wconf 83' lang='lat' dir='ltr'><strong>supradicta</strong></span> <span class='ocrx_word' id='word_1_310' title='bbox 867 4060 1005 4148; x_wconf 88' lang='lat' dir='ltr'><strong>guadia</strong></span> <span class='ocrx_word' id='word_1_311' title='bbox 1029 4078 1237 4148; x_wconf 90' lang='lat' dir='ltr'><strong>componere</strong></span> <span class='ocrx_word' id='word_1_312' title='bbox 1260 4062 1507 4150; x_wconf 87' lang='lat' dir='ltr'><strong>obligaverunt</strong></span> <span class='ocrx_word' id='word_1_313' title='bbox 1521 4081 1558 4131; x_wconf 89' lang='lat' dir='ltr'><strong>se</strong></span> <span class='ocrx_word' id='word_1_314' title='bbox 1575 4063 1643 4151; x_wconf 88' lang='lat' dir='ltr'><strong>ipsi</strong></span> <span class='ocrx_word' id='word_1_315' title='bbox 1659 4023 1809 4152; x_wconf 79' lang='lat' dir='ltr'><strong>predicti</strong></span> <span class='ocrx_word' id='word_1_316' title='bbox 1826 4067 1990 4153; x_wconf 90' lang='lat' dir='ltr'><strong>germani</strong></span> <span class='ocrx_word' id='word_1_317' title='bbox 2006 4068 2176 4156; x_wconf 84' lang='lat' dir='ltr'><strong>grimoal-</strong></span> 
     </span>
     <span class='ocr_line' id='line_1_25' title="bbox 319 4197 2175 4309; baseline 0.006 -31"><span class='ocrx_word' id='word_1_318' title='bbox 319 4208 398 4300; x_wconf 87' lang='lat' dir='ltr'><strong>dus,</strong></span> <span class='ocrx_word' id='word_1_319' title='bbox 413 4217 450 4282; x_wconf 88' lang='lat' dir='ltr'><strong>et</strong></span> <span class='ocrx_word' id='word_1_320' title='bbox 466 4212 653 4302; x_wconf 87' lang='lat' dir='ltr'><strong>iohannes,</strong></span> <span class='ocrx_word' id='word_1_321' title='bbox 669 4197 706 4283; x_wconf 83' lang='lat' dir='ltr'><strong>et</strong></span> <span class='ocrx_word' id='word_1_322' title='bbox 721 4213 830 4301; x_wconf 90' lang='lat' dir='ltr'><strong>mari,</strong></span> <span class='ocrx_word' id='word_1_323' title='bbox 847 4214 902 4283; x_wconf 91' lang='lat' dir='ltr'><strong>vel</strong></span> <span class='ocrx_word' id='word_1_324' title='bbox 919 4215 994 4282; x_wconf 86' lang='lat' dir='ltr'><strong>suis</strong></span> <span class='ocrx_word' id='word_1_325' title='bbox 1009 4212 1186 4302; x_wconf 87' lang='lat' dir='ltr'><strong>eredibus,</strong></span> <span class='ocrx_word' id='word_1_326' title='bbox 1197 4212 1286 4292; x_wconf 82' lang='lat' dir='ltr'><strong>mihi</strong></span> <span class='ocrx_word' id='word_1_327' title='bbox 1299 4213 1456 4299; x_wconf 89' lang='lat' dir='ltr'><strong>predicte</strong></span> <span class='ocrx_word' id='word_1_328' title='bbox 1471 4214 1649 4284; x_wconf 87' lang='lat' dir='ltr'><strong>aloarevel</strong></span> <span class='ocrx_word' id='word_1_329' title='bbox 1665 4216 1712 4285; x_wconf 83' lang='lat' dir='ltr'><strong>ad</strong></span> <span class='ocrx_word' id='word_1_330' title='bbox 1728 4215 1816 4284; x_wconf 84' lang='lat' dir='ltr'><strong>meis</strong></span> <span class='ocrx_word' id='word_1_331' title='bbox 1832 4218 1997 4288; x_wconf 89' lang='lat' dir='ltr'><strong>eredibus</strong></span> <span class='ocrx_word' id='word_1_332' title='bbox 2020 4223 2175 4309; x_wconf 88' lang='lat' dir='ltr'><strong>triginta</strong></span> 
     </span>
     <span class='ocr_line' id='line_1_26' title="bbox 324 4357 2173 4460; baseline 0.003 -25"><span class='ocrx_word' id='word_1_333' title='bbox 324 4366 432 4436; x_wconf 90' lang='lat' dir='ltr'><strong>hauri</strong></span> <span class='ocrx_word' id='word_1_334' title='bbox 456 4365 585 4434; x_wconf 90' lang='lat' dir='ltr'><strong>solidos</strong></span> <span class='ocrx_word' id='word_1_335' title='bbox 608 4357 984 4453; x_wconf 64' lang='lat' dir='ltr'><strong>constantimanos,&#39;et</strong></span> <span class='ocrx_word' id='word_1_336' title='bbox 1001 4368 1122 4435; x_wconf 82' lang='lat' dir='ltr'><strong>omnia</strong></span> <span class='ocrx_word' id='word_1_337' title='bbox 1146 4368 1389 4454; x_wconf 85' lang='lat' dir='ltr'><strong>suprascripta</strong></span> <span class='ocrx_word' id='word_1_338' title='bbox 1412 4386 1475 4454; x_wconf 86' lang='lat' dir='ltr'><strong>per</strong></span> <span class='ocrx_word' id='word_1_339' title='bbox 1490 4368 1696 4457; x_wconf 88' lang='lat' dir='ltr'><strong>supradicta</strong></span> <span class='ocrx_word' id='word_1_340' title='bbox 1712 4369 1852 4440; x_wconf 87' lang='lat' dir='ltr'><strong>ratidne</strong></span> <span class='ocrx_word' id='word_1_341' title='bbox 1868 4373 1972 4440; x_wconf 91' lang='lat' dir='ltr'><strong>nobis</strong></span> <span class='ocrx_word' id='word_1_342' title='bbox 1992 4373 2173 4460; x_wconf 90' lang='lat' dir='ltr'><strong>complire.</strong></span> 
     </span>
     <span class='ocr_line' id='line_1_27' title="bbox 326 4483 2178 4615; baseline 0.006 -30"><span class='ocrx_word' id='word_1_343' title='bbox 326 4535 393 4607; x_wconf 89' lang='lat' dir='ltr'><strong>ego</strong></span> <span class='ocrx_word' id='word_1_344' title='bbox 414 4518 579 4606; x_wconf 90' lang='lat' dir='ltr'><strong>predicta</strong></span> <span class='ocrx_word' id='word_1_345' title='bbox 602 4519 729 4589; x_wconf 86' lang='lat' dir='ltr'><strong>aloara</strong></span> <span class='ocrx_word' id='word_1_346' title='bbox 752 4519 874 4590; x_wconf 88' lang='lat' dir='ltr'><strong>omnia</strong></span> <span class='ocrx_word' id='word_1_347' title='bbox 897 4519 1143 4608; x_wconf 86' lang='lat' dir='ltr'><strong>suprascripta</strong></span> <span class='ocrx_word' id='word_1_348' title='bbox 1164 4537 1228 4615; x_wconf 86' lang='lat' dir='ltr'><strong>per</strong></span> <span class='ocrx_word' id='word_1_349' title='bbox 1250 4520 1453 4608; x_wconf 86' lang='lat' dir='ltr'><strong>supradicto</strong></span> <span class='ocrx_word' id='word_1_350' title='bbox 1475 4483 1601 4591; x_wconf 74' lang='lat' dir='ltr'><strong>ordine</strong></span> <span class='ocrx_word' id='word_1_351' title='bbox 1624 4522 1692 4592; x_wconf 86' lang='lat' dir='ltr'><strong>ieci</strong></span> <span class='ocrx_word' id='word_1_352' title='bbox 1714 4541 1777 4610; x_wconf 89' lang='lat' dir='ltr'><strong>per</strong></span> <span class='ocrx_word' id='word_1_353' title='bbox 1801 4526 1993 4596; x_wconf 90' lang='lat' dir='ltr'><strong>volumtate</strong></span> <span class='ocrx_word' id='word_1_354' title='bbox 2015 4491 2059 4598; x_wconf 74' lang='lat' dir='ltr'><strong>de</strong></span> <span class='ocrx_word' id='word_1_355' title='bbox 2075 4547 2178 4596; x_wconf 92' lang='lat' dir='ltr'><strong>mun·</strong></span> 
     </span>
     <span class='ocr_line' id='line_1_28' title="bbox 326 4631 2176 4767; baseline 0.005 -27"><span class='ocrx_word' id='word_1_356' title='bbox 326 4670 424 4741; x_wconf 90' lang='lat' dir='ltr'><strong>doalt</strong></span> <span class='ocrx_word' id='word_1_357' title='bbox 446 4671 532 4755; x_wconf 89' lang='lat' dir='ltr'><strong>mei,</strong></span> <span class='ocrx_word' id='word_1_358' title='bbox 548 4673 587 4738; x_wconf 89' lang='lat' dir='ltr'><strong>et</strong></span> <span class='ocrx_word' id='word_1_359' title='bbox 604 4687 678 4739; x_wconf 86' lang='lat' dir='ltr'><strong>una</strong></span> <span class='ocrx_word' id='word_1_360' title='bbox 701 4687 781 4738; x_wconf 92' lang='lat' dir='ltr'><strong>cum</strong></span> <span class='ocrx_word' id='word_1_361' title='bbox 807 4659 878 4738; x_wconf 78' lang='lat' dir='ltr'><strong>illis</strong></span> <span class='ocrx_word' id='word_1_362' title='bbox 902 4689 982 4739; x_wconf 92' lang='lat' dir='ltr'><strong>cum</strong></span> <span class='ocrx_word' id='word_1_363' title='bbox 1005 4671 1074 4759; x_wconf 88' lang='lat' dir='ltr'><strong>ipsi</strong></span> <span class='ocrx_word' id='word_1_364' title='bbox 1098 4672 1294 4760; x_wconf 90' lang='lat' dir='ltr'><strong>supradicti</strong></span> <span class='ocrx_word' id='word_1_365' title='bbox 1319 4674 1540 4762; x_wconf 85' lang='lat' dir='ltr'><strong>grimoaldus</strong></span> <span class='ocrx_word' id='word_1_366' title='bbox 1561 4682 1597 4744; x_wconf 90' lang='lat' dir='ltr'><strong>et</strong></span> <span class='ocrx_word' id='word_1_367' title='bbox 1618 4675 1791 4746; x_wconf 89' lang='lat' dir='ltr'><strong>iohannes</strong></span> <span class='ocrx_word' id='word_1_368' title='bbox 1805 4683 1841 4748; x_wconf 91' lang='lat' dir='ltr'><strong>et</strong></span> <span class='ocrx_word' id='word_1_369' title='bbox 1857 4679 1948 4749; x_wconf 86' lang='lat' dir='ltr'><strong>mari</strong></span> <span class='ocrx_word' id='word_1_370' title='bbox 1964 4631 2124 4767; x_wconf 82' lang='lat' dir='ltr'><strong>germani</strong></span> <span class='ocrx_word' id='word_1_371' title='bbox 2141 4684 2176 4750; x_wconf 90' lang='lat' dir='ltr'><strong>et</strong></span> 
     </span>
     <span class='ocr_line' id='line_1_29' title="bbox 328 4789 2180 4926; baseline 0.003 -29"><span class='ocrx_word' id='word_1_372' title='bbox 328 4827 396 4898; x_wconf 90' lang='lat' dir='ltr'><strong>lllii</strong></span> <span class='ocrx_word' id='word_1_373' title='bbox 434 4825 586 4915; x_wconf 89' lang='lat' dir='ltr'><strong>predicti</strong></span> <span class='ocrx_word' id='word_1_374' title='bbox 624 4825 780 4914; x_wconf 90' lang='lat' dir='ltr'><strong>iaquinti</strong></span> <span class='ocrx_word' id='word_1_375' title='bbox 817 4831 901 4897; x_wconf 91' lang='lat' dir='ltr'><strong>ante</strong></span> <span class='ocrx_word' id='word_1_376' title='bbox 934 4827 1129 4926; x_wconf 78' lang='lat' dir='ltr'><strong>subscribti</strong></span> <span class='ocrx_word' id='word_1_377' title='bbox 1163 4789 1285 4896; x_wconf 71' lang='lat' dir='ltr'><strong>testes.</strong></span> <span class='ocrx_word' id='word_1_378' title='bbox 1310 4831 1346 4897; x_wconf 93' lang='lat' dir='ltr'><strong>et</strong></span> <span class='ocrx_word' id='word_1_379' title='bbox 1369 4847 1440 4898; x_wconf 92' lang='lat' dir='ltr'><strong>unc</strong></span> <span class='ocrx_word' id='word_1_380' title='bbox 1463 4830 1605 4900; x_wconf 89' lang='lat' dir='ltr'><strong>brebem</strong></span> <span class='ocrx_word' id='word_1_381' title='bbox 1627 4830 1754 4899; x_wconf 88' lang='lat' dir='ltr'><strong>scribsi</strong></span> <span class='ocrx_word' id='word_1_382' title='bbox 1776 4848 1842 4921; x_wconf 87' lang='lat' dir='ltr'><strong>ego</strong></span> <span class='ocrx_word' id='word_1_383' title='bbox 1864 4831 2095 4920; x_wconf 89' lang='lat' dir='ltr'><strong>truppoaldus</strong></span> <span class='ocrx_word' id='word_1_384' title='bbox 2118 4815 2180 4904; x_wconf 77' lang='lat' dir='ltr'><strong>n&#39;o·</strong></span> 
     </span>
     <span class='ocr_line' id='line_1_30' title="bbox 322 4984 451 5053; baseline -0.016 -1"><span class='ocrx_word' id='word_1_385' title='bbox 322 4984 451 5053; x_wconf 89' lang='lat' dir='ltr'><strong>tarius.</strong></span> 
     </span>
     <span class='ocr_line' id='line_1_31' title="bbox 318 5107 925 5225; baseline -0.002 -23"><span class='ocrx_word' id='word_1_386' title='bbox 318 5137 321 5144; x_wconf 84' lang='grc'><em>“</em></span> <span class='ocrx_word' id='word_1_387' title='bbox 372 5107 404 5225; x_wconf 92' lang='lat'><em>†</em></span> <span class='ocrx_word' id='word_1_388' title='bbox 428 5137 504 5224; x_wconf 86' lang='lat' dir='ltr'><strong>Ego</strong></span> <span class='ocrx_word' id='word_1_389' title='bbox 527 5153 633 5205; x_wconf 88' lang='lat' dir='ltr'><strong>ursus</strong></span> <span class='ocrx_word' id='word_1_390' title='bbox 656 5153 712 5204; x_wconf 92' lang='lat' dir='ltr'><strong>me</strong></span> <span class='ocrx_word' id='word_1_391' title='bbox 735 5133 925 5222; x_wconf 89' lang='lat' dir='ltr'><strong>subscripsi</strong></span> 
     </span>
    </p>
   </div>
   <div class='ocr_carea' id='block_1_3' title="bbox 376 5258 987 5380">
    <p class='ocr_par' dir='ltr' id='par_1_3' title="bbox 376 5258 987 5380">
     <span class='ocr_line' id='line_1_32' title="bbox 376 5258 987 5380; baseline -0.007 -22"><span class='ocrx_word' id='word_1_392' title='bbox 376 5258 408 5378; x_wconf 91' lang='lat'>†</span> <span class='ocrx_word' id='word_1_393' title='bbox 433 5290 510 5378; x_wconf 82' lang='lat' dir='ltr'><strong>Ego</strong></span> <span class='ocrx_word' id='word_1_394' title='bbox 532 5290 681 5358; x_wconf 90' lang='lat' dir='ltr'><strong>Ioannes</strong></span> <span class='ocrx_word' id='word_1_395' title='bbox 703 5307 760 5357; x_wconf 90' lang='lat' dir='ltr'><strong>mc</strong></span> <span class='ocrx_word' id='word_1_396' title='bbox 781 5285 987 5380; x_wconf 84' lang='lat' dir='ltr'><strong>subscripsi.</strong></span> 
     </span>
    </p>
   </div>
   <div class='ocr_carea' id='block_1_4' title="bbox 0 0 2729 7108">
    <p class='ocr_par' dir='ltr' id='par_1_4' title="bbox 0 0 2729 7108">
     <span class='ocr_line' id='line_1_33' title="bbox 0 0 2729 7108; baseline 0 0"><span class='ocrx_word' id='word_1_397' title='bbox 0 0 2729 7108; x_wconf 95' lang='lat' dir='ltr'><strong> </strong></span> 
     </span>
    </p>
   </div>
  </div>
 </body>
</html>
