5456 7096
607 549 679 624 ubo
1247 547 1421 622 conix
1455 544 1725 620 cliniis-ts

559 780 645 848 ante
667 779 861 867 subscripti
885 779 1021 848 idoneis
1043 776 1206 847 homines
1229 792 1292 861 per
1315 771 1579 856 convenientia,
1604 788 1712 856 quam
1735 773 1772 837 et
1793 786 1857 855 per
1879 763 2073 834 iussionem
2105 756 2223 828 domni
2257 755 2417 828 theodori

556 932 757 1003 venerabili
781 935 951 1020 episcopi,
976 931 1021 1002 ad
1044 929 1277 1000 laborandum
1300 931 1336 998 et
1358 925 1610 1014 pastinandum
1635 923 1765 992 tradidi
1790 921 1892 990 nobis
1914 934 2051 987 cosmas
2074 913 2215 984 abbatis
2240 913 2417 982 monaste.

557 1086 605 1155 rii
632 1089 746 1158 sancti
771 1085 893 1173 angeli
918 1091 954 1156 et
976 1091 1098 1156 sancte
1122 1085 1219 1170 solie,
1243 1079 1439 1150 constructi
1462 1079 1562 1148 intus
1584 1080 1679 1146 hanc
1702 1075 1961 1198 salernitanam
1984 1067 2185 1152 ciuitatem,
2200 1064 2325 1132 inclita
2342 1061 2417 1131 clu·

555 1241 659 1308 suria
675 1239 719 1306 de
743 1243 841 1308 terra
864 1257 943 1306 cum
968 1239 1116 1306 arbusto
1138 1242 1174 1304 et
1197 1237 1324 1304 bacum
1346 1249 1419 1301 uno
1442 1231 1600 1300 leniente
1629 1228 1667 1294 ln
1701 1223 1927 1314 pertinentiis
1961 1187 2205 1308 suprascripto
2243 1219 2418 1302 monaste-

555 1391 609 1460 rio
631 1390 731 1462 inira
755 1391 843 1458 fines
866 1389 1090 1460 salernitana
1114 1389 1153 1456 in
1178 1387 1292 1456 locum
1315 1382 1546 1470 campiliano,
1559 1382 1620 1448 ubi
1639 1378 1845 1448 maurintisi
1862 1375 2010 1460 dicitur,
2027 1391 2094 1459 per
2109 1369 2253 1440 asflnes
2267 1373 2304 1437 et
2319 1385 2416 1436 men·

555 1541 690 1612 aurias:
714 1542 758 1610 de
782 1560 854 1610 una
877 1545 978 1628 parte
1001 1541 1072 1608 fine
1095 1541 1154 1608 via
1178 1537 1334 1625 puplica3
1359 1536 1441 1603 inde
1464 1534 1546 1603 abet
1568 1496 1663 1618 passi
1687 1525 2036 1618 quadragintamum
2053 1529 2097 1595 ¹et
2112 1523 2164 1592 :de
2194 1521 2309 1592 tribus
2334 1539 2419 1608 par·

555 1698 653 1769 tibus
678 1698 748 1766 ilne
774 1695 886 1782 ipsius
908 1693 1130 1777 monasterii3
1148 1695 1191 1763 et
1213 1692 1259 1758 ab
1285 1708 1356 1758 una
1379 1691 1481 1776 parte
1504 1689 1587 1757 abet
1620 1687 1717 1773 passi
1747 1684 1990 1773 quamag'mln
2031 1699 2122 1765 sen3
2145 1683 2190 1748 iet
2223 1676 2267 1744 de
2303 1673 2414 1790 teriia

555 1855 659 1938 parte
683 1852 765 1920 abet
788 1850 882 1936 passi
906 1844 1164 1934 trigintarium
1187 1847 1224 1911 et
1246 1843 1289 1911 de
1311 1847 1479 1929 quartam
1501 1859 1657 1926 namque
1679 1842 1781 1927 parte
1804 1836 1971 1904 similiter
2002 1835 2085 1903 abet
2113 1830 2219 1918 passi
2257 1827 2415 1915 triginta

555 2005 624 2072 duo
647 2005 856 2071 mensurata
878 2002 923 2070 ad
947 2017 1052 2087 passu
1075 2000 1220 2068 iustum.
1247 1999 1319 2064 Hec
1342 1998 1461 2066 autem
1482 1993 1643 2081 prediola
1667 1997 1764 2061 terra
1786 2008 1848 2077 per
1871 1988 1962 2076 ipsis
1996 1984 2073 2054 suis
2109 1979 2301 2054 mansoriis
2328 1999 2416 2050 ,oum

557 2160 633 2228 vioe
658 2157 702 2225 de
724 2160 783 2228 via
806 2174 871 2225 sua
894 2154 996 2220 nobis
1018 2149 1148 2222 tradidi
1172 2150 1246 2237 ipse
1269 2165 1405 2218 cosmas
1428 2147 1537 2216 abbas
1560 2144 1625 2214 tali
1647 2146 1790 2220 tinore,
1820 2146 1860 2211 ut
1889 2139 2015 2210 amodo
2038 2143 2075 2208 et
2108 2153 2246 2223 semper
2279 2151 2345 2203 nos
2372 2137 2416 2202 ct

555 2319 697 2383 nostros
719 2312 842 2380 eredes
866 2311 947 2378 illut
970 2283 1166 2390 teneamus,
1190 2309 1226 2372 ot
1248 2305 1346 2370 lobee
1368 2305 1404 2368 et
1426 2315 1547 2367 omnes
1568 2305 1688 2368 nostre
1711 2296 1881 2366 utilitatis
1906 2296 1956 2363 ibi
1979 2295 2157 2364 iaciamus
2182 2293 2280 2361 iusta
2304 2289 2417 2363 ratio.

555 2485 613 2552 ne,
641 2468 775 2552 etipse
798 2481 949 2532 vacuum
974 2463 1199 2548 pastcnemus
1222 2459 1408 2526 arbustum
1430 2455 1474 2522 de
1497 2456 1588 2522 bono
1611 2452 1773 2539 vilenco,
1791 2455 1833 2520 ret
1856 2449 1980 2522 amodo
2015 2451 2052 2518 ct
2081 2465 2198 2536 usque
2221 2445 2416 2516 duodecim

554 2618 648 2688 anni
670 2615 835 2702 completi
861 2614 1030 2683 abeamus
1053 2612 1127 2697 ipso
1147 2627 1300 2678 uacuum
1324 2610 1550 2696 pastenatum
1568 2608 1609 2673 et
1631 2610 1781 2691 surium,
1805 2604 1898 2672 sicut
1922 2602 2018 2671 locus
2039 2601 2118 2690 ipro
2141 2601 2184 2670 de
2214 2605 2414 2670 tantosan-

555 2789 620 2839 nos
642 2769 827 2854 meruerit,
851 2773 886 2835 et
908 2750 982 2834 totu
1005 2765 1084 2851 ipsa
1100 2759 1320 2832 ‹tradictione
1342 2759 1550 2829 annualiter
1573 2763 1657 2845 apto
1681 2763 1837 2845 tempore
1864 2758 2065 2828 laboremus
2079 2761 2125 2826 ret
2148 2756 2345 2826 studiemus
2364 2753 2416 2820 ule

553 2921 664 3009 super
689 2926 725 2990 et
748 2920 791 2988 de
814 2920 949 3003 subter,
974 2919 1066 2986 sicut
1088 2916 1270 2999 meruerit,
1294 2917 1334 2980 ut
1356 2930 1494 3000 semper
1511 2912 1640 2979 bonum
1658 2915 1784 3000 pareat
1799 2910 2001 2981 laboratum
2018 2917 2054 2981 et
2070 2912 2257 2999 nullatum,
2277 2919 2416 3000 etqua·

555 3067 639 3143 liter
665 3071 836 3160 perficiad
861 3074 896 3138 et
920 3087 991 3136 non
1014 3066 1213 3154 disperead,
1237 3069 1273 3133 et
1295 3068 1390 3131 omni
1414 3068 1571 3150 tempore
1596 3081 1704 3130 unum
1722 3063 1765 3132 de
1788 3063 1889 3131 nobis
1912 3061 1962 3130 ibi
1986 3063 2170 3151 resideat,
2206 3068 2243 3134 et
2274 3064 2412 3136 clusum

556 3225 645 3296 illut
667 3225 838 3294 abeamus
862 3221 955 3290 unde
979 3222 1161 3306 meruerit,
1184 3223 1221 3288 et
1242 3219 1386 3287 arbores
1409 3221 1445 3284 ol
1469 3217 1558 3284 vites
1579 3216 1711 3286 ibidem
1735 3215 1937 3302 plantemus
1958 3218 1996 3286 et
2019 3219 2297 3306 propaginemus
2310 3269 2320 3305 ,
2349 3215 2415 3286 ubi

556 3342 755 3464 meruerit,¹
769 3382 808 3446 ut
832 3394 969 3463 semper
992 3373 1123 3442 ibidem
1146 3373 1340 3461 perlectum
1365 3373 1550 3441 arbustum
1573 3371 1742 3440 abeamus
1763 3370 1919 3440 rnatum
1940 3372 1978 3438 et
2001 3361 2228 3459 hoparatum,
2259 3376 2296 3440 et
2320 3390 2414 3441 sem-

560 3515 624 3622 per
648 3534 691 3602 de
715 3533 792 3602 aire
817 3531 917 3600 etde
943 3527 1120 3599 vindemie
1143 3527 1316 3598 iaciamus
1336 3526 1430 3594 scire
1452 3543 1536 3612 pars
1559 3524 1692 3594 exdicti
1717 3525 1934 3612 monasterii,
1958 3528 2006 3592 ut
2030 3523 2080 3593 ibi
2104 3523 2243 3613 dirigat
2261 3527 2414 3594 missum

556 3706 674 3774 suum3
701 3692 736 3755 et
759 3687 881 3755 omnia
904 3703 972 3771 que
994 3685 1046 3752 ibi
1069 3683 1377 3768 seminaberimus,
1401 3680 1524 3748 demus
1547 3678 1629 3748 inde
1652 3677 1773 3765 ibique
1794 3679 1843 3746 ad
1865 3696 1955 3747 area
1979 3681 2190 3748 terraticum
2217 3679 2415 3748 secundum

558 3840 851 3908 consuetudinem
875 3837 917 3906 do
938 3837 1055 3923 ipsum
1080 3834 1268 3920 locum31et
1292 3835 1406 3920 ipsum
1422 3835 1615 3902 arbustum
1639 3837 1674 3901 et
1699 3851 1800 3918 poma
1823 3851 1891 3919 que
1907 3834 1966 3901 ibi
1990 3835 2144 3920 abuerit,
2175 3841 2260 3922 apto
2283 3842 2416 3922 tempo-

557 4011 597 4062 re
621 3992 797 4061 faclamus
819 3989 920 4060 salba
942 3993 979 4056 et
1002 3987 1263 4056 rationabiliter
1288 3985 1367 4052 illut
1391 3987 1660 4072 vindemiemm,
1685 3991 1721 4054 et
1742 3990 1820 4054 iola
1855 3989 1932 4074 ipsa
1966 4004 2071 4074 poma
2106 3994 2142 4056 et
2167 3989 2292 4056 vinum
2317 3989 2413 4075 quod

559 4145 641 4216 inde
665 4145 809 4231 exierit,
834 4143 1036 4212 dividamus
1059 4145 1179 4229 ibique
1203 4141 1248 4209 ad
1274 4140 1490 4226 palmentum
1515 4158 1577 4226 per
1605 4139 1842 4208 medietatem.
1881 4142 1927 4208 Et
1952 4141 2031 4226 ipsa
2065 4158 2134 4209 sua
2169 4142 2340 4210 medietas
2373 4143 2416 4212 (le

559 4301 633 4386 ipso
658 4299 781 4366 vinum
804 4263 1018 4384 reponamus
1042 4295 1160 4381 ibique
1183 4295 1221 4362 in
1245 4311 1439 4380 organeum
1461 4292 1553 4379 quod
1578 4293 1678 4359 nobis
1702 4292 1957 4379 assiguaberit,
1982 4294 2074 4380 quod
2090 4311 2153 4380 por
2167 4311 2231 4361 nos
2250 4295 2322 4364 fiad
2338 4315 2415 4364 om-

557 4451 597 4520 ni
621 4455 779 4538 tempore
804 4451 919 4536 ipsum
942 4465 1139 4535 organeum
1164 4447 1293 4513 bonum
1317 4443 1512 4513 studiatum
1536 4449 1572 4513 el
1596 4448 1806 4532 conuictum,
1831 4447 2064 4516 olfaciamus
2088 4447 2335 4536 illulsalbum,
2355 4449 2416 4517 do·

558 4624 625 4674 nec
649 4607 726 4692 ipso
748 4603 872 4671 vinum
897 4602 980 4669 iude
1003 4600 1117 4688 tollat,
1141 4602 1273 4686 absque
1298 4598 1381 4686 igne
1403 4603 1441 4668 et
1465 4602 1570 4684 gente
1595 4600 1775 4687 pubbllca3
1793 4606 1828 4670 et
1844 4601 2099 4687 palmenlatlca
2116 4600 2196 4671 inde
2209 4602 2348 4689 demus,
2366 4603 2415 4671 si·

560 4764 622 4829 cut
645 4759 832 4841 meruerit;
856 4761 893 4826 et
914 4757 1031 4842 ipsum
1054 4758 1199 4823 missum
1217 4739 1258 4823 'et
1279 4773 1405 4822 ecuurn
1428 4773 1531 4822 suum
1554 4756 1707 4840 nutrire,
1731 4757 1824 4823 sicut
1846 4756 1978 4824 iustum
2002 4757 2125 4842 fuerit,
2157 4761 2192 4824 et
2215 4757 2337 4825 omnia
2362 4759 2415 4827 sa·

558 4913 697 4980 ciamus
720 4912 758 4980 in
784 4914 886 4998 parte
909 4909 1019 4996 ipsius
1043 4907 1263 4993 monasterii,
1287 4905 1441 4992 qualiter
1465 4909 1604 4976 iaciunt
1626 4907 1690 4976 alii
1713 4913 1890 4978 cortesani
1913 4912 1975 4994 qui
2006 4910 2049 4977 de
2085 4909 2159 4978 suis
2197 4911 2303 4978 rebus
2331 4907 2416 4979 reti·

559 5067 667 5150 nunt,
690 5068 726 5131 et
748 5062 843 5130 omni
868 5069 1023 5149 tempore
1048 5061 1153 5128 liceat
1176 5080 1260 5146 pars
1284 5061 1396 5146 ipsius
1420 5062 1608 5130 monasteri
1635 5063 1855 5148 perquirere,
1879 5064 1908 5128 si
1928 5080 1999 5129 nou
2016 5065 2108 5130 esset
2126 5063 2218 5130 bona
2233 5065 2411 5148 hoperata

559 5217 641 5303 ipsa
666 5216 895 5302 tradictione,
919 5219 955 5284 et
978 5185 1060 5283 inde
1084 5214 1190 5283 liceat
1212 5216 1402 5301 pignerare
1426 5215 1604 5299 usquead
1629 5213 1751 5300 legem3
1775 5220 1810 5282 et
1833 5214 1938 5302 quale
1963 5219 2122 5302 tempore
2154 5215 2201 5283 da
2236 5217 2304 5303 ipsi
2329 5216 2413 5284 duo-

558 5367 677 5440 decim
701 5368 789 5438 arini
814 5369 987 5436 inantea
1010 5373 1131 5435 tenore
1156 5365 1372 5436 voluerimus
1396 5369 1473 5454 ipsa
1496 5370 1615 5454 rebus,
1640 5369 1835 5438 liceatnos
1859 5367 1949 5435 inde.
1963 5369 2065 5436 exire
2093 5387 2173 5436 cum
2197 5375 2321 5439 nostra
2339 5387 2417 5454 uno·

562 5523 650 5592 bilia
674 5523 765 5610 quod
789 5525 920 5592 iustum
946 5523 1066 5610 suerit,
1090 5529 1127 5592 et
1150 5525 1204 5592 ire
1228 5523 1287 5590 ubi
1313 5522 1542 5591 noluerimus.
1567 5526 1717 5592 Tantum
1732 5521 2093 5610 ipsiusassignemus
2130 5523 2208 5610 ipsa
2243 5527 2347 5591 curte
2369 5521 2415 5592 ud

558 5697 648 5768 pars
671 5677 786 5764 ipsius
809 5677 1017 5746 monasterii
1042 5677 1141 5746 clusa
1164 5681 1200 5746 et
1222 5681 1410 5764 pastenata
1434 5681 1470 5745 et
1493 5678 1680 5763 imperata,
1702 5675 1795 5746 siout
1815 5693 1927 5761 supra
1949 5676 2106 5746 diximus
2130 5696 2211 5745 cum
2229 5679 2417 5764 ipsumroo·

561 5849 719 5917 ganeum
742 5831 939 5918 salbum-et
956 5851 1041 5900 cum
1058 5831 1219 5901 reditum
1242 5839 1278 5901 et
1302 5831 1533 5918 pulmentum.
1551 5831 1654 5902 unde
1679 5831 1716 5899 in
1738 5829 1928 5900 rectinere
1950 5849 2018 5918 ¹per
2047 5831 2302 5902 convenientia
2317 5849 2419 5917 *gum-
