5456 7096
1005 533 1457 628 orruouarrous
2039 551 2109 626 loa

305 783 373 849 bus
396 745 554 868 predicte
578 779 726 850 ecclesie
749 780 792 849 de
816 782 892 868 ipso
918 778 1043 848 locum:
1070 779 1114 848 ad
1140 779 1214 865 ipso
1238 778 1445 848 costitutum
1469 776 1627 846 remittet
1652 775 1755 844 nobis
1780 777 1859 864 ipsa
1894 778 1999 844 rebus
2033 777 2087 846 vel
2121 777 2160 844 in

308 954 393 1025 pars
416 936 576 1020 predicte
600 935 760 1020 ecclesie,
785 933 987 1004 faciendum
1010 933 1103 1021 quod
1127 932 1356 1016 noluerimus,
1381 935 1417 1001 et
1440 931 1556 1018 ipsum
1581 933 1731 1000 missum
1766 935 1952 1017 nostrum,
1989 931 2073 999 dum
2111 932 2160 999 ibi

307 1089 449 1158 steterit
473 1107 537 1176 pro
560 1089 636 1176 ipso
659 1088 881 1176 terraticum,
908 1085 989 1156 illut
1011 1087 1045 1155 ei
1069 1085 1209 1155 nutrire
1234 1084 1426 1154 secundum
1452 1104 1554 1154 suam
1578 1085 1887 1172 possibilitatc,et
1910 1102 1975 1153 nos
2000 1083 2083 1152 illut
2107 1101 2163 1152 66-

308 1261 389 1310 rum
413 1241 636 1310 defensemus
660 1259 770 1327 usque
794 1239 869 1327 ipso
892 1237 1099 1308 costitutum
1124 1240 1170 1308 da
1194 1239 1309 1306 omnis
1331 1241 1466 1308 omines
1490 1257 1571 1307 oum
1596 1239 1675 1306 bice
1698 1238 1740 1306 de
1763 1237 1822 1306 bia
1845 1257 1920 1308 sua.
1947 1239 1990 1308 de
2008 1255 2082 1325 qua
2098 1256 2163 1324 per

310 1398 403 1466 bona
428 1395 692 1463 combenientia
715 1394 850 1480 guadia
873 1391 961 1461 mihi
985 1391 1059 1478 ipse
1084 1392 1282 1460 romoaldus
1305 1391 1385 1460 dedi
1409 1394 1446 1459 et
1469 1409 1541 1459 una
1565 1408 1646 1457 cum
1670 1390 1816 1458 ioannes
1840 1387 1916 1456 thio
1948 1393 1984 1457 61
2015 1388 2165 1461 adboca-

310 1553 423 1618 torem
448 1567 565 1636 suurn,
590 1553 626 1615 ct
648 1547 877 1615 mediatorem
902 1544 989 1613 mihi
1014 1551 1208 1631 posuerunt
1233 1545 1421 1615 ferrandus
1443 1543 1593 1612 clericus
1616 1543 1711 1611 illius
1733 1542 1910 1628 quondam
1945 1543 2093 1630 aczoni3
2129 1549 2164 1612 61

309 1719 371 1790 per
398 1703 476 1786 ipsa
498 1701 633 1787 guadia
656 1698 830 1786 obligavit
852 1717 890 1766 se
913 1701 949 1765 et
972 1715 1052 1764 suos
1076 1698 1219 1782 eredes,
1246 1699 1347 1765 nobis
1371 1698 1425 1766 vel
1450 1698 1487 1764 in
1512 1713 1596 1783 pars
1621 1694 1778 1782 predicte
1801 1695 1976 1782 ecclesio,
2005 1697 2044 1763 ut
2067 1695 2099 1762 si
2123 1693 2166 1762 de

310 1855 459 1940 omnia,
482 1872 551 1940 que
574 1853 739 1940 superius
762 1850 920 1938 legitur,
947 1851 1049 1918 nobis
1071 1868 1142 1916 non
1168 1849 1417 1936 adimpleberit
1440 1853 1475 1918 et
1499 1849 1630 1935 aliquit
1666 1848 1748 1916 inde
1784 1847 2074 1935 contradisserit,
2102 1866 2164 1934 per

314 2005 393 2094 ipsa
417 2008 554 2095 guadia
576 2013 660 2077 ante
685 2007 876 2092 subscripti
902 2008 1008 2074 testes
1030 2023 1236 2092 componere
1259 2002 1434 2090 obligavit
1457 2021 1494 2072 se
1516 2004 1618 2071 nobis
1640 2003 1700 2069 1116
1722 2006 1759 2070 61
1781 2019 1862 2070 6666
1893 1999 2014 2070 eredes
2048 2001 2168 2070 decem

309 2162 395 2248 auri
420 2160 549 2229 solidos
572 2162 803 2246 costantinos‚
827 2163 863 2228 61
887 2176 956 2226 666
978 2161 1121 2226 brebem
1145 2157 1270 2245 scripsi
1295 2176 1360 2244 ego
1384 2158 1586 2228 romoaldus
1609 2157 1770 2227 notarius

363 2284 395 2402 †
421 2314 497 2400 Ego
519 2313 683 2382 alderissi
707 2312 871 2381 notarius
895 2331 951 2380 me
974 2311 1166 2380 subscribsi

370 2441 401 2558 †
425 2471 500 2556 Ego
523 2469 730 2539 smaracdus
754 2469 916 2538 notarius
940 2485 995 2534 me
1018 2465 1223 2534 subscribsi.

1026 2720 1451 2736 W

1113 3017 1384 3100 CMXLII·

1100 3281 1156 3356 A.
1182 3281 1236 3355 D.
1263 3279 1390 3355 1039.

371 3489 406 3630 †
432 3543 472 3608 ln
496 3538 641 3606 nomine
664 3537 798 3605 domini
824 3537 990 3604 vicesimo
1014 3535 1129 3623 primo
1154 3555 1250 3605 anno
1272 3534 1496 3623 principatus
1518 3533 1651 3604 salerni
1676 3535 1796 3604 domni
1825 3537 1940 3604 nostri
1976 3534 2174 3622 guaimarii

326 3695 477 3786 gloriosi
502 3692 689 3780 principis,
713 3696 749 3758 et
776 3692 890 3776 primo
914 3707 1009 3759 anno
1032 3688 1255 3775 principatus
1277 3687 1354 3754 eius
1375 3706 1487 3775 capue
1510 3687 1620 3756 etiam
1641 3691 1677 3756 61
1699 3687 1844 3754 ducatui
1872 3683 2019 3770 amalfi,
2055 3702 2175 3751 mense

326 3850 462 3934 ioniae,
486 3849 639 3933 septima
663 3843 869 3912 indictione.
897 3842 1186 3908 memoratorium
1211 3839 1307 3908 tactu
1332 3858 1354 3906 a
1376 3837 1480 3905 nobis
1505 3836 1751 3925 maghenoltus
1767 3837 1940 3921 presbiter
1958 3839 1994 3903 et
2010 3835 2179 3904 cardina·

324 4002 372 4068 lis
393 4004 430 4068 et
455 4001 629 4068 iohannes
653 3995 904 4080 subdiaconus,
928 4011 969 4061 66
992 3992 1086 4079 quod
1109 3995 1194 4059 ante
1218 3988 1438 4076 presentiam
1462 3986 1582 4092 domni
1609 3987 1711 4054 alteri
1747 3987 1963 4054 venerabilis
1997 3987 2176 4058 archidia-

326 4171 440 4222 conus
463 4157 500 4222 et
524 4150 801 4237 archipresbiter
824 4153 860 4214 et
884 4147 992 4213 abbas
1016 4143 1165 4212 ecclesie
1190 4142 1304 4210 sancti
1328 4139 1491 4226 maximi,
1516 4139 1578 4226 qui
1602 4141 1656 4206 est
1681 4155 1791 4204 unum
1816 4136 1859 4204 de
1880 4137 2031 4206 dominii
2065 4137 2179 4226 ipsius

330 4305 492 4392 ecclesie,
517 4308 554 4372 et
578 4303 712 4372 ibidem
734 4301 874 4371 adesset
899 4303 1040 4366 amatus
1064 4294 1173 4363 iudex
1198 4291 1389 4362 advocator
1414 4293 1527 4378 ipsius
1551 4287 1699 4358 ecclesie
1723 4291 1759 4356 et
1781 4287 1865 4356 aliis
1887 4288 2034 4373 ydoneis
2066 4293 2179 4359 homi-

331 4461 456 4546 nibus,
481 4478 543 4546 per
571 4457 796 4545 largiebatem
820 4460 856 4523 et
880 4449 1137 4522 absolutionem
1155 4448 1265 4533 ipsius
1282 4445 1401 4512 domni
1418 4441 1541 4513 abbati
1559 4447 1594 4510 et
1609 4460 1672 4528 pro
1690 4445 1790 4528 parte
1807 4441 1922 4529 ipsius
1938 4441 2085 4511 ecclesie
2102 4403 2179 4513 116-

332 4610 490 4680 didimus
514 4611 645 4680 ialconi
670 4608 743 4676 filio
768 4606 945 4694 quondam
973 4601 1118 4671 iohanni
1143 4597 1305 4682 ballensi,
1330 4595 1392 4682 qui
1416 4597 1645 4680 nuncupatus
1666 4593 1736 4661 fuit
1764 4612 1994 4682 sarracenus,
2022 4613 2180 4682 611666-

327 4765 388 4832 eia
410 4763 453 4832 de
477 4768 576 4832 terra
599 4781 679 4830 cum
695 4761 852 4831 arbustis
867 4755 989 4844 vitatis
1006 4753 1244 4840 pertinentem
1259 4749 1372 4836 ipsius
1388 4747 1546 4824 66616616,
1564 4747 1657 4833 quod
1674 4749 1756 4815 abet
1781 4746 1819 4812 in
1843 4747 1957 4814 locum
1973 4754 2098 4816 sancto
2115 4767 2181 4835 cy-

329 4917 419 5004 1166,
444 4916 506 4984 ubi
529 4915 672 5002 proprio
695 4912 741 4980 ad
765 4909 874 4980 airole
897 4907 1042 4994 dicitur,
1067 4904 1158 4991 quod
1181 4921 1245 4970 nos
1270 4905 1370 4989 pater
1394 4905 1430 4969 et
1452 4900 1547 4968 tilius
1571 4902 1609 4967 in
1633 4899 1844 4968 beneficium
1868 4903 2068 4969 tenemusa
2092 4919 2177 4988 pars

330 5072 442 5156 ipsius
465 5067 628 5153 ecclesie,
652 5070 688 5134 et
711 5063 794 5132 olim
820 5064 925 5128 rebus
950 5060 1026 5147 ipsa
1050 5060 1175 5128 offerta
1197 5056 1265 5124 tuit
1289 5055 1327 5120 in
1346 5053 1422 5140 ipsa
1438 5052 1587 5122 eeclesia
1609 5071 1672 5138 661
1698 5051 1844 5138 quidam
1867 5051 2106 5122 roctelmanus
2133 5055 2173 5122 li·

330 5226 402 5294 lius
426 5223 649 5309 ildeprandi,
676 5227 712 5288 et
734 5224 788 5288 est
810 5219 888 5304 ipsa
910 5217 1025 5302 peoia,
1049 5213 1139 5300 quod
1163 5213 1196 5280 ei
1220 5210 1446 5297 tradidimus,
1471 5209 1566 5279 intra
1581 5210 1647 5277 has
1664 5208 1751 5276 fines
1766 5213 1802 5277 et
1817 5227 2017 5279 mensuras:
2042 5211 2085 5279 de
2103 5229 2177 5280 una

331 5381 435 5465 parte
459 5379 530 5446 tine
553 5376 613 5444 bia
637 5393 705 5462 que
729 5369 901 5440 discernit
924 5369 1017 5436 inter
1041 5369 1106 5434 hec
1131 5368 1236 5434 rebus
1257 5368 1293 5432 61
1309 5365 1414 5432 rebus
1431 5361 1701 5450 archiepiscopii
1728 5361 1953 5451 salernitani,
1982 5367 2067 5430 sunt
2090 5362 2173 5430 inde

336 5533 428 5620 passi
454 5530 718 5617 quinquaginta
734 5529 877 5608 septem
896 5521 938 5590 de
955 5519 1029 5588 alia
1052 5525 1154 5607 parte
1177 5520 1247 5586 tine
1270 5519 1473 5605 supradicte
1496 5516 1655 5604 ecclesie,
1681 5518 1764 5586 inde
1788 5521 1882 5604 passi
1913 5518 2034 5588 decem
2059 5523 2184 5588 61116-

334 5685 425 5752 bem:
451 5681 493 5751 de
517 5679 716 5767 611666116
741 5680 811 5746 fine
837 5673 1004 5743 similiter
1029 5675 1140 5761 ipsius
1164 5671 1324 5756 ecclesie,
1349 5670 1431 5738 inde
1454 5669 1549 5756 passi
1574 5669 1706 5756 biginti
1732 5689 1807 5739 sex:
1827 5671 1870 5740 de
1886 5670 1960 5739 alia
1976 5688 2060 5740 vero
2076 5675 2178 5759 parte

334 5836 406 5904 fine
428 5833 526 5920 polu,
551 5831 645 5900 unde
668 5831 728 5899 bia
751 5833 818 5916 est,
845 5833 888 5896 et·
903 5826 1132 5895 coniuniente
1157 5825 1194 5890 in
1219 5822 1425 5910 supradicta
1448 5824 1523 5892 alia
1546 5824 1607 5892 bia
1631 5821 1714 5891 inde
1727 5825 1822 5910 passi
1840 5825 2051 5911 octuaginta
2072 5823 2183 5911 quad·
