5456 7096
1213 504 1400 582 CODEX
1438 502 1732 581 CAVENSIS

1330 941 1598 1025 CMLXII.

1312 1239 1368 1312 A.
1394 1237 1448 1312 D.
1475 1232 1601 1311 1040.

581 1475 617 1616 †
641 1527 682 1592 In
706 1527 850 1594 nomine
873 1525 1007 1593 domini
1032 1523 1197 1592 vicesimo
1218 1523 1376 1592 secunde
1394 1541 1488 1592 anno
1511 1525 1734 1609 principatus
1751 1522 1870 1589 domni
1890 1519 2003 1588 nostri
2020 1518 2207 1608 guaimari
2227 1519 2306 1587 eius
2329 1537 2386 1587 sa-

541 1679 649 1769 lerni,
673 1663 887 1748 et'secundo
909 1695 1006 1747 anno
1028 1680 1106 1748 eius
1129 1695 1253 1765 capue,
1276 1675 1427 1763 glorioso
1450 1672 1625 1762 principe,
1650 1693 1758 1760 quam
1782 1647 1819 1742 et
1840 1671 1995 1740 secundo
2019 1689 2114 1740 anno
2132 1669 2287 1740 ducatus
2307 1669 2386 1740 eius

544 1829 666 1900 amalfi
690 1836 726 1900 et
753 1836 926 1918 sorrentu,
951 1849 1070 1899 mense
1096 1831 1215 1916 iulius,
1239 1831 1365 1898 octaba
1387 1829 1592 1896 indictione.
1621 1828 1770 1914 Ideoque
1806 1842 1873 1914 ego
1908 1829 2038 1913 putans
2073 1825 2169 1893 iilius
2205 1825 2385 1914 quondam

541 1985 690 2054 iohanni
715 1981 838 2052 clerici
863 1985 906 2052 de
930 1983 1044 2052 locum
1067 1982 1226 2069 nucerie,
1250 1981 1293 2050 de
1316 1985 1408 2050 siout
1422 1982 1531 2049 miehi
1548 1999 1744 2068 congruum
1761 1983 1827 2066 est,
1844 1997 1935 2048 vona
1950 1981 2081 2048 etenim
2098 1997 2178 2048 mee
2204 1979 2387 2050 voluntate
2430 2073 2439 2092 θ

536 2150 601 2220 per
624 2134 719 2202 ench
745 2132 920 2202 cartulam
946 2137 1030 2200 ante
1054 2132 1188 2200 idoneis
1211 2133 1388 2200 ominibus
1411 2135 1516 2200 testes
1539 2131 1791 2218 benumdedit,
1825 2131 1940 2219 adque
1971 2129 2015 2200 ad
2037 2105 2176 2217 semper
2205 2129 2383 2200 abendon

537 2285 707 2353 confirmo
731 2285 795 2352 tivi
820 2281 1031 2358 machenolfi
1054 2283 1126 2352 filio
1150 2283 1326 2370 quondam
1349 2283 1561 2353 maohenolfl
1583 2284 1626 2352 de
1641 2285 1764 2352 eodem
1780 2283 1895 2353 locum
1910 2283 2056 2353 nucerie
2073 2283 2200 2355 inclita
2216 2289 2385 2371 quartam

537 2439 641 2520 parte
665 2435 708 2503 de
733 2453 807 2504 una
830 2437 929 2521 pecie
951 2435 995 2504 de
1017 2440 1116 2504 terra
1139 2453 1218 2502 cum
1242 2433 1510 2525 abellanietum,
1535 2438 1630 2546 quod
1649 2455 1715 2524 ego
1737 2441 1823 2508 abeo
1841 2441 1879 2508 in
1903 2437 2112 2507 tamdictum
2137 2437 2252 2505 locum
2276 2455 2390 2507 nuce·

535 2586 593 2658 rie
619 2605 767 2674 asuper
790 2592 953 2656 sanetum
977 2589 1114 2674 priscu,
1139 2590 1200 2654 ubi
1225 2587 1270 2656 ad
1295 2589 1449 2675 pucianu
1474 2595 1510 2658 et
1532 2589 1738 2659 catalubulu
1763 2589 1909 2680 dicitur,
1926 2593 1963 2658 et
1978 2594 2032 2658 est
2046 2593 2146 2659 terra
2170 2591 2329 2676 ipseper
2347 2604 2388 2658 as

537 2735 630 2804 flnes
655 2740 690 2803 et
713 2754 910 2804 mensuras:
936 2736 979 2805 de
1002 2737 1089 2824 pede
1111 2759 1133 2808 a
1156 2758 1239 2824 pars
1263 2738 1458 2806 occidentis
1482 2745 1553 2835 dne
1576 2744 1640 2809 tua
1662 2737 1810 2826 predicti
1836 2739 2059 2828 machenold,
2083 2741 2166 2809 inde
2183 2745 2268 2810 sunt
2290 2717 2393 2829 passi

535 2887 714 2958 tridecim:
744 2908 766 2956 a
788 2909 873 2976 pars
897 2891 1044 2960 meridie
1067 2897 1104 2960 et
1120 2845 1305 2960 'indefine
1327 2896 1406 2980 tua,
1430 2898 1514 2962 sunt
1538 2893 1620 2960 inde
1645 2894 1740 2980 passi
1764 2892 1887 2961 decem
1910 2898 1946 2962 et
1970 2897 2115 2979 septem:
2135 2875 2258 2980 a'pars
2272 2893 2391 2962 orien-

536 3043 584 3110 tis
612 3044 683 3112 fine
707 3048 831 3120 sancte
855 3045 981 3119 marie,
1008 3044 1090 3112 inde
1114 3049 1198 3113 abet
1221 3044 1312 3129 passi
1336 3045 1637 3130 quadtuordeoim:
1663 3068 1685 3116 a
1710 3067 1793 3134 pars
1817 3047 2082 3148 septemtrionis
2108 3047 2178 3116 fine
2193 3047 2237 3114 de
2261 3047 2384 3118 eredes

538 3199 633 3266 mari
658 3197 831 3268 iamireda
854 3203 890 3267 et
914 3198 995 3266 inde
1019 3197 1112 3285 passi
1139 3198 1442 3287 quadtuordecim,
1467 3203 1578 3268 toturn
1602 3199 1647 3269 ad
1672 3201 1762 3268 iusto
1785 3218 1927 3288 passum
1951 3201 2086 3284 homiui
2115 3204 2169 3270 est
2199 3219 2386 3274 mensura·

536 3355 627 3420 tum.
662 3354 727 3420 hec
753 3368 834 3418 rero
858 3353 965 3418 rebus
989 3369 1051 3438 per
1076 3349 1242 3421 iamdicte
1265 3351 1348 3420 finis
1369 3357 1405 3420 et
1428 3353 1606 3422 mensurie
1629 3373 1709 3422 oum
1732 3355 1851 3424 omnia
1873 3357 1968 3424 intro
1991 3373 2028 3424 se
2050 3355 2240 3424 abentihus
2271 3355 2386 3425 omni·

536 3503 681 3590 busque
707 3502 781 3572 suis
797 3501 1047 3602 pertinentiis,
1070 3507 1106 3571 et
1129 3521 1211 3571 cum
1230 3505 1305 3572 vice
1328 3505 1371 3572 de
1396 3505 1455 3576 via
1477 3525 1543 3576 sua
1566 3506 1662 3576 infra
1685 3507 1842 3596 predicte
1866 3507 1949 3577 ilnis
1972 3511 2009 3576 et
2039 3508 2221 3576 mensurio
2259 3507 2388 3578 inclita

536 3660 706 3744 quartam
731 3659 844 3743 parte,
871 3657 908 3723 in
933 3673 1017 3743 pars
1041 3655 1233 3725 occidentis
1256 3658 1427 3726 ooniunta
1450 3659 1495 3727 ed
1519 3659 1589 3728 fine
1611 3665 1686 3738 tue,
1703 3661 1768 3729 tihi
1789 3661 1956 3730 iamdicto
1974 3659 2183 3730 machonolfi
2197 3660 2389 3730 henumde-

538 3808 609 3894 dit,
625 3763 686 3878 'ad
712 3810 885 3877 securiter
909 3813 945 3876 et
970 3808 1121 3877 firmiter
1144 3807 1268 3878 amodo
1290 3813 1326 3877 et
1349 3828 1486 3898 semper
1508 3765 1788 3901 eninr'tempore
1804 3812 2050 3883 antistandum
2068 3818 2104 3882 et
2119 3814 2385 3902 possidendum,

541 3958 802 4028 dominandum
827 3965 867 4026 tu
890 3959 1014 4044 tuique
1038 3959 1226 4027 heredibus
1250 3959 1329 4028 illut
1351 3979 1409 4029 eos
1430 3963 1618 4050 abendum,
1642 3971 1678 4034 et
1701 3965 1903 4035 faciendum
1926 3965 2046 4036 omnia
2068 3966 2161 4054 quod
2185 3965 2388 4053 volueritis,
2500 3995 2503 4004 ·

537 4116 620 4183 sine
645 4119 741 4184 omni
758 4133 850 4200 mea
875 4119 911 4182 et
932 4114 975 4181 de
998 4115 1086 4183 meis
1108 4115 1297 4183 heredibus
1319 4121 1382 4184 aut
1404 4115 1569 4201 cuiquam
1583 4073 1785 4186 hominihus
1797 4117 2086 4187 contrarietatem
2104 4117 2159 4186 vel
2185 4119 2393 4205 requisitio·

536 4285 632 4337 nem.
676 4269 774 4338 Unde
798 4288 861 4357 pro
884 4268 1164 4339 confirmandam
1189 4275 1226 4336 et
1249 4269 1497 4340 stavilisoenda
1518 4272 1721 4358 supradicta
1744 4291 1823 4342 mea
1846 4231 2060 4360 conditione,
2085 4293 2107 4342 a
2131 4277 2308 4360 presentis
2333 4293 2389 4344 re-

546 4423 626 4512 oepi
657 4443 680 4494 a
704 4429 739 4494 te
762 4425 823 4511 qui
848 4442 956 4512 supra
979 4424 1220 4493 machenolsus
1242 4427 1408 4492 emtorem
1432 4375 1546 4490 meum
1570 4427 1741 4492 statutum
1764 4426 1931 4512 pretium,
1956 4425 1968 4491 i
1991 4430 2075 4495 sunt
2096 4427 2176 4495 auri
2206 4426 2281 4496 tari
2307 4427 2391 4496 boni

544 4574 614 4645 duo
643 4578 683 4644 in
707 4593 809 4645 omne
831 4576 1099 4663 deliberatione,
1123 4578 1216 4646 siout
1239 4577 1331 4645 inter
1355 4576 1455 4643 nobis
1478 4576 1663 4644 combenit:
1690 4575 1861 4663 finitoque
1884 4594 1966 4645 vero
1989 4578 2144 4664 pretium
2161 4561 2391 4666 ipsum'aput
2410 4629 2425 4645 .

521 4747 617 4800 ‘nos
643 4749 723 4802 eam
748 4733 903 4818 ratione,
926 4731 968 4799 de
992 4709 1153 4818 qua'ego
1176 4730 1363 4839 iamdictus
1386 4733 1507 4816 petrus
1529 4747 1621 4798 vona
1644 4747 1723 4798 mea
1747 4731 1927 4797 voluntate
1951 4727 2086 4816 guadia
2108 4728 2172 4798 tivi
2202 4727 2384 4815 predictus

550 4881 800 4950 maohenolsus
815 4879 926 4968 dedit,
950 4885 986 4950 et
1008 4880 1202 4949 mediatore
1225 4881 1292 4949 tibi
1314 4882 1431 4967 posuit
1448 4833 1627 4948 ¹iohannes
1649 4877 1771 4964 pipula
1794 4877 1890 4944 filius
1912 4877 2090 4962 quondam
2114 4878 2235 4966 sergi5
2265 4883 2302 4948 et
2324 4897 2389 4966 per

550 5034 628 5121 ipsa
658 5034 793 5122 guadia
816 5033 935 5122 obligo
951 5052 1007 5101 me
1030 5039 1065 5102 et
1089 5034 1178 5101 meis
1200 5032 1389 5100 heredibus
1410 5031 1534 5100 amodo
1555 5035 1592 5098 et
1614 5046 1751 5114 semper
1782 5025 2027 5096 antistandum
2060 5035 2097 5096 et
2129 5028 2386 5098 defensandum

545 5189 616 5255 tivi
642 5186 767 5276 tuique
792 5186 983 5255 heredibus
1006 5190 1080 5254 tota
1103 5189 1140 5252 et
1163 5181 1288 5252 inclita
1311 5185 1555 5270 suprascripta
1578 5199 1657 5250 mea
1673 5179 1872 5248 vinditione
1888 5179 1934 5248 da
1949 5197 2070 5250 omnes
2084 5181 2259 5269 homines,
2278 5181 2393 5250 omni·

551 5351 623 5424 que
651 5337 832 5424 pertibus,
857 5343 892 5403 et
915 5335 943 5400 si
969 5333 1092 5403 taliter
1116 5333 1236 5428 pmnia
1253 5334 1495 5418 suprascripta
1519 5331 1598 5401 illut
1621 5331 1687 5400 tivi
1711 5332 1836 5418 tuique
1859 5329 2050 5406 heredibus
2065 5348 2136 5398 non
2152 5330 2388 5400 defensaberi·

555 5505 651 5564 mus,
678 5495 742 5560 ant
766 5488 794 5556 si
821 5507 887 5575 rgo
910 5485 965 5555 rel
989 5487 1077 5554 meis
1099 5483 1287 5553 heredibus
1311 5482 1392 5553 illut
1413 5483 1467 5552 rei
1490 5485 1620 5554 exinde
1643 5487 1741 5553 vobis
1765 5487 1961 5572 vestrisque
1981 5483 2171 5552 heredibus
2187 5484 2310 5552 tollere
2324 5487 2391 5552 aut

549 5646 717 5710 contrare
740 5639 976 5728 quesierimus
999 5657 1063 5726 per
1085 5638 1213 5726 quahis
1239 5638 1451 5725 rationibus
1477 5639 1554 5710 ideo
1577 5659 1641 5727 per
1664 5642 1872 5728 supradicta
1894 5637 2032 5728 guadia
2047 5636 2165 5726 obligo
2181 5643 2284 5708 meet
2302 5638 2391 5708 meis

549 5793 740 5862 heredibus
762 5795 806 5862 ad
831 5792 1109 5880 componendum
1133 5792 1197 5861 tivi
1222 5792 1343 5879 tuique
1366 5793 1556 5862 heredibus
1579 5793 1695 5863 decem
1723 5793 1806 5862 auri
1831 5789 1964 5861 solidos
1988 5792 2235 5862 constantines
2258 5796 2293 5860 et
2307 5809 2392 5879 que-
