5402 7088
1012 552 1422 628 [lllJLOllATlCUS
2055 558 2100 630 27

290 773 409 862 mari,
434 776 471 840 et
494 771 611 859 petri,
636 778 672 840 et
693 775 840 862 lasani,
865 779 1028 866 germani
1052 779 1119 846 filii
1142 780 1318 867 quondam
1341 781 1432 866 petri
1457 799 1672 864 maerorem,
1692 779 1818 848 inclita
1845 781 2033 850 medietate
2058 757 2165 850 casa

290 942 384 1010 mea,
410 923 567 1010 qualiter
590 927 691 994 modo
714 929 878 998 conciata
900 936 936 999 et
958 931 1123 1000 edificata
1145 927 1231 999 abeo
1255 931 1353 998 intus
1377 932 1521 1001 castello
1546 932 1588 1000 de
1613 933 1773 1018 nucerie,
1797 932 1979 1018 quodiam
2004 937 2087 1000 ante
2109 949 2147 1000 os
2210 965 2214 974 ·

292 1093 406 1144 annos
430 1077 509 1162 ipsa
532 1078 723 1148 medietate
744 1053 825 1168 ¹ipsa
846 1101 930 1152 casa
953 1084 1135 1170 tingatum
1158 1087 1258 1170 abeo,
1283 1085 1476 1158 sicutalia
1499 1090 1617 1152 vestra
1633 1086 1775 1154 cartula
1791 1084 1959 1152 continet.
1986 1087 2030 1152 Et
2045 1086 2138 1172 ldeo,

292 1228 388 1295 sicut
412 1229 500 1296 mibi
524 1247 723 1316 congruum
747 1250 813 1300 exe
837 1232 1002 1318 videtur,
1025 1237 1110 1302 ante
1135 1234 1200 1318 ipsi
1226 1235 1377 1321 predicti
1403 1237 1579 1306 iudicibus
1601 1243 1637 1306 et
1659 1239 1724 1306 alii
1751 1242 1859 1326 testes
1886 1256 1949 1324 per
1974 1255 2042 1320 auc
2066 1255 2145 1305 ear·

293 1385 407 1452 tulam
432 1385 723 1454 venumdedimus
745 1387 861 1474 adque
884 1388 930 1458 ad
952 1407 1089 1474 semper
1105 1367 1282 1458 abendum
1299 1390 1587 1457 confirmavimus
1610 1392 1707 1458 vobis
1722 1389 1959 1477 suprascripti
1976 1390 2144 1476 germani
2170 1439 2174 1452 .

205 1579 209 1587 ·
292 1542 371 1605 tota
394 1543 431 1605 et
455 1538 582 1606 inclita
607 1539 795 1608 medietate
820 1541 899 1628 ipsa
925 1542 1084 1629 predicta
1108 1559 1190 1610 casa
1215 1541 1257 1608 de
1281 1543 1377 1609 intus
1401 1544 1476 1631 ipso
1500 1542 1655 1628 predicto
1678 1541 1835 1627 castelle,
1860 1541 1953 1610 sicut
1968 1543 2139 1627 diximuS,

297 1687 389 1774 quod
416 1689 497 1756 illut
521 1690 621 1757 vobis
643 1693 826 1778 tingatum
851 1693 949 1762 vobis
972 1697 1130 1762 abemus.
1157 1695 1256 1764 Unde
1278 1696 1484 1782 nullamque
1507 1698 1607 1764 nobis
1630 1697 1761 1765 exinde
1778 1654 2052 1785 reservavimus,
2076 1704 2143 1784 set,

295 1841 390 1910 sicut
413 1843 587 1930 diximus,
610 1850 687 1914 tota
709 1851 745 1932 et
771 1847 898 1916 inclita
922 1849 999 1935 ipsa
1024 1848 1216 1918 medietate
1241 1849 1319 1935 ipsa
1346 1867 1428 1919 casa
1451 1849 1530 1917 illut
1552 1849 1650 1916 vobis
1674 1849 1977 1936 venumdedimus,
2003 1856 2039 1919 et
2062 1852 2145 1919 reli-

295 2012 365 2078 qua
388 1997 579 2066 medietate
603 1999 681 2085 ipsa
703 2018 789 2069 casa
811 2000 893 2069 illut
916 2001 1017 2068 vobis
1039 2001 1255 2070 venumdata
1278 2003 1424 2069 abemus
1448 2002 1545 2067 vobis
1568 2019 1631 2086 per
1655 2001 1759 2068 firma
1783 2003 1947 2088 cartula,
1972 2004 2032 2070 ubi
2065 2005 2143 2092 ipsa

293 2146 432 2232 reliqua
456 2151 644 2220 medietate
668 2154 766 2220 vobis
790 2155 969 2242 tingatum
992 2157 1137 2223 abemus
1159 2155 1221 2240 qui
1239 2152 1339 2219 modo
1363 2153 1661 2239 confirmavimus,
1686 2153 1731 2219 ad
1746 2155 1919 2222 securiter
1936 2159 1972 2222 et
1988 2135 2140 2224 d'rmiter
2190 2251 2192 2254 Ι

292 2301 416 2368 enredo
439 2307 474 2369 et
498 2320 636 2389 semper
659 2305 757 2372 vobis
774 2304 970 2391 vestrisque
992 2304 1157 2372 eredibus
1173 2303 1255 2372 illut
1270 2303 1460 2391 alendum,
1485 2305 1752 2390 dominandum,
1775 2306 2041 2396 possidendum,
2066 2328 2142 2376 om-

289 2406 352 2521 nia
375 2455 507 2524 exinde
533 2457 735 2524 laciendum
759 2459 851 2544 quod
875 2457 1071 2544 volueritis
1096 2454 1230 2544 absque
1253 2459 1351 2524 omni
1374 2464 1496 2526 nostra
1519 2462 1555 2526 et
1578 2457 1620 2525 de
1645 2460 1775 2525 nostris
1798 2459 1987 2546 eredibus,
2013 2461 2067 2528 vel
2090 2462 2134 2530 de

289 2608 455 2694 cuiquam
481 2610 659 2678 ominibus
684 2611 939 2680 contrarietate
963 2613 1016 2678 vel
1041 2610 1297 2697 requisitione3
1330 2616 1365 2677 et
1388 2627 1451 2696 pro
1473 2610 1754 2679 confirmandam
1778 2616 1814 2678 et
1849 2613 2137 2684 staviliscendam

289 2779 357 2829 anc
381 2767 502 2832 nostra
527 2731 745 2830 bindictione
768 2785 791 2833 a
813 2766 991 2850 presentis
1014 2765 1213 2850 recepimus
1231 2784 1253 2832 a
1269 2763 1366 2828 vobis
1389 2762 1624 2848 suprascripti
1640 2765 1818 2852 germani,
1837 2764 1847 2831 i
1866 2772 1951 2834 sunt
1967 2767 2048 2836 auri
2065 2769 2137 2837 tari

288 2913 369 2980 voni
393 2932 455 2999 per
479 2932 665 2982 numerum
690 2933 755 2983 sex
778 2917 817 2982 in
840 2915 954 2984 omnis
977 2877 1261 3006 deliveratione,
1286 2914 1378 2979 sicut
1403 2915 1498 2980 inter
1521 2913 1623 2981 nobis
1646 2916 1854 3002 comvenit;
1879 2918 2020 2986 finitum
2053 2939 2140 3016 vero

287 3065 443 3150 pretium
469 3067 582 3152 ipsum
607 3063 694 3154 aput
717 3085 808 3153 nos,
833 3068 876 3135 de
898 3087 971 3153 qua
993 3086 1058 3154 ego
1081 3067 1310 3154 supradictus
1333 3068 1472 3134 cicerus
1496 3085 1559 3152 per
1588 3085 1678 3137 vona
1713 3069 1974 3138 comvenientia
2008 3071 2143 3157 guadia

289 3219 386 3286 vobis
421 3219 654 3314 suprascripti
689 3220 853 3306 germani
890 3219 1075 3305 dedimus,
1101 3225 1138 3286 et
1162 3217 1396 3286 mediatorem
1433 3218 1533 3284 vobis
1557 3221 1738 3304 posuimus
1761 3224 1899 3290 cicerus
1923 3223 2145 3306 caeapiecola

287 3371 381 3438 filius
411 3373 589 3457 quondam
612 3373 686 3440 ursi
710 3372 753 3440 de
780 3373 854 3458 ipso
877 3371 1033 3458 predicto
1069 3371 1184 3437 locum
1222 3369 1368 3456 falana3
1394 3375 1431 3438 et
1459 3390 1521 3456 per
1546 3371 1625 3458 ipsa
1648 3373 1771 3464 eadem
1796 3375 1930 3460 guardia
1953 3375 2071 3462 obligo
2091 3395 2147 3442 me

286 3524 323 3589 et
338 3524 425 3590 meis
441 3523 605 3592 eredibus
629 3524 751 3593 amodo
775 3529 811 3592 et
832 3541 970 3609 semper
987 3520 1233 3588 antistandum
1257 3523 1294 3587 et
1309 3519 1565 3588 defensandum
1589 3523 1657 3589 tivi
1682 3523 1807 3606 tuique
1830 3524 1996 3592 eredibus
2020 3528 2147 3598 inclita

207 3721 213 3730 .
288 3675 368 3760 ipsa
391 3677 633 3762 suprascripta
658 3680 781 3742 nostra
804 3673 1025 3742 vindictione
1050 3673 1096 3740 da
1120 3689 1243 3739 omnes
1266 3669 1403 3755 omines
1426 3670 1593 3758 omnique
1617 3674 1791 3761 partibus,
1809 3695 1890 3743 oum
1907 3676 1985 3744 bice
1997 3678 2042 3796 de
2065 3678 2144 3765 ipsa

285 3824 434 3913 platea,
458 3831 495 3894 et
517 3846 598 3894 cum
622 3825 758 3894 anditis
780 3826 880 3912 suis,
904 3829 941 3893 et
964 3843 1045 3892 cum
1077 3823 1242 3891 sericidio
1278 3823 1316 3888 in
1351 3841 1414 3890 suo
1439 3823 1663 3894 decurrente.
1702 3827 1797 3902 Quod
1822 3829 1853 3896 si
1878 3825 2143 3900 talitcr'omnia

285 3981 531 4066 suprascripta
554 3979 635 4046 illut
657 3980 755 4046 vobis
780 3959 978 4065 vestrisque
1001 3977 1165 4051 eredibus
1190 3995 1261 4044 non
1284 3978 1587 4046 defensaverimus
1610 3985 1646 4049 et
1671 3980 1714 4049 de
1738 3982 1982 4070 suprascripta
2004 3991 2145 4056 contra·

287 4131 515 4218 dixerimus,
539 4136 626 4198 tunc
658 4149 722 4215 per
756 4147 849 4196 vona
884 4129 1146 4196 comvenientia
1181 4145 1388 4215 componere
1424 4128 1541 4216 obligo
1565 4150 1620 4198 me
1643 4149 1710 4218 ego
1733 4133 1795 4218 qui
1820 4151 1929 4220 supra
1951 4135 2087 4203 cicerus
2110 4140 2146 4204 et

285 4288 375 4355 meis
398 4285 565 4354 eredibus
582 4287 627 4353 ad
645 4283 926 4370 componendum
953 4284 1050 4349 vobis
1074 4281 1307 4370 suprascripti
1325 4280 1503 4368 germani,
1528 4281 1583 4348 vel
1608 4283 1652 4350 ad
1677 4255 1804 4351 vestris
1827 4285 2004 4372 eredibus,
2028 4290 2064 4353 et
2085 4286 2142 4353 cui

285 4442 424 4512 cartula
458 4443 527 4511 ista
562 4441 637 4509 vice
672 4445 793 4508 vestra
817 4440 855 4506 in
880 4457 1026 4506 manum
1058 4437 1246 4524 paruerit,
1272 4436 1404 4523 viginti
1441 4437 1524 4504 auri
1561 4438 1666 4506 solidi
1702 4439 1946 4526 constantini,
1971 4447 2028 4527 et,
2052 4443 2145 4509 sicut

284 4592 448 4680 superius
479 4593 636 4680 legitur,
662 4611 724 4679 per
749 4583 884 4658 imvitis
922 4588 1001 4656 illut
1025 4587 1124 4655 vobis
1159 4588 1408 4674 defensemus,
1432 4595 1468 4656 et
1491 4591 1629 4674 questio
1652 4597 1687 4659 et
1711 4569 1871 4661 causatio
1894 4598 2016 4660 nostra
2040 4593 2142 4662 etde

285 4747 418 4814 nostris
443 4747 607 4815 eredibus
631 4742 826 4822 sitexinde
843 4742 955 4810 tacita
972 4745 1007 4808 et
1024 4743 1150 4809 bacua.
1169 4742 1214 4807 Et
1229 4739 1352 4811 taliter
1368 4743 1522 4812 seribere
1546 4743 1777 4830 brogavimus
1794 4749 1827 4814 te
1845 4751 1966 4830 petrus
1989 4745 2144 4814 clericus

284 4908 320 4970 et
343 4902 518 4986 notarius,
543 4904 662 4968 aetum
686 4897 770 4964 uius
792 4897 953 4963 nuceria.
1852 4871 1862 4892 '

332 5003 368 5143 ἰ’
393 5057 467 5142 Ego
491 5055 552 5141 qui
576 5072 686 5138 supra
712 5053 905 5120 lambertus
929 5053 1039 5121 iudex

333 5179 364 5295 †
388 5209 462 5294 Ego
485 5207 548 5294 qui
573 5226 682 5294 supra
705 5210 827 5293 petrus

330 5332 361 5446 †
385 5361 460 5446 Ego
484 5365 625 5429 amatus

333 5483 363 5598 †
387 5515 462 5600 Ego
484 5512 714 5600 guisenollus.
