5402 7088
605 500 652 577 ls
1250 510 1426 587 consil
1458 515 1728 593 CAVENSIS

564 725 728 798 abellane
751 729 920 820 colligere
942 737 978 804 et
1002 753 1144 806 seccare
1171 735 1217 806 ad
1242 737 1322 826 ipsa
1346 737 1471 810 domus
1493 759 1572 830 sua,
1597 746 1633 842 et
1654 741 1820 815 dividant
1844 743 1919 834 ipse
1942 744 2106 816 abellane
2130 765 2212 816 cum
2236 747 2312 837 ipso
2334 751 2419 820 mis·

559 899 643 990 suum
668 881 778 953 tollad
803 884 888 956 inde
911 885 1057 957 tertiam
1079 855 1194 977 parte,
1219 895 1254 960 et
1281 887 1432 964 illis‘vel
1456 898 1532 966 suis
1554 849 1721 966 eredibus
1744 897 1846 968 tollat
1868 899 2080 990 due‘sorlis,
2106 905 2142 972 el
2165 902 2240 992 ipso
2272 903 2417 974 missum

560 1037 701 1107 notrirc
725 1038 919 1108 secuudum
936 1059 1002 1109 sua
1017 1040 1309 1133 possivilitatem3
1334 1050 1453 1133 etque
1475 1047 1599 1117 amodo
1622 1053 1659 1119 ct
1682 1068 1820 1138 semper
1845 1052 1894 1120 ibi
1912 1052 2185 1141 seminaberint,
2202 1053 2314 1122 deant
2331 1053 2415 1125 inde

569 1187 779 1256 annualiter
802 1187 847 1258 ad
872 1209 961 1277 pars
980 1191 1093 1278 ipsius
1115 1193 1264 1264 ecclesie
1287 1197 1495 1266 terraticum
1518 1201 1715 1270 secundum
1738 1203 2030 1274 consuetudinem
2054 1206 2098 1275 de
2122 1203 2197 1294 ipso
2222 1207 2352 1295 locum3
2379 1209 2416 1278 et

566 1338 677 1426 quale
698 1345 856 1429 ternpore
881 1342 954 1414 illis
975 1349 1012 1415 et
1036 1347 1111 1416 suis
1133 1350 1298 1418 eredibus
1325 1349 1372 1419 da
1401 1353 1469 1441 ipsi
1502 1353 1793 1440 quadtuordecim
1825 1356 1914 1425 anni
1946 1357 2116 1429 inantea
2140 1360 2219 1446 ipsa
2243 1357 2414 1430 tradictio
2468 1437 2476 1452 ‚

568 1495 692 1562 tenere
715 1500 752 1564 et
775 1495 939 1568 lavorare
961 1513 1034 1567 non
1059 1499 1250 1590 boluerinl,
1275 1503 1437 1574 inclitum
1461 1505 1543 1576 illut
1567 1473 1764 1580 l'avoratum
1787 1514 1825 1578 el
1847 1511 2024 1580 collatum
2048 1512 2237 1582 remittant
2251 1512 2296 1585 ad
2314 1517 2411 1602 pote-

560 1653 657 1720 state
681 1649 795 1739 ipsius
818 1653 979 1725 ecclesie.
998 1633 1092 1726 unde
1115 1675 1179 1745 pro
1203 1659 1326 1730 taliter
1348 1637 1411 1766 petr
1435 1681 1526 1732 vona
1549 1647 1797 1734 convenientia
1820 1684 1884 1753 pro
1908 1685 1993 1753 pars
2015 1670 2052 1736 et
2068 1665 2146 1736 vice
2170 1666 2283 1756 ipsius
2298 1669 2408 1738 eccle·

558 1799 613 1869 sie
636 1802 774 1890 guadia
795 1806 899 1874 nobis
922 1807 992 1894 ipsi
1008 1810 1184 1879 nominati
1206 1811 1374 1900 gaiderisi
1399 1818 1435 1884 et
1450 1817 1542 1886 mari
1566 1816 1754 1907 dederunt,
1777 1822 1813 1888 et
1836 1819 2068 1890 mediatorem
2091 1819 2194 1890 nobis
2210 1825 2407 1905 posueruut

558 1955 717 2025 ruscinio
741 1958 813 2027 illio
839 1959 989 2028 iohanni
1022 1962 1065 2030 de
1089 1964 1205 2031 locum
1235 1967 1478 2055 barbaciano,
1510 1973 1546 2038 et
1576 1989 1640 2057 per
1671 1988 1763 2040 vona
1794 1971 2054 2042 comveuicntia
2083 1992 2145 2059 per
2173 1973 2251 2061 ipsa
2273 1973 2436 2063 guadia-

558 2108 816 2198 obligaverunt
839 2131 878 2180 se
901 2116 947 2206 et
960 2115 1036 2183 suis
1058 2115 1243 2204 eredibus3
1268 2119 1359 2204 quod
1382 2122 1413 2186 si
1430 2121 1552 2190 taliter
1574 2125 1695 2193 omnia
1718 2129 1965 2213 suprascripta
1989 2125 2034 2196 ad
2057 2144 2142 2213 pars
2166 2128 2282 2214 ipsius
2305 2128 2415 2198 eccle-

566 2259 619 2332 sie
643 2281 715 2365 non
738 2265 1015 2354 adimpleverint
1037 2271 1073 2337 ct
1097 2267 1229 2356 aliquit
1252 2271 1334 2340 iude
1357 2275 1540 2343 remobere
1562 2281 1628 2346 aut
1651 2280 1824 2347 contrare
1850 2277 2059 2367 quesierint,
2084 2297 2147 2368 per
2170 2299 2264 2352 vona
2286 2298 2414 2350 convo-

568 2417 709 2488 nientia
732 2438 796 2506 per
820 2385 897 2508 ipsa
921 2423 1058 2510 guadia
1082 2441 1292 2512 componere
1314 2424 1565 2515 obligaberunt
1586 2447 1624 2497 se
1646 2433 1682 2498 et
1703 2431 1779 2498 suis
1804 2430 1969 2499 enodibus
1992 2431 2038 2501 ad
2055 2452 2139 2521 pars
2163 2433 2276 2522 ipsius
2298 2434 2413 2506 ¹eccle·

556 2573 612 2643 sie
638 2572 791 2659 triginta
814 2574 896 2642 auri
920 2575 1049 2643 solidos
1073 2577 1369 2666 costantinianos,
1392 2580 1485 2667 quod
1508 2581 1635 2669 scripsi
1659 2600 1726 2671 ego
1749 2583 1953 2655 romoaldus
1975 2581 2152 2656 notarius.

603 2698 634 2815 †
662 2727 737 2814 Ego
760 2726 924 2796 alderissi
949 2731 1111 2798 notarius
1134 2748 1190 2798 mo
1214 2730 1408 2818 subscripsi

599 2856 630 2973 †
655 2883 730 2971 Ego
753 2901 842 2952 urso
864 2901 922 2952 me
944 2884 1151 2971 subscripsi.

1374 3405 1571 3487 CMIII.

1317 3701 1375 3777 A.
1401 3701 1456 3776 D.
1486 3699 1611 3776 1035.

594 3937 631 4078 †
656 3991 864 4058 innomine
897 3987 1034 4057 domini
1056 3989 1180 4057 octabo
1207 3979 1342 4072 decimo
1365 4007 1461 4058 anno
1490 3959 1714 4078 principatus
1744 3987 1864 4056 domni
1895 3985 2010 4057 nostri
2040 3985 2224 4076 guaimari
2249 3983 2402 4072 gloriosi
2527 4085 2532 4092 υ

553 4140 740 4252 principis,
753 4142 820 4210 filil
844 4140 1021 4229 quondam
1036 4139 1155 4210 domni
1171 4113 1351 4229 guaimari
1375 4141 1564 4231 principis,
1581 4159 1700 4213 mense
1722 4141 1920 4230 december,
1937 4131 2070 4229 quarta
2094 4137 2304 4207 indictione.
2323 4136 2396 4204 Me·

546 4299 789 4368 moratorium
812 4297 909 4369 sactu
933 4317 956 4368 a
979 4317 1035 4368 me
1059 4297 1166 4386 ligori
1189 4297 1396 4367 atrianense
1418 4296 1493 4366 filio
1516 4297 1692 4386 quondam
1714 4299 1823 4386 sergi,
1847 4298 1909 4385 qui
1933 4296 2085 4366 bocabat
2108 4292 2331 4382 butrunnilc,
2354 4311 2396 4363 ao

547 4452 641 4541 quod
664 4454 749 4521 ante
771 4450 950 4536 presentia
972 4453 1109 4523 hamati
1134 4450 1247 4520 iudici
1276 4451 1449 4520 coniuntu
1480 4469 1559 4519 sum
1589 4468 1670 4517 cum
1692 4448 1831 4521 catoala
1852 4450 2088 4518 hatrianense
2111 4447 2187 4516 lilia
2210 4445 2391 4534 quondam

544 4603 641 4672 leoni
665 4603 727 4690 qui
751 4605 901 4673 bocabal
922 4603 1117 4692 butruvile,
1132 4605 1169 4672 et
1188 4622 1268 4673 cum
1283 4605 1444 4673 stefanus
1462 4602 1668 4674 atriauensc
1690 4604 1762 4671 lilio
1786 4602 1967 4689 quondam
1989 4603 2099 4689 sergi:
2128 4603 2203 4690 ipse
2229 4601 2391 4672 stefanus

542 4773 609 4844 pro
632 4756 711 4826 vice
734 4775 872 4845 gemma
895 4775 1014 4826 sorore
1038 4776 1104 4827 sua
1127 4777 1195 4844 que
1217 4758 1287 4826 luit
1309 4775 1401 4826 uxor
1437 4758 1533 4846 sergi
1559 4755 1777 4846 atrianensis
1799 4755 1967 4845 germani
1992 4756 2104 4844 ipsius
2128 4754 2277 4844 calcale,
2294 4755 2402 4826 etiam

543 4911 581 4976 et
604 4925 669 4995 pro
692 4909 769 4977 vice
792 4907 968 4979 infantula
991 4913 1118 4997 nepote
1141 4909 1255 4998 ipsius
1270 4909 1400 4979 stelani
1426 4913 1568 4978 nomine
1591 4909 1746 4980 blactulc
1769 4913 1806 4978 ot
1829 4909 1906 4979 lilia
1929 4909 2046 5000 ipsius
2067 4911 2164 4999 sergi
2181 4914 2219 4980 et
2235 4910 2397 4999 predicte

451 5101 453 5108 >
543 5077 697 5149 gemme,
714 5065 856 5149 propter
877 5061 924 5132 ad
939 5061 1167 5133 dividendum
1190 5064 1301 5132 terris
1323 5083 1404 5133 cum
1427 5064 1554 5148 vineis,
1571 5065 1608 5131 et
1633 5059 1827 5150 pomiferis,
1844 5066 1880 5132 et
1904 5065 2010 5132 terris
2033 5065 2171 5150 bacibe,
2190 5061 2284 5150 quod
2299 5079 2393 5132 com·

529 5177 651 5286 'mune
674 5217 822 5286 abemus
846 5219 884 5285 in
909 5216 1023 5287 locum
1047 5219 1125 5288 luco
1141 5221 1213 5308 via,
1230 5221 1290 5288 ubi
1316 5239 1340 5288 a
1362 5217 1400 5286 lu
1422 5217 1582 5285 stainum
1605 5215 1751 5304 dicitur,
1774 5215 1867 5304 quod
1891 5215 1984 5284 mihi
2008 5219 2046 5285 et
2069 5216 2229 5304 predicta
2252 5216 2397 5296 catoala¹

539 5375 577 5440 et
601 5370 714 5459 ipsius
739 5374 834 5460 sergi
858 5373 1034 5460 pertinuit
1056 5392 1119 5461 per
1142 5373 1397 5443 successionem
1421 5371 1509 5440 mihi
1532 5370 1701 5442 iamdicto
1720 5367 1826 5458 ligori
1844 5367 1928 5438 inde
1950 5357 2109 5457 pertinet
2132 5371 2240 5440 abere
2264 5370 2400 5441 medie·

539 5525 640 5608 tate,
664 5526 702 5590 et
725 5523 837 5610 ipsius
860 5522 1000 5594 catoala
1021 5527 1059 5593 et
1081 5523 1239 5612 predicto
1264 5526 1361 5612 sergi
1385 5541 1556 5613 germano
1578 5541 1642 5592 suo
1666 5523 1822 5611 pertinet
1845 5525 1953 5594 abere
1975 5521 2051 5593 alia
2075 5524 2330 5613 medietatem3
2354 5530 2392 5596 et

543 5671 683 5761 statim,
707 5677 797 5745 sicul
820 5679 975 5764 utreque
998 5680 1118 5764 partes
1140 5675 1365 5765 complacuit,
1388 5675 1578 5746 divisimus
1600 5681 1676 5746 tota
1698 5677 1806 5746 rebus
1832 5677 1909 5766 ipsa
1933 5682 1970 5747 et
1992 5678 2142 5747 lecimus
2165 5677 2299 5747 exinde
2322 5677 2391 5748 dua
2442 5659 2446 5666 ⁵

537 5825 660 5912 sortis,
685 5843 759 5895 una
781 5831 874 5896 sorte
897 5827 1047 5896 lecimus
1070 5845 1146 5896 esse
1163 5829 1200 5895 in
1218 5831 1321 5914 parte
1346 5828 1496 5897 orientis
1519 5835 1555 5898 et
1570 5828 1643 5898 elia
1666 5833 1763 5898 sorte
1780 5829 1929 5897 lecimus
1945 5847 2021 5899 esse
2045 5830 2084 5898 in
2099 5835 2206 5918 parte
2228 5813 2392 5902 occiden-
