5406 7090
1000 535 1453 616 DlPLOllllt'l'lGUS
2035 527 2101 600 291

298 771 355 840 ria
377 771 423 841 ad
447 776 612 842 sanetum
636 789 816 862 maurum,
841 771 885 842 ad
908 771 1112 842 habendum
1138 768 1248 856 illam,
1272 768 1367 836 sicut
1390 763 1635 854 supradictum
1659 765 1715 831 est
1737 761 1781 830 de
1796 761 1874 848 ipso
1891 758 1977 829 alio.
2001 757 2047 826 Et
2062 756 2154 826 duas

298 925 456 996 cartulas
482 927 590 996 unius
613 928 763 1017 tenoris,
787 930 881 998 hanc
904 947 1010 1014 quam
1035 927 1102 1014 ipsi
1128 942 1253 994 manso
1275 926 1313 990 et
1335 923 1471 1007 petrus,
1495 918 1579 986 dum
1605 915 1778 1003 vixerint,
1802 915 1973 998 retinent,
2002 909 2065 998 qui
2082 929 2155 980 me-

297 1079 466 1148 dietatem
489 1079 532 1148 de
550 1081 810 1167 ‚suprascriptis
833 1077 954 1146 solidis
978 1077 1045 1164 ipsi
1073 1077 1164 1145 leoni
1189 1074 1378 1160 dederunt,
1402 1079 1438 1141 et
1461 1071 1614 1142 alteram
1638 1089 1748 1158 quam
1772 1087 1856 1156 pars
1880 1068 1993 1155 ipsius
2024 1082 2148 1135 mona·

296 1233 395 1302 storii
421 1235 569 1320 retinet,
594 1241 630 1303 te
654 1233 877 1304 romualdum
902 1233 1085 1300 notarium
1109 1231 1267 1298 scrivere
1291 1228 1446 1316 precepi.

343 1358 372 1474 †
399 1388 473 1488 Ego
496 1389 560 1474 qui
584 1406 695 1474 supra
717 1387 846 1475 godeni
872 1403 989 1453 comes

343 1511 374 1628 †
399 1542 478 1630 Ege
498 1540 561 1627 qui
585 1559 693 1625 supra
717 1541 890 1608 iohannes
914 1538 1024 1609 iudex

344 1662 374 1780 †
401 1694 476 1779 Ego
501 1691 703 1760 romoaldus
725 1711 782 1760 me
805 1689 1002 1778 subscripsi
1085 1663 1089 1668 ⁵

320 1816 374 1933 '†
399 1847 475 1932 Ego
497 1845 661 1915 alderissi
687 1847 850 1915 notarius
875 1864 930 1914 me
952 1845 1162 1932 subscripsi.

341 2001 403 2072 Ad¹
418 2003 550 2069 calcem
572 1983 678 2069 latites
699 2002 849 2071 obortae
871 2002 1029 2088 lepitcr:
1055 2003 1100 2070 Et
1123 2001 1213 2068 duas
1229 2001 1388 2071 cartulas
1405 2003 1512 2072 unius
1529 2001 1681 2090 tenoris,
1698 2004 1793 2070 hanc
1810 2019 1918 2088 quam
1936 1999 2004 2088 ipsi
2022 2017 2147 2070 manso

293 2159 330 2223 et
355 2161 492 2242 petrus,
516 2156 577 2242 qui
601 2157 828 2226 medietatem
855 2157 898 2224 de
922 2137 1180 2243 suprascriptis
1204 2155 1326 2222 solidis
1353 2156 1521 2224 iamdicto
1546 2157 1640 2226 leoni
1664 2155 1869 2244 dederunt,
1895 2155 2087 2243 retinent,
2112 2157 2151 2226 el

250 2375 258 2391 ,
292 2307 447 2378 alteram
471 2327 580 2396 qnam
604 2307 737 2378 retinet
760 2329 845 2397 pars
871 2309 985 2396 ipsius
1012 2308 1237 2396 monasterii,
1255 2313 1290 2377 te
1309 2309 1529 2379 romoaldum
1553 2313 1733 2380 notarium
1750 2311 1813 2398 qui
1831 2309 2044 2397 interfuisti,
2060 2308 2148 2378 seri·

291 2479 372 2530 vere
397 2462 553 2550 precepi.

1129 3087 1303 3168 MLV·

1066 3385 1125 3460 A.
1152 3387 1207 3460 D.
1238 3385 1367 3463 1045.

341 3673 451 3742 Aliud
474 3677 660 3760 ecempzar
676 3677 926 3762 praecedentis
948 3679 1198 3746 lustrucmati.

1000 3995 1427 4012 m

330 4855 585 4921 Summcriom
604 4872 612 4918 r

334 4977 362 5093 †
388 5005 570 5074 vicesimo
595 5011 720 5076 octavo
744 5021 841 5074 anno
865 5005 1098 5092 principatus
1123 5004 1262 5075 Salerni
1288 5005 1488 5076 Guaimarii
1514 5007 1689 5094 principis
1712 5012 1749 5076 et
1752 5054 2093 5079 ..........

283 5161 599 5248 Memoratoriom,
623 5178 694 5248 quo
717 5160 893 5230 lohannes
917 5159 1135 5227 venerabilis
1160 5163 1272 5229 abbas
1298 5161 1506 5229 monasterii
1533 5162 1684 5231 Sanctae
1713 5163 1862 5250 Sophiae
1896 5165 2002 5253 (quod
2034 5167 2142 5238 Grai·

283 5311 396 5381 ferius
419 5332 537 5383 eomes
559 5315 767 5383 construxit
791 5315 946 5397 Salerni)
969 5314 1061 5384 locat
1083 5314 1225 5384 cuidem
1251 5315 1429 5401 Stephano
1449 5319 1565 5386 terras
1590 5318 1765 5386 Nuceriae
1783 5319 1929 5408 positas,
1954 5318 2141 5388 nonnullis

281 5468 454 5534 oneribus
478 5465 731 5555 adimplendis.

330 5621 441 5688 Finis
466 5621 600 5688 textus.
627 5619 723 5697 Quod
749 5620 877 5707 scripsi
901 5638 968 5709 ego
990 5623 1115 5709 petrus
1139 5622 1316 5708 presbiter
1340 5627 1375 5691 et
1398 5623 1576 5694 notarius.
