<?xml version="1.0" encoding="UTF-8"?>
<!DOCTYPE html PUBLIC "-//W3C//DTD XHTML 1.0 Transitional//EN"
    "http://www.w3.org/TR/xhtml1/DTD/xhtml1-transitional.dtd">
<html xmlns="http://www.w3.org/1999/xhtml" xml:lang="en" lang="en">
 <head>
  <title>
</title>
<meta http-equiv="Content-Type" content="text/html;charset=utf-8" />
  <meta name='ocr-system' content='tesseract 3.04.00' />
  <meta name='ocr-capabilities' content='ocr_page ocr_carea ocr_par ocr_line ocrx_word'/>
</head>
<body>
  <div class='ocr_page' id='page_1' title='image "./codexdiplomatic04aragoog_0329.png"; bbox 0 0 5406 7090; ppageno 0'>
   <div class='ocr_carea' id='block_1_1' title="bbox 1002 527 2102 615">
    <p class='ocr_par' dir='ltr' id='par_1_1' title="bbox 1002 527 2102 615">
     <span class='ocr_line' id='line_1_1' title="bbox 1002 527 2102 615; baseline -0.008 -2"><span class='ocrx_word' id='word_1_1' title='bbox 1002 533 1423 615; x_wconf 81' lang='lat' dir='ltr'><strong>DIPLOMATICUS</strong></span> <span class='ocrx_word' id='word_1_2' title='bbox 2030 527 2102 606; x_wconf 69' lang='lat'><strong>989</strong></span> 
     </span>
    </p>
   </div>
   <div class='ocr_carea' id='block_1_2' title="bbox 284 758 2152 5770">
    <p class='ocr_par' dir='ltr' id='par_1_2' title="bbox 284 758 2152 5770">
     <span class='ocr_line' id='line_1_2' title="bbox 294 758 2151 856; baseline -0.005 -20"><span class='ocrx_word' id='word_1_3' title='bbox 294 767 528 856; x_wconf 78' lang='lat' dir='ltr'><strong>septuaginta</strong></span> <span class='ocrx_word' id='word_1_4' title='bbox 552 767 644 838; x_wconf 88' lang='lat' dir='ltr'><strong>duo:</strong></span> <span class='ocrx_word' id='word_1_5' title='bbox 670 770 700 836; x_wconf 90' lang='lat' dir='ltr'><strong>A</strong></span> <span class='ocrx_word' id='word_1_6' title='bbox 724 776 826 856; x_wconf 91' lang='lat' dir='ltr'><strong>parte</strong></span> <span class='ocrx_word' id='word_1_7' title='bbox 850 767 1114 856; x_wconf 77' lang='lat' dir='ltr'><strong>septemtrionis</strong></span> <span class='ocrx_word' id='word_1_8' title='bbox 1136 773 1233 856; x_wconf 89' lang='lat' dir='ltr'><strong>passi</strong></span> <span class='ocrx_word' id='word_1_9' title='bbox 1258 765 1413 856; x_wconf 83' lang='lat' dir='ltr'><strong>viginti:</strong></span> <span class='ocrx_word' id='word_1_10' title='bbox 1440 763 1596 850; x_wconf 82' lang='lat' dir='ltr'><strong>Aperte</strong></span> <span class='ocrx_word' id='word_1_11' title='bbox 1619 759 1769 831; x_wconf 90' lang='lat' dir='ltr'><strong>meridie</strong></span> <span class='ocrx_word' id='word_1_12' title='bbox 1793 759 1890 848; x_wconf 83' lang='lat' dir='ltr'><strong>passi</strong></span> <span class='ocrx_word' id='word_1_13' title='bbox 1914 758 2081 848; x_wconf 78' lang='lat' dir='ltr'><strong>triginta.</strong></span> <span class='ocrx_word' id='word_1_14' title='bbox 2105 759 2151 828; x_wconf 81' lang='lat' dir='ltr'><strong>ut</strong></span> 
     </span>
     <span class='ocr_line' id='line_1_3' title="bbox 292 911 2151 1008; baseline -0.006 -18"><span class='ocrx_word' id='word_1_15' title='bbox 292 921 388 992; x_wconf 86' lang='lat' dir='ltr'><strong>dixit</strong></span> <span class='ocrx_word' id='word_1_16' title='bbox 414 941 451 992; x_wconf 90' lang='lat' dir='ltr'><strong>se</strong></span> <span class='ocrx_word' id='word_1_17' title='bbox 475 924 609 993; x_wconf 92' lang='lat' dir='ltr'><strong>habere</strong></span> <span class='ocrx_word' id='word_1_18' title='bbox 634 921 677 992; x_wconf 90' lang='lat' dir='ltr'><strong>de</strong></span> <span class='ocrx_word' id='word_1_19' title='bbox 701 921 855 992; x_wconf 84' lang='lat' dir='ltr'><strong>sedecim</strong></span> <span class='ocrx_word' id='word_1_20' title='bbox 878 921 1042 1008; x_wconf 90' lang='lat' dir='ltr'><strong>partibus</strong></span> <span class='ocrx_word' id='word_1_21' title='bbox 1065 925 1139 990; x_wconf 87' lang='lat' dir='ltr'><strong>tres</strong></span> <span class='ocrx_word' id='word_1_22' title='bbox 1163 925 1282 1008; x_wconf 90' lang='lat' dir='ltr'><strong>partas</strong></span> <span class='ocrx_word' id='word_1_23' title='bbox 1306 919 1349 990; x_wconf 92' lang='lat' dir='ltr'><strong>de</strong></span> <span class='ocrx_word' id='word_1_24' title='bbox 1373 937 1448 990; x_wconf 91' lang='lat' dir='ltr'><strong>una</strong></span> <span class='ocrx_word' id='word_1_25' title='bbox 1471 920 1574 1006; x_wconf 89' lang='lat' dir='ltr'><strong>pecia</strong></span> <span class='ocrx_word' id='word_1_26' title='bbox 1589 916 1633 986; x_wconf 93' lang='lat' dir='ltr'><strong>de</strong></span> <span class='ocrx_word' id='word_1_27' title='bbox 1649 919 1833 1002; x_wconf 87' lang='lat' dir='ltr'><strong>terraque</strong></span> <span class='ocrx_word' id='word_1_28' title='bbox 1848 912 1982 983; x_wconf 89' lang='lat' dir='ltr'><strong>dicitur</strong></span> <span class='ocrx_word' id='word_1_29' title='bbox 2005 911 2050 982; x_wconf 92' lang='lat' dir='ltr'><strong>ad</strong></span> <span class='ocrx_word' id='word_1_30' title='bbox 2066 929 2151 982; x_wconf 87' lang='lat' dir='ltr'><strong>san-</strong></span> 
     </span>
     <span class='ocr_line' id='line_1_4' title="bbox 292 1068 2148 1164; baseline -0.004 -21"><span class='ocrx_word' id='word_1_31' title='bbox 292 1081 388 1144; x_wconf 91' lang='lat' dir='ltr'><strong>ctum</strong></span> <span class='ocrx_word' id='word_1_32' title='bbox 412 1094 642 1164; x_wconf 84' lang='lat' dir='ltr'><strong>marganum,</strong></span> <span class='ocrx_word' id='word_1_33' title='bbox 666 1094 735 1163; x_wconf 91' lang='lat' dir='ltr'><strong>que</strong></span> <span class='ocrx_word' id='word_1_34' title='bbox 760 1079 814 1144; x_wconf 91' lang='lat' dir='ltr'><strong>est</strong></span> <span class='ocrx_word' id='word_1_35' title='bbox 836 1093 899 1162; x_wconf 90' lang='lat' dir='ltr'><strong>per</strong></span> <span class='ocrx_word' id='word_1_36' title='bbox 923 1075 1012 1144; x_wconf 86' lang='lat' dir='ltr'><strong>fines</strong></span> <span class='ocrx_word' id='word_1_37' title='bbox 1035 1077 1071 1142; x_wconf 88' lang='lat' dir='ltr'><strong>et</strong></span> <span class='ocrx_word' id='word_1_38' title='bbox 1094 1091 1306 1144; x_wconf 89' lang='lat' dir='ltr'><strong>mensuras:</strong></span> <span class='ocrx_word' id='word_1_39' title='bbox 1332 1093 1355 1144; x_wconf 90' lang='lat' dir='ltr'><strong>a</strong></span> <span class='ocrx_word' id='word_1_40' title='bbox 1378 1092 1462 1161; x_wconf 91' lang='lat' dir='ltr'><strong>pars</strong></span> <span class='ocrx_word' id='word_1_41' title='bbox 1484 1073 1635 1140; x_wconf 88' lang='lat' dir='ltr'><strong>orientis</strong></span> <span class='ocrx_word' id='word_1_42' title='bbox 1659 1071 1753 1158; x_wconf 88' lang='lat' dir='ltr'><strong>passi</strong></span> <span class='ocrx_word' id='word_1_43' title='bbox 1778 1068 1970 1156; x_wconf 85' lang='lat' dir='ltr'><strong>sexaginta</strong></span> <span class='ocrx_word' id='word_1_44' title='bbox 1993 1072 2089 1137; x_wconf 92' lang='lat' dir='ltr'><strong>octo:</strong></span> <span class='ocrx_word' id='word_1_45' title='bbox 2116 1069 2148 1136; x_wconf 90' lang='lat' dir='ltr'><strong>A</strong></span> 
     </span>
     <span class='ocr_line' id='line_1_5' title="bbox 297 1224 2152 1316; baseline -0.004 -19"><span class='ocrx_word' id='word_1_46' title='bbox 297 1233 402 1316; x_wconf 88' lang='lat' dir='ltr'><strong>parte</strong></span> <span class='ocrx_word' id='word_1_47' title='bbox 426 1227 579 1297; x_wconf 88' lang='lat' dir='ltr'><strong>meridie</strong></span> <span class='ocrx_word' id='word_1_48' title='bbox 603 1228 699 1316; x_wconf 87' lang='lat' dir='ltr'><strong>passi</strong></span> <span class='ocrx_word' id='word_1_49' title='bbox 725 1227 953 1316; x_wconf 89' lang='lat' dir='ltr'><strong>quindecim:</strong></span> <span class='ocrx_word' id='word_1_50' title='bbox 978 1229 1008 1295; x_wconf 98' lang='lat' dir='ltr'><strong>A</strong></span> <span class='ocrx_word' id='word_1_51' title='bbox 1031 1233 1135 1315; x_wconf 89' lang='lat' dir='ltr'><strong>parte</strong></span> <span class='ocrx_word' id='word_1_52' title='bbox 1159 1227 1355 1298; x_wconf 86' lang='lat' dir='ltr'><strong>occidentis</strong></span> <span class='ocrx_word' id='word_1_53' title='bbox 1378 1225 1476 1315; x_wconf 89' lang='lat' dir='ltr'><strong>passi</strong></span> <span class='ocrx_word' id='word_1_54' title='bbox 1492 1225 1685 1313; x_wconf 85' lang='lat' dir='ltr'><strong>sexaginta</strong></span> <span class='ocrx_word' id='word_1_55' title='bbox 1708 1227 1803 1292; x_wconf 92' lang='lat' dir='ltr'><strong>octo:</strong></span> <span class='ocrx_word' id='word_1_56' title='bbox 1830 1224 1978 1308; x_wconf 80' lang='lat' dir='ltr'><strong>Aperte</strong></span> <span class='ocrx_word' id='word_1_57' title='bbox 2000 1224 2152 1307; x_wconf 87' lang='lat' dir='ltr'><strong>septem·</strong></span> 
     </span>
     <span class='ocr_line' id='line_1_6' title="bbox 293 1377 2148 1470; baseline -0.003 -20"><span class='ocrx_word' id='word_1_58' title='bbox 293 1383 421 1450; x_wconf 87' lang='lat' dir='ltr'><strong>trionis</strong></span> <span class='ocrx_word' id='word_1_59' title='bbox 444 1382 516 1449; x_wconf 86' lang='lat' dir='ltr'><strong>fine</strong></span> <span class='ocrx_word' id='word_1_60' title='bbox 540 1381 680 1470; x_wconf 89' lang='lat' dir='ltr'><strong>palude,</strong></span> <span class='ocrx_word' id='word_1_61' title='bbox 706 1381 789 1450; x_wconf 91' lang='lat' dir='ltr'><strong>inde</strong></span> <span class='ocrx_word' id='word_1_62' title='bbox 813 1381 911 1468; x_wconf 90' lang='lat' dir='ltr'><strong>passi</strong></span> <span class='ocrx_word' id='word_1_63' title='bbox 935 1381 1055 1450; x_wconf 87' lang='lat' dir='ltr'><strong>decem</strong></span> <span class='ocrx_word' id='word_1_64' title='bbox 1079 1385 1116 1449; x_wconf 89' lang='lat' dir='ltr'><strong>et</strong></span> <span class='ocrx_word' id='word_1_65' title='bbox 1140 1385 1226 1450; x_wconf 91' lang='lat' dir='ltr'><strong>octo.</strong></span> <span class='ocrx_word' id='word_1_66' title='bbox 1255 1383 1300 1451; x_wconf 88' lang='lat' dir='ltr'><strong>Et</strong></span> <span class='ocrx_word' id='word_1_67' title='bbox 1323 1381 1418 1452; x_wconf 86' lang='lat' dir='ltr'><strong>dixit</strong></span> <span class='ocrx_word' id='word_1_68' title='bbox 1435 1400 1472 1450; x_wconf 89' lang='lat' dir='ltr'><strong>se</strong></span> <span class='ocrx_word' id='word_1_69' title='bbox 1487 1383 1622 1449; x_wconf 90' lang='lat' dir='ltr'><strong>habere</strong></span> <span class='ocrx_word' id='word_1_70' title='bbox 1637 1379 1680 1447; x_wconf 90' lang='lat' dir='ltr'><strong>de</strong></span> <span class='ocrx_word' id='word_1_71' title='bbox 1695 1383 1773 1446; x_wconf 93' lang='lat' dir='ltr'><strong>octo</strong></span> <span class='ocrx_word' id='word_1_72' title='bbox 1789 1377 1952 1466; x_wconf 90' lang='lat' dir='ltr'><strong>partibus</strong></span> <span class='ocrx_word' id='word_1_73' title='bbox 1969 1379 2042 1444; x_wconf 89' lang='lat' dir='ltr'><strong>tres</strong></span> <span class='ocrx_word' id='word_1_74' title='bbox 2064 1395 2148 1462; x_wconf 90' lang='lat' dir='ltr'><strong>par-</strong></span> 
     </span>
     <span class='ocr_line' id='line_1_7' title="bbox 294 1529 2147 1620; baseline -0.002 -20"><span class='ocrx_word' id='word_1_75' title='bbox 294 1533 349 1600; x_wconf 85' lang='lat' dir='ltr'><strong>tes</strong></span> <span class='ocrx_word' id='word_1_76' title='bbox 373 1532 416 1600; x_wconf 92' lang='lat' dir='ltr'><strong>de</strong></span> <span class='ocrx_word' id='word_1_77' title='bbox 440 1535 567 1602; x_wconf 88' lang='lat' dir='ltr'><strong>nobem</strong></span> <span class='ocrx_word' id='word_1_78' title='bbox 592 1533 705 1620; x_wconf 89' lang='lat' dir='ltr'><strong>peciis</strong></span> <span class='ocrx_word' id='word_1_79' title='bbox 728 1531 772 1600; x_wconf 88' lang='lat' dir='ltr'><strong>de</strong></span> <span class='ocrx_word' id='word_1_80' title='bbox 794 1533 905 1601; x_wconf 90' lang='lat' dir='ltr'><strong>terris</strong></span> <span class='ocrx_word' id='word_1_81' title='bbox 926 1549 1008 1600; x_wconf 91' lang='lat' dir='ltr'><strong>cum</strong></span> <span class='ocrx_word' id='word_1_82' title='bbox 1032 1531 1282 1619; x_wconf 86' lang='lat' dir='ltr'><strong>arbustisque</strong></span> <span class='ocrx_word' id='word_1_83' title='bbox 1306 1537 1389 1602; x_wconf 90' lang='lat' dir='ltr'><strong>sunt</strong></span> <span class='ocrx_word' id='word_1_84' title='bbox 1414 1535 1453 1602; x_wconf 89' lang='lat' dir='ltr'><strong>in</strong></span> <span class='ocrx_word' id='word_1_85' title='bbox 1476 1532 1685 1618; x_wconf 85' lang='lat' dir='ltr'><strong>Valentino,</strong></span> <span class='ocrx_word' id='word_1_86' title='bbox 1709 1549 1779 1618; x_wconf 89' lang='lat' dir='ltr'><strong>que</strong></span> <span class='ocrx_word' id='word_1_87' title='bbox 1803 1534 1889 1598; x_wconf 89' lang='lat' dir='ltr'><strong>sunt</strong></span> <span class='ocrx_word' id='word_1_88' title='bbox 1911 1548 1974 1618; x_wconf 89' lang='lat' dir='ltr'><strong>per</strong></span> <span class='ocrx_word' id='word_1_89' title='bbox 1998 1529 2088 1596; x_wconf 83' lang='lat' dir='ltr'><strong>fines</strong></span> <span class='ocrx_word' id='word_1_90' title='bbox 2111 1532 2147 1599; x_wconf 89' lang='lat' dir='ltr'><strong>et</strong></span> 
     </span>
     <span class='ocr_line' id='line_1_8' title="bbox 291 1681 2147 1774; baseline -0.002 -20"><span class='ocrx_word' id='word_1_91' title='bbox 291 1704 491 1756; x_wconf 88' lang='lat' dir='ltr'><strong>mensuras.</strong></span> <span class='ocrx_word' id='word_1_92' title='bbox 518 1688 640 1757; x_wconf 89' lang='lat' dir='ltr'><strong>Prima</strong></span> <span class='ocrx_word' id='word_1_93' title='bbox 663 1687 780 1774; x_wconf 85' lang='lat' dir='ltr'><strong>peria,</strong></span> <span class='ocrx_word' id='word_1_94' title='bbox 804 1687 866 1754; x_wconf 90' lang='lat' dir='ltr'><strong>ubi</strong></span> <span class='ocrx_word' id='word_1_95' title='bbox 884 1685 1026 1754; x_wconf 88' lang='lat' dir='ltr'><strong>dicitur</strong></span> <span class='ocrx_word' id='word_1_96' title='bbox 1049 1683 1257 1772; x_wconf 91' lang='lat' dir='ltr'><strong>portellone:</strong></span> <span class='ocrx_word' id='word_1_97' title='bbox 1284 1689 1314 1752; x_wconf 94' lang='lat' dir='ltr'><strong>A</strong></span> <span class='ocrx_word' id='word_1_98' title='bbox 1338 1690 1440 1772; x_wconf 90' lang='lat' dir='ltr'><strong>parte</strong></span> <span class='ocrx_word' id='word_1_99' title='bbox 1464 1683 1732 1772; x_wconf 88' lang='lat' dir='ltr'><strong>septemtrionis</strong></span> <span class='ocrx_word' id='word_1_100' title='bbox 1755 1684 1851 1771; x_wconf 90' lang='lat' dir='ltr'><strong>passi</strong></span> <span class='ocrx_word' id='word_1_101' title='bbox 1876 1681 2029 1770; x_wconf 87' lang='lat' dir='ltr'><strong>triginta</strong></span> <span class='ocrx_word' id='word_1_102' title='bbox 2052 1682 2147 1751; x_wconf 91' lang='lat' dir='ltr'><strong>duo:</strong></span> 
     </span>
     <span class='ocr_line' id='line_1_9' title="bbox 290 1839 2149 1929; baseline -0.001 -22"><span class='ocrx_word' id='word_1_103' title='bbox 290 1843 446 1926; x_wconf 90' lang='lat' dir='ltr'><strong>Aparte</strong></span> <span class='ocrx_word' id='word_1_104' title='bbox 471 1843 665 1912; x_wconf 89' lang='lat' dir='ltr'><strong>occidentis</strong></span> <span class='ocrx_word' id='word_1_105' title='bbox 688 1845 785 1929; x_wconf 88' lang='lat' dir='ltr'><strong>passi</strong></span> <span class='ocrx_word' id='word_1_106' title='bbox 810 1841 1000 1911; x_wconf 88' lang='lat' dir='ltr'><strong>tredecim:</strong></span> <span class='ocrx_word' id='word_1_107' title='bbox 1027 1843 1056 1909; x_wconf 91' lang='lat' dir='ltr'><strong>A</strong></span> <span class='ocrx_word' id='word_1_108' title='bbox 1082 1845 1186 1927; x_wconf 87' lang='lat' dir='ltr'><strong>parte</strong></span> <span class='ocrx_word' id='word_1_109' title='bbox 1209 1839 1360 1909; x_wconf 89' lang='lat' dir='ltr'><strong>meridie</strong></span> <span class='ocrx_word' id='word_1_110' title='bbox 1384 1841 1480 1928; x_wconf 90' lang='lat' dir='ltr'><strong>passi</strong></span> <span class='ocrx_word' id='word_1_111' title='bbox 1506 1842 1660 1928; x_wconf 83' lang='lat' dir='ltr'><strong>triginta</strong></span> <span class='ocrx_word' id='word_1_112' title='bbox 1691 1847 1776 1909; x_wconf 89' lang='lat' dir='ltr'><strong>tres:</strong></span> <span class='ocrx_word' id='word_1_113' title='bbox 1814 1842 1845 1908; x_wconf 92' lang='lat' dir='ltr'><strong>A</strong></span> <span class='ocrx_word' id='word_1_114' title='bbox 1880 1859 1964 1928; x_wconf 88' lang='lat' dir='ltr'><strong>pars</strong></span> <span class='ocrx_word' id='word_1_115' title='bbox 1997 1839 2149 1908; x_wconf 90' lang='lat' dir='ltr'><strong>orientis</strong></span> 
     </span>
     <span class='ocr_line' id='line_1_10' title="bbox 290 1977 2149 2084; baseline -0.002 -19"><span class='ocrx_word' id='word_1_116' title='bbox 290 1997 386 2084; x_wconf 89' lang='lat' dir='ltr'><strong>passi</strong></span> <span class='ocrx_word' id='word_1_117' title='bbox 411 1995 607 2064; x_wconf 90' lang='lat' dir='ltr'><strong>duodecim.</strong></span> <span class='ocrx_word' id='word_1_118' title='bbox 634 1995 887 2082; x_wconf 81' lang='lat' dir='ltr'><strong>secundaque</strong></span> <span class='ocrx_word' id='word_1_119' title='bbox 911 1995 1041 2064; x_wconf 92' lang='lat' dir='ltr'><strong>dicitur</strong></span> <span class='ocrx_word' id='word_1_120' title='bbox 1066 1994 1340 2065; x_wconf 89' lang='lat' dir='ltr'><strong>melamassana:</strong></span> <span class='ocrx_word' id='word_1_121' title='bbox 1361 1999 1389 2063; x_wconf 94' lang='lat' dir='ltr'><strong>A</strong></span> <span class='ocrx_word' id='word_1_122' title='bbox 1408 2000 1512 2083; x_wconf 90' lang='lat' dir='ltr'><strong>parte</strong></span> <span class='ocrx_word' id='word_1_123' title='bbox 1537 1997 1804 2084; x_wconf 88' lang='lat' dir='ltr'><strong>septemtrionis</strong></span> <span class='ocrx_word' id='word_1_124' title='bbox 1820 1995 1914 2082; x_wconf 91' lang='lat' dir='ltr'><strong>passi</strong></span> <span class='ocrx_word' id='word_1_125' title='bbox 1931 1977 2063 2082; x_wconf 87' lang='lat' dir='ltr'><strong>viginti</strong></span> <span class='ocrx_word' id='word_1_126' title='bbox 2087 2011 2149 2063; x_wconf 86' lang='lat' dir='ltr'><strong>no·</strong></span> 
     </span>
     <span class='ocr_line' id='line_1_11' title="bbox 290 2143 2147 2238; baseline -0.004 -18"><span class='ocrx_word' id='word_1_127' title='bbox 290 2154 381 2220; x_wconf 84' lang='lat' dir='ltr'><strong>bem:</strong></span> <span class='ocrx_word' id='word_1_128' title='bbox 407 2154 437 2217; x_wconf 93' lang='lat' dir='ltr'><strong>A</strong></span> <span class='ocrx_word' id='word_1_129' title='bbox 461 2155 563 2238; x_wconf 89' lang='lat' dir='ltr'><strong>parte</strong></span> <span class='ocrx_word' id='word_1_130' title='bbox 588 2151 739 2219; x_wconf 92' lang='lat' dir='ltr'><strong>orientis</strong></span> <span class='ocrx_word' id='word_1_131' title='bbox 764 2151 861 2237; x_wconf 88' lang='lat' dir='ltr'><strong>passi</strong></span> <span class='ocrx_word' id='word_1_132' title='bbox 885 2149 1051 2219; x_wconf 87' lang='lat' dir='ltr'><strong>sedecim:</strong></span> <span class='ocrx_word' id='word_1_133' title='bbox 1078 2151 1107 2216; x_wconf 89' lang='lat' dir='ltr'><strong>A</strong></span> <span class='ocrx_word' id='word_1_134' title='bbox 1132 2153 1234 2237; x_wconf 90' lang='lat' dir='ltr'><strong>parte</strong></span> <span class='ocrx_word' id='word_1_135' title='bbox 1258 2149 1410 2218; x_wconf 81' lang='lat' dir='ltr'><strong>meridie</strong></span> <span class='ocrx_word' id='word_1_136' title='bbox 1435 2150 1531 2236; x_wconf 91' lang='lat' dir='ltr'><strong>passi</strong></span> <span class='ocrx_word' id='word_1_137' title='bbox 1555 2147 1724 2236; x_wconf 85' lang='lat' dir='ltr'><strong>triginta:</strong></span> <span class='ocrx_word' id='word_1_138' title='bbox 1750 2149 1781 2216; x_wconf 92' lang='lat' dir='ltr'><strong>A</strong></span> <span class='ocrx_word' id='word_1_139' title='bbox 1810 2149 1913 2233; x_wconf 88' lang='lat' dir='ltr'><strong>parte</strong></span> <span class='ocrx_word' id='word_1_140' title='bbox 1949 2143 2147 2214; x_wconf 87' lang='lat' dir='ltr'><strong>occidentis</strong></span> 
     </span>
     <span class='ocr_line' id='line_1_12' title="bbox 290 2298 2146 2390; baseline -0.004 -18"><span class='ocrx_word' id='word_1_141' title='bbox 290 2303 385 2388; x_wconf 85' lang='lat' dir='ltr'><strong>passi</strong></span> <span class='ocrx_word' id='word_1_142' title='bbox 411 2301 579 2370; x_wconf 87' lang='lat' dir='ltr'><strong>sedecim.</strong></span> <span class='ocrx_word' id='word_1_143' title='bbox 606 2303 725 2369; x_wconf 88' lang='lat' dir='ltr'><strong>Tertia</strong></span> <span class='ocrx_word' id='word_1_144' title='bbox 750 2301 810 2369; x_wconf 92' lang='lat' dir='ltr'><strong>ubi</strong></span> <span class='ocrx_word' id='word_1_145' title='bbox 835 2300 880 2370; x_wconf 91' lang='lat' dir='ltr'><strong>ad</strong></span> <span class='ocrx_word' id='word_1_146' title='bbox 903 2306 999 2369; x_wconf 87' lang='lat' dir='ltr'><strong>corte</strong></span> <span class='ocrx_word' id='word_1_147' title='bbox 1022 2301 1168 2370; x_wconf 91' lang='lat' dir='ltr'><strong>dicitur:</strong></span> <span class='ocrx_word' id='word_1_148' title='bbox 1195 2306 1225 2370; x_wconf 94' lang='lat' dir='ltr'><strong>A</strong></span> <span class='ocrx_word' id='word_1_149' title='bbox 1248 2305 1350 2390; x_wconf 89' lang='lat' dir='ltr'><strong>parte</strong></span> <span class='ocrx_word' id='word_1_150' title='bbox 1373 2303 1568 2373; x_wconf 86' lang='lat' dir='ltr'><strong>occidentis</strong></span> <span class='ocrx_word' id='word_1_151' title='bbox 1602 2303 1696 2388; x_wconf 89' lang='lat' dir='ltr'><strong>passi</strong></span> <span class='ocrx_word' id='word_1_152' title='bbox 1731 2298 1863 2388; x_wconf 85' lang='lat' dir='ltr'><strong>viginti</strong></span> <span class='ocrx_word' id='word_1_153' title='bbox 1898 2304 2079 2386; x_wconf 86' lang='lat' dir='ltr'><strong>quattuor:</strong></span> <span class='ocrx_word' id='word_1_154' title='bbox 2115 2301 2146 2366; x_wconf 95' lang='lat' dir='ltr'><strong>A</strong></span> 
     </span>
     <span class='ocr_line' id='line_1_13' title="bbox 295 2453 2151 2548; baseline -0.003 -22"><span class='ocrx_word' id='word_1_155' title='bbox 295 2461 401 2544; x_wconf 87' lang='lat' dir='ltr'><strong>parte</strong></span> <span class='ocrx_word' id='word_1_156' title='bbox 426 2453 577 2524; x_wconf 87' lang='lat' dir='ltr'><strong>meridie</strong></span> <span class='ocrx_word' id='word_1_157' title='bbox 600 2455 698 2544; x_wconf 89' lang='lat' dir='ltr'><strong>passi</strong></span> <span class='ocrx_word' id='word_1_158' title='bbox 720 2455 843 2523; x_wconf 88' lang='lat' dir='ltr'><strong>decern</strong></span> <span class='ocrx_word' id='word_1_159' title='bbox 866 2460 902 2524; x_wconf 91' lang='lat' dir='ltr'><strong>et</strong></span> <span class='ocrx_word' id='word_1_160' title='bbox 926 2461 1015 2523; x_wconf 92' lang='lat' dir='ltr'><strong>octo:</strong></span> <span class='ocrx_word' id='word_1_161' title='bbox 1040 2455 1070 2521; x_wconf 95' lang='lat' dir='ltr'><strong>A</strong></span> <span class='ocrx_word' id='word_1_162' title='bbox 1095 2463 1196 2542; x_wconf 91' lang='lat' dir='ltr'><strong>parte</strong></span> <span class='ocrx_word' id='word_1_163' title='bbox 1220 2455 1371 2526; x_wconf 89' lang='lat' dir='ltr'><strong>orientis</strong></span> <span class='ocrx_word' id='word_1_164' title='bbox 1394 2455 1490 2543; x_wconf 91' lang='lat' dir='ltr'><strong>passi</strong></span> <span class='ocrx_word' id='word_1_165' title='bbox 1516 2456 1645 2543; x_wconf 85' lang='lat' dir='ltr'><strong>viginti</strong></span> <span class='ocrx_word' id='word_1_166' title='bbox 1679 2457 1760 2524; x_wconf 90' lang='lat' dir='ltr'><strong>duo:</strong></span> <span class='ocrx_word' id='word_1_167' title='bbox 1797 2456 1827 2521; x_wconf 95' lang='lat' dir='ltr'><strong>A</strong></span> <span class='ocrx_word' id='word_1_168' title='bbox 1861 2459 1963 2548; x_wconf 84' lang='lat' dir='ltr'><strong>parte</strong></span> <span class='ocrx_word' id='word_1_169' title='bbox 1994 2459 2151 2542; x_wconf 89' lang='lat' dir='ltr'><strong>septem·</strong></span> 
     </span>
     <span class='ocr_line' id='line_1_14' title="bbox 294 2607 2147 2697; baseline -0.001 -21"><span class='ocrx_word' id='word_1_170' title='bbox 294 2609 430 2678; x_wconf 92' lang='lat' dir='ltr'><strong>trionis</strong></span> <span class='ocrx_word' id='word_1_171' title='bbox 453 2611 551 2697; x_wconf 88' lang='lat' dir='ltr'><strong>passi</strong></span> <span class='ocrx_word' id='word_1_172' title='bbox 576 2609 697 2678; x_wconf 90' lang='lat' dir='ltr'><strong>decem</strong></span> <span class='ocrx_word' id='word_1_173' title='bbox 721 2614 757 2678; x_wconf 89' lang='lat' dir='ltr'><strong>et</strong></span> <span class='ocrx_word' id='word_1_174' title='bbox 781 2615 870 2679; x_wconf 89' lang='lat' dir='ltr'><strong>octo.</strong></span> <span class='ocrx_word' id='word_1_175' title='bbox 898 2610 1033 2686; x_wconf 84' lang='lat' dir='ltr'><strong>Quarta</strong></span> <span class='ocrx_word' id='word_1_176' title='bbox 1057 2607 1159 2697; x_wconf 86' lang='lat' dir='ltr'><strong>peria</strong></span> <span class='ocrx_word' id='word_1_177' title='bbox 1185 2607 1247 2677; x_wconf 92' lang='lat' dir='ltr'><strong>ubi</strong></span> <span class='ocrx_word' id='word_1_178' title='bbox 1272 2609 1319 2678; x_wconf 90' lang='lat' dir='ltr'><strong>ad</strong></span> <span class='ocrx_word' id='word_1_179' title='bbox 1342 2609 1487 2677; x_wconf 89' lang='lat' dir='ltr'><strong>clusura</strong></span> <span class='ocrx_word' id='word_1_180' title='bbox 1510 2607 1656 2676; x_wconf 90' lang='lat' dir='ltr'><strong>dicitur:</strong></span> <span class='ocrx_word' id='word_1_181' title='bbox 1682 2610 1712 2674; x_wconf 94' lang='lat' dir='ltr'><strong>A</strong></span> <span class='ocrx_word' id='word_1_182' title='bbox 1747 2612 1849 2694; x_wconf 87' lang='lat' dir='ltr'><strong>parta</strong></span> <span class='ocrx_word' id='word_1_183' title='bbox 1883 2608 2147 2694; x_wconf 87' lang='lat' dir='ltr'><strong>septemtrionis</strong></span> 
     </span>
     <span class='ocr_line' id='line_1_15' title="bbox 288 2761 2144 2854; baseline -0.002 -22"><span class='ocrx_word' id='word_1_184' title='bbox 288 2769 376 2834; x_wconf 89' lang='lat' dir='ltr'><strong>sunt</strong></span> <span class='ocrx_word' id='word_1_185' title='bbox 405 2765 497 2852; x_wconf 89' lang='lat' dir='ltr'><strong>passi</strong></span> <span class='ocrx_word' id='word_1_186' title='bbox 521 2765 689 2854; x_wconf 81' lang='lat' dir='ltr'><strong>triginta:</strong></span> <span class='ocrx_word' id='word_1_187' title='bbox 715 2766 745 2832; x_wconf 96' lang='lat' dir='ltr'><strong>A</strong></span> <span class='ocrx_word' id='word_1_188' title='bbox 768 2768 871 2850; x_wconf 88' lang='lat' dir='ltr'><strong>perte</strong></span> <span class='ocrx_word' id='word_1_189' title='bbox 894 2763 1089 2832; x_wconf 88' lang='lat' dir='ltr'><strong>occidentis</strong></span> <span class='ocrx_word' id='word_1_190' title='bbox 1111 2765 1207 2850; x_wconf 89' lang='lat' dir='ltr'><strong>passi</strong></span> <span class='ocrx_word' id='word_1_191' title='bbox 1231 2764 1353 2833; x_wconf 88' lang='lat' dir='ltr'><strong>decem</strong></span> <span class='ocrx_word' id='word_1_192' title='bbox 1376 2769 1411 2831; x_wconf 90' lang='lat' dir='ltr'><strong>et</strong></span> <span class='ocrx_word' id='word_1_193' title='bbox 1436 2765 1574 2830; x_wconf 88' lang='lat' dir='ltr'><strong>nobem:</strong></span> <span class='ocrx_word' id='word_1_194' title='bbox 1600 2765 1628 2828; x_wconf 95' lang='lat' dir='ltr'><strong>A</strong></span> <span class='ocrx_word' id='word_1_195' title='bbox 1652 2765 1752 2848; x_wconf 88' lang='lat' dir='ltr'><strong>parte</strong></span> <span class='ocrx_word' id='word_1_196' title='bbox 1777 2761 1925 2830; x_wconf 90' lang='lat' dir='ltr'><strong>meridie</strong></span> <span class='ocrx_word' id='word_1_197' title='bbox 1960 2762 2055 2848; x_wconf 89' lang='lat' dir='ltr'><strong>passi</strong></span> <span class='ocrx_word' id='word_1_198' title='bbox 2092 2763 2144 2830; x_wconf 90' lang='lat' dir='ltr'><strong>vi·</strong></span> 
     </span>
     <span class='ocr_line' id='line_1_16' title="bbox 298 2917 2145 3006; baseline 0.001 -22"><span class='ocrx_word' id='word_1_199' title='bbox 298 2921 396 3006; x_wconf 79' lang='lat' dir='ltr'><strong>giuti</strong></span> <span class='ocrx_word' id='word_1_200' title='bbox 421 2937 497 2988; x_wconf 90' lang='lat' dir='ltr'><strong>sex.</strong></span> <span class='ocrx_word' id='word_1_201' title='bbox 524 2919 658 2992; x_wconf 87' lang='lat' dir='ltr'><strong>Quinta</strong></span> <span class='ocrx_word' id='word_1_202' title='bbox 682 2920 784 3004; x_wconf 80' lang='lat' dir='ltr'><strong>pecie</strong></span> <span class='ocrx_word' id='word_1_203' title='bbox 809 2917 942 2986; x_wconf 89' lang='lat' dir='ltr'><strong>ibidem</strong></span> <span class='ocrx_word' id='word_1_204' title='bbox 965 2919 1168 3006; x_wconf 89' lang='lat' dir='ltr'><strong>propinqua</strong></span> <span class='ocrx_word' id='word_1_205' title='bbox 1191 2935 1260 3006; x_wconf 89' lang='lat' dir='ltr'><strong>que</strong></span> <span class='ocrx_word' id='word_1_206' title='bbox 1287 2925 1340 2988; x_wconf 89' lang='lat' dir='ltr'><strong>est</strong></span> <span class='ocrx_word' id='word_1_207' title='bbox 1364 2939 1426 3006; x_wconf 91' lang='lat' dir='ltr'><strong>per</strong></span> <span class='ocrx_word' id='word_1_208' title='bbox 1453 2918 1713 3005; x_wconf 86' lang='lat' dir='ltr'><strong>longitudinem</strong></span> <span class='ocrx_word' id='word_1_209' title='bbox 1745 2919 1840 3004; x_wconf 91' lang='lat' dir='ltr'><strong>passi</strong></span> <span class='ocrx_word' id='word_1_210' title='bbox 1875 2918 2031 3004; x_wconf 85' lang='lat' dir='ltr'><strong>triginta</strong></span> <span class='ocrx_word' id='word_1_211' title='bbox 2064 2917 2145 2986; x_wconf 92' lang='lat' dir='ltr'><strong>duo:</strong></span> 
     </span>
     <span class='ocr_line' id='line_1_17' title="bbox 296 3069 2147 3176; baseline 0 -36"><span class='ocrx_word' id='word_1_212' title='bbox 296 3073 328 3140; x_wconf 90' lang='lat' dir='ltr'><strong>A</strong></span> <span class='ocrx_word' id='word_1_213' title='bbox 353 3077 458 3160; x_wconf 86' lang='lat' dir='ltr'><strong>parte</strong></span> <span class='ocrx_word' id='word_1_214' title='bbox 483 3071 633 3140; x_wconf 75' lang='lat' dir='ltr'><strong>trientis</strong></span> <span class='ocrx_word' id='word_1_215' title='bbox 657 3089 720 3158; x_wconf 90' lang='lat' dir='ltr'><strong>per</strong></span> <span class='ocrx_word' id='word_1_216' title='bbox 745 3069 973 3140; x_wconf 89' lang='lat' dir='ltr'><strong>latitudinem</strong></span> <span class='ocrx_word' id='word_1_217' title='bbox 998 3071 1092 3158; x_wconf 87' lang='lat' dir='ltr'><strong>passi</strong></span> <span class='ocrx_word' id='word_1_218' title='bbox 1118 3074 1209 3157; x_wconf 87' lang='lat' dir='ltr'><strong>octo,</strong></span> <span class='ocrx_word' id='word_1_219' title='bbox 1233 3077 1269 3140; x_wconf 90' lang='lat' dir='ltr'><strong>et</strong></span> <span class='ocrx_word' id='word_1_220' title='bbox 1292 3093 1313 3176; x_wconf 87' lang='lat' dir='ltr'><strong>a</strong></span> <span class='ocrx_word' id='word_1_221' title='bbox 1336 3081 1438 3160; x_wconf 88' lang='lat' dir='ltr'><strong>parte</strong></span> <span class='ocrx_word' id='word_1_222' title='bbox 1461 3073 1657 3141; x_wconf 88' lang='lat' dir='ltr'><strong>occidentis</strong></span> <span class='ocrx_word' id='word_1_223' title='bbox 1682 3070 1778 3160; x_wconf 87' lang='lat' dir='ltr'><strong>passi</strong></span> <span class='ocrx_word' id='word_1_224' title='bbox 1803 3086 1880 3142; x_wconf 84' lang='lat' dir='ltr'><strong>sex.</strong></span> <span class='ocrx_word' id='word_1_225' title='bbox 1898 3073 2005 3142; x_wconf 89' lang='lat' dir='ltr'><strong>Sexta</strong></span> <span class='ocrx_word' id='word_1_226' title='bbox 2024 3073 2084 3140; x_wconf 92' lang='lat' dir='ltr'><strong>ubi</strong></span> <span class='ocrx_word' id='word_1_227' title='bbox 2101 3073 2147 3141; x_wconf 88' lang='lat' dir='ltr'><strong>ad</strong></span> 
     </span>
     <span class='ocr_line' id='line_1_18' title="bbox 294 3223 2148 3314; baseline -0.001 -20"><span class='ocrx_word' id='word_1_228' title='bbox 294 3243 447 3295; x_wconf 89' lang='lat' dir='ltr'><strong>carrara</strong></span> <span class='ocrx_word' id='word_1_229' title='bbox 471 3225 629 3292; x_wconf 90' lang='lat' dir='ltr'><strong>dicitur:</strong></span> <span class='ocrx_word' id='word_1_230' title='bbox 654 3227 685 3292; x_wconf 92' lang='lat' dir='ltr'><strong>A</strong></span> <span class='ocrx_word' id='word_1_231' title='bbox 710 3231 811 3312; x_wconf 91' lang='lat' dir='ltr'><strong>parte</strong></span> <span class='ocrx_word' id='word_1_232' title='bbox 834 3224 1028 3292; x_wconf 91' lang='lat' dir='ltr'><strong>occidentis</strong></span> <span class='ocrx_word' id='word_1_233' title='bbox 1052 3227 1146 3312; x_wconf 89' lang='lat' dir='ltr'><strong>passi</strong></span> <span class='ocrx_word' id='word_1_234' title='bbox 1172 3227 1328 3312; x_wconf 83' lang='lat' dir='ltr'><strong>triginta</strong></span> <span class='ocrx_word' id='word_1_235' title='bbox 1351 3243 1428 3293; x_wconf 89' lang='lat' dir='ltr'><strong>sex:</strong></span> <span class='ocrx_word' id='word_1_236' title='bbox 1454 3228 1484 3292; x_wconf 92' lang='lat' dir='ltr'><strong>A</strong></span> <span class='ocrx_word' id='word_1_237' title='bbox 1508 3225 1656 3294; x_wconf 91' lang='lat' dir='ltr'><strong>meridie</strong></span> <span class='ocrx_word' id='word_1_238' title='bbox 1692 3226 1763 3294; x_wconf 88' lang='lat' dir='ltr'><strong>dne</strong></span> <span class='ocrx_word' id='word_1_239' title='bbox 1798 3223 1928 3314; x_wconf 90' lang='lat' dir='ltr'><strong>palude</strong></span> <span class='ocrx_word' id='word_1_240' title='bbox 1962 3225 2058 3313; x_wconf 90' lang='lat' dir='ltr'><strong>passi</strong></span> <span class='ocrx_word' id='word_1_241' title='bbox 2082 3228 2148 3293; x_wconf 86' lang='lat' dir='ltr'><strong>tri·</strong></span> 
     </span>
     <span class='ocr_line' id='line_1_19' title="bbox 296 3377 2139 3466; baseline 0.002 -22"><span class='ocrx_word' id='word_1_242' title='bbox 296 3377 415 3466; x_wconf 82' lang='lat' dir='ltr'><strong>ginta,</strong></span> <span class='ocrx_word' id='word_1_243' title='bbox 441 3383 477 3446; x_wconf 91' lang='lat' dir='ltr'><strong>et</strong></span> <span class='ocrx_word' id='word_1_244' title='bbox 501 3377 703 3447; x_wconf 88' lang='lat' dir='ltr'><strong>revolvente</strong></span> <span class='ocrx_word' id='word_1_245' title='bbox 727 3378 764 3444; x_wconf 93' lang='lat' dir='ltr'><strong>in</strong></span> <span class='ocrx_word' id='word_1_246' title='bbox 792 3382 930 3464; x_wconf 88' lang='lat' dir='ltr'><strong>partem</strong></span> <span class='ocrx_word' id='word_1_247' title='bbox 955 3379 1105 3444; x_wconf 89' lang='lat' dir='ltr'><strong>orientis</strong></span> <span class='ocrx_word' id='word_1_248' title='bbox 1129 3380 1223 3464; x_wconf 89' lang='lat' dir='ltr'><strong>passi</strong></span> <span class='ocrx_word' id='word_1_249' title='bbox 1249 3378 1506 3466; x_wconf 83' lang='lat' dir='ltr'><strong>quadraginta,</strong></span> <span class='ocrx_word' id='word_1_250' title='bbox 1522 3383 1558 3446; x_wconf 88' lang='lat' dir='ltr'><strong>et</strong></span> <span class='ocrx_word' id='word_1_251' title='bbox 1575 3377 1776 3446; x_wconf 89' lang='lat' dir='ltr'><strong>revolvente</strong></span> <span class='ocrx_word' id='word_1_252' title='bbox 1793 3379 1831 3447; x_wconf 91' lang='lat' dir='ltr'><strong>in</strong></span> <span class='ocrx_word' id='word_1_253' title='bbox 1847 3379 2139 3466; x_wconf 89' lang='lat' dir='ltr'><strong>septemtrionem</strong></span> 
     </span>
     <span class='ocr_line' id='line_1_20' title="bbox 298 3527 2143 3622; baseline 0.003 -26"><span class='ocrx_word' id='word_1_254' title='bbox 298 3529 394 3614; x_wconf 89' lang='lat' dir='ltr'><strong>passi</strong></span> <span class='ocrx_word' id='word_1_255' title='bbox 420 3528 577 3616; x_wconf 82' lang='lat' dir='ltr'><strong>triginta</strong></span> <span class='ocrx_word' id='word_1_256' title='bbox 599 3531 741 3597; x_wconf 89' lang='lat' dir='ltr'><strong>nobem.</strong></span> <span class='ocrx_word' id='word_1_257' title='bbox 767 3529 925 3616; x_wconf 88' lang='lat' dir='ltr'><strong>Septima</strong></span> <span class='ocrx_word' id='word_1_258' title='bbox 950 3530 1009 3596; x_wconf 91' lang='lat' dir='ltr'><strong>ubi</strong></span> <span class='ocrx_word' id='word_1_259' title='bbox 1035 3528 1202 3598; x_wconf 89' lang='lat' dir='ltr'><strong>similiter</strong></span> <span class='ocrx_word' id='word_1_260' title='bbox 1225 3548 1375 3599; x_wconf 89' lang='lat' dir='ltr'><strong>carrara</strong></span> <span class='ocrx_word' id='word_1_261' title='bbox 1399 3527 1558 3598; x_wconf 89' lang='lat' dir='ltr'><strong>dicitur:</strong></span> <span class='ocrx_word' id='word_1_262' title='bbox 1584 3549 1607 3600; x_wconf 92' lang='lat' dir='ltr'><strong>a</strong></span> <span class='ocrx_word' id='word_1_263' title='bbox 1630 3548 1714 3618; x_wconf 87' lang='lat' dir='ltr'><strong>pars</strong></span> <span class='ocrx_word' id='word_1_264' title='bbox 1736 3535 1887 3601; x_wconf 88' lang='lat' dir='ltr'><strong>orientis</strong></span> <span class='ocrx_word' id='word_1_265' title='bbox 1922 3536 2017 3620; x_wconf 91' lang='lat' dir='ltr'><strong>passi</strong></span> <span class='ocrx_word' id='word_1_266' title='bbox 2053 3555 2143 3622; x_wconf 87' lang='lat' dir='ltr'><strong>qua·</strong></span> 
     </span>
     <span class='ocr_line' id='line_1_21' title="bbox 291 3679 2144 3776; baseline 0.006 -29"><span class='ocrx_word' id='word_1_267' title='bbox 291 3679 467 3766; x_wconf 86' lang='lat' dir='ltr'><strong>draginta</strong></span> <span class='ocrx_word' id='word_1_268' title='bbox 491 3684 662 3768; x_wconf 89' lang='lat' dir='ltr'><strong>quinque:</strong></span> <span class='ocrx_word' id='word_1_269' title='bbox 689 3683 719 3748; x_wconf 95' lang='lat' dir='ltr'><strong>A</strong></span> <span class='ocrx_word' id='word_1_270' title='bbox 743 3698 828 3768; x_wconf 89' lang='lat' dir='ltr'><strong>pars</strong></span> <span class='ocrx_word' id='word_1_271' title='bbox 852 3681 1001 3748; x_wconf 89' lang='lat' dir='ltr'><strong>meridie</strong></span> <span class='ocrx_word' id='word_1_272' title='bbox 1025 3682 1095 3750; x_wconf 88' lang='lat' dir='ltr'><strong>tine</strong></span> <span class='ocrx_word' id='word_1_273' title='bbox 1120 3680 1250 3767; x_wconf 87' lang='lat' dir='ltr'><strong>palude</strong></span> <span class='ocrx_word' id='word_1_274' title='bbox 1267 3687 1303 3750; x_wconf 90' lang='lat' dir='ltr'><strong>et</strong></span> <span class='ocrx_word' id='word_1_275' title='bbox 1319 3683 1413 3768; x_wconf 91' lang='lat' dir='ltr'><strong>passi</strong></span> <span class='ocrx_word' id='word_1_276' title='bbox 1432 3682 1650 3768; x_wconf 89' lang='lat' dir='ltr'><strong>quindecim:</strong></span> <span class='ocrx_word' id='word_1_277' title='bbox 1670 3685 1700 3751; x_wconf 93' lang='lat' dir='ltr'><strong>A</strong></span> <span class='ocrx_word' id='word_1_278' title='bbox 1718 3691 1819 3770; x_wconf 88' lang='lat' dir='ltr'><strong>parte</strong></span> <span class='ocrx_word' id='word_1_279' title='bbox 1835 3683 2031 3757; x_wconf 80' lang='lat' dir='ltr'><strong>occidentis</strong></span> <span class='ocrx_word' id='word_1_280' title='bbox 2047 3689 2144 3776; x_wconf 89' lang='lat' dir='ltr'><strong>passi</strong></span> 
     </span>
     <span class='ocr_line' id='line_1_22' title="bbox 287 3791 2138 3922; baseline 0.007 -22"><span class='ocrx_word' id='word_1_281' title='bbox 287 3831 570 3921; x_wconf 83' lang='lat' dir='ltr'><strong>quinquaginta:</strong></span> <span class='ocrx_word' id='word_1_282' title='bbox 596 3835 626 3901; x_wconf 96' lang='lat' dir='ltr'><strong>A</strong></span> <span class='ocrx_word' id='word_1_283' title='bbox 650 3839 752 3922; x_wconf 90' lang='lat' dir='ltr'><strong>parte</strong></span> <span class='ocrx_word' id='word_1_284' title='bbox 778 3835 1045 3920; x_wconf 84' lang='lat' dir='ltr'><strong>septemtrionis</strong></span> <span class='ocrx_word' id='word_1_285' title='bbox 1069 3835 1165 3921; x_wconf 86' lang='lat' dir='ltr'><strong>passi</strong></span> <span class='ocrx_word' id='word_1_286' title='bbox 1189 3837 1327 3903; x_wconf 91' lang='lat' dir='ltr'><strong>nobem.</strong></span> <span class='ocrx_word' id='word_1_287' title='bbox 1355 3835 1491 3905; x_wconf 89' lang='lat' dir='ltr'><strong>Octaba</strong></span> <span class='ocrx_word' id='word_1_288' title='bbox 1516 3839 1577 3905; x_wconf 91' lang='lat' dir='ltr'><strong>ubi</strong></span> <span class='ocrx_word' id='word_1_289' title='bbox 1602 3837 1770 3906; x_wconf 89' lang='lat' dir='ltr'><strong>similiter</strong></span> <span class='ocrx_word' id='word_1_290' title='bbox 1793 3791 1943 3911; x_wconf 82' lang='lat' dir='ltr'><strong>carrara</strong></span> <span class='ocrx_word' id='word_1_291' title='bbox 1974 3842 2138 3913; x_wconf 90' lang='lat' dir='ltr'><strong>dicitur:</strong></span> 
     </span>
     <span class='ocr_line' id='line_1_23' title="bbox 290 3986 2140 4084; baseline 0.007 -29"><span class='ocrx_word' id='word_1_292' title='bbox 290 3987 322 4055; x_wconf 92' lang='lat' dir='ltr'><strong>A</strong></span> <span class='ocrx_word' id='word_1_293' title='bbox 346 3990 450 4074; x_wconf 90' lang='lat' dir='ltr'><strong>parte</strong></span> <span class='ocrx_word' id='word_1_294' title='bbox 473 3986 670 4056; x_wconf 88' lang='lat' dir='ltr'><strong>occidentis</strong></span> <span class='ocrx_word' id='word_1_295' title='bbox 693 3987 788 4076; x_wconf 91' lang='lat' dir='ltr'><strong>passi</strong></span> <span class='ocrx_word' id='word_1_296' title='bbox 814 3987 980 4073; x_wconf 88' lang='lat' dir='ltr'><strong>triginta:</strong></span> <span class='ocrx_word' id='word_1_297' title='bbox 1006 3990 1037 4054; x_wconf 96' lang='lat' dir='ltr'><strong>A</strong></span> <span class='ocrx_word' id='word_1_298' title='bbox 1060 3993 1161 4075; x_wconf 89' lang='lat' dir='ltr'><strong>parte</strong></span> <span class='ocrx_word' id='word_1_299' title='bbox 1186 3991 1452 4076; x_wconf 85' lang='lat' dir='ltr'><strong>septemtrionis</strong></span> <span class='ocrx_word' id='word_1_300' title='bbox 1475 3993 1569 4078; x_wconf 88' lang='lat' dir='ltr'><strong>passi</strong></span> <span class='ocrx_word' id='word_1_301' title='bbox 1593 3992 1790 4062; x_wconf 86' lang='lat' dir='ltr'><strong>duodecim:</strong></span> <span class='ocrx_word' id='word_1_302' title='bbox 1817 3999 1848 4064; x_wconf 94' lang='lat' dir='ltr'><strong>A</strong></span> <span class='ocrx_word' id='word_1_303' title='bbox 1885 4002 1987 4084; x_wconf 89' lang='lat' dir='ltr'><strong>parte</strong></span> <span class='ocrx_word' id='word_1_304' title='bbox 2023 4000 2140 4070; x_wconf 87' lang='lat' dir='ltr'><strong>orien-</strong></span> 
     </span>
     <span class='ocr_line' id='line_1_24' title="bbox 287 4140 2140 4237; baseline 0.006 -27"><span class='ocrx_word' id='word_1_305' title='bbox 287 4144 336 4210; x_wconf 90' lang='lat' dir='ltr'><strong>tis</strong></span> <span class='ocrx_word' id='word_1_306' title='bbox 363 4140 461 4230; x_wconf 91' lang='lat' dir='ltr'><strong>passi</strong></span> <span class='ocrx_word' id='word_1_307' title='bbox 486 4141 746 4229; x_wconf 84' lang='lat' dir='ltr'><strong>quadraginta:</strong></span> <span class='ocrx_word' id='word_1_308' title='bbox 771 4143 802 4209; x_wconf 94' lang='lat' dir='ltr'><strong>A</strong></span> <span class='ocrx_word' id='word_1_309' title='bbox 825 4145 928 4227; x_wconf 87' lang='lat' dir='ltr'><strong>parte</strong></span> <span class='ocrx_word' id='word_1_310' title='bbox 951 4140 1101 4210; x_wconf 90' lang='lat' dir='ltr'><strong>meridie</strong></span> <span class='ocrx_word' id='word_1_311' title='bbox 1124 4145 1220 4228; x_wconf 88' lang='lat' dir='ltr'><strong>passi</strong></span> <span class='ocrx_word' id='word_1_312' title='bbox 1244 4142 1375 4229; x_wconf 80' lang='lat' dir='ltr'><strong>viginti</strong></span> <span class='ocrx_word' id='word_1_313' title='bbox 1399 4147 1489 4211; x_wconf 91' lang='lat' dir='ltr'><strong>octo:</strong></span> <span class='ocrx_word' id='word_1_314' title='bbox 1515 4147 1546 4212; x_wconf 92' lang='lat' dir='ltr'><strong>A</strong></span> <span class='ocrx_word' id='word_1_315' title='bbox 1570 4149 1672 4232; x_wconf 87' lang='lat' dir='ltr'><strong>parte</strong></span> <span class='ocrx_word' id='word_1_316' title='bbox 1689 4146 1884 4216; x_wconf 89' lang='lat' dir='ltr'><strong>occidentis</strong></span> <span class='ocrx_word' id='word_1_317' title='bbox 1902 4154 1995 4237; x_wconf 89' lang='lat' dir='ltr'><strong>passi</strong></span> <span class='ocrx_word' id='word_1_318' title='bbox 2015 4152 2140 4220; x_wconf 87' lang='lat' dir='ltr'><strong>decem</strong></span> 
     </span>
     <span class='ocr_line' id='line_1_25' title="bbox 288 4289 2138 4394; baseline 0.008 -30"><span class='ocrx_word' id='word_1_319' title='bbox 288 4298 327 4364; x_wconf 88' lang='lat' dir='ltr'><strong>ot</strong></span> <span class='ocrx_word' id='word_1_320' title='bbox 350 4297 440 4362; x_wconf 88' lang='lat' dir='ltr'><strong>octo:</strong></span> <span class='ocrx_word' id='word_1_321' title='bbox 467 4295 498 4361; x_wconf 94' lang='lat' dir='ltr'><strong>A</strong></span> <span class='ocrx_word' id='word_1_322' title='bbox 522 4299 625 4381; x_wconf 89' lang='lat' dir='ltr'><strong>parte</strong></span> <span class='ocrx_word' id='word_1_323' title='bbox 649 4289 913 4380; x_wconf 86' lang='lat' dir='ltr'><strong>septemtrionis</strong></span> <span class='ocrx_word' id='word_1_324' title='bbox 936 4291 1034 4378; x_wconf 88' lang='lat' dir='ltr'><strong>passi</strong></span> <span class='ocrx_word' id='word_1_325' title='bbox 1058 4293 1214 4381; x_wconf 83' lang='lat' dir='ltr'><strong>triginta</strong></span> <span class='ocrx_word' id='word_1_326' title='bbox 1237 4295 1318 4364; x_wconf 92' lang='lat' dir='ltr'><strong>duo:</strong></span> <span class='ocrx_word' id='word_1_327' title='bbox 1346 4298 1375 4363; x_wconf 95' lang='lat' dir='ltr'><strong>A</strong></span> <span class='ocrx_word' id='word_1_328' title='bbox 1397 4304 1499 4384; x_wconf 90' lang='lat' dir='ltr'><strong>parte</strong></span> <span class='ocrx_word' id='word_1_329' title='bbox 1522 4301 1673 4368; x_wconf 87' lang='lat' dir='ltr'><strong>orientis</strong></span> <span class='ocrx_word' id='word_1_330' title='bbox 1696 4302 1790 4386; x_wconf 88' lang='lat' dir='ltr'><strong>passi</strong></span> <span class='ocrx_word' id='word_1_331' title='bbox 1807 4302 1937 4390; x_wconf 81' lang='lat' dir='ltr'><strong>viginti</strong></span> <span class='ocrx_word' id='word_1_332' title='bbox 1962 4306 2138 4394; x_wconf 89' lang='lat' dir='ltr'><strong>quinque.</strong></span> 
     </span>
     <span class='ocr_line' id='line_1_26' title="bbox 289 4450 2143 4544; baseline 0.009 -27"><span class='ocrx_word' id='word_1_333' title='bbox 289 4450 335 4518; x_wconf 89' lang='lat' dir='ltr'><strong>Et</strong></span> <span class='ocrx_word' id='word_1_334' title='bbox 359 4450 458 4518; x_wconf 89' lang='lat' dir='ltr'><strong>dixit</strong></span> <span class='ocrx_word' id='word_1_335' title='bbox 481 4468 518 4517; x_wconf 89' lang='lat' dir='ltr'><strong>se</strong></span> <span class='ocrx_word' id='word_1_336' title='bbox 541 4451 675 4518; x_wconf 87' lang='lat' dir='ltr'><strong>habere</strong></span> <span class='ocrx_word' id='word_1_337' title='bbox 697 4450 741 4518; x_wconf 88' lang='lat' dir='ltr'><strong>de</strong></span> <span class='ocrx_word' id='word_1_338' title='bbox 765 4454 844 4517; x_wconf 93' lang='lat' dir='ltr'><strong>octo</strong></span> <span class='ocrx_word' id='word_1_339' title='bbox 866 4451 1031 4535; x_wconf 88' lang='lat' dir='ltr'><strong>partibus</strong></span> <span class='ocrx_word' id='word_1_340' title='bbox 1054 4455 1127 4518; x_wconf 89' lang='lat' dir='ltr'><strong>tres</strong></span> <span class='ocrx_word' id='word_1_341' title='bbox 1150 4455 1273 4537; x_wconf 87' lang='lat' dir='ltr'><strong>partes</strong></span> <span class='ocrx_word' id='word_1_342' title='bbox 1296 4451 1339 4520; x_wconf 88' lang='lat' dir='ltr'><strong>de</strong></span> <span class='ocrx_word' id='word_1_343' title='bbox 1363 4472 1437 4522; x_wconf 90' lang='lat' dir='ltr'><strong>una</strong></span> <span class='ocrx_word' id='word_1_344' title='bbox 1461 4453 1564 4541; x_wconf 90' lang='lat' dir='ltr'><strong>pecia</strong></span> <span class='ocrx_word' id='word_1_345' title='bbox 1586 4452 1630 4522; x_wconf 93' lang='lat' dir='ltr'><strong>de</strong></span> <span class='ocrx_word' id='word_1_346' title='bbox 1652 4459 1752 4522; x_wconf 91' lang='lat' dir='ltr'><strong>terra</strong></span> <span class='ocrx_word' id='word_1_347' title='bbox 1775 4455 1819 4522; x_wconf 90' lang='lat' dir='ltr'><strong>de</strong></span> <span class='ocrx_word' id='word_1_348' title='bbox 1844 4456 1920 4544; x_wconf 90' lang='lat' dir='ltr'><strong>ipso</strong></span> <span class='ocrx_word' id='word_1_349' title='bbox 1944 4459 2018 4529; x_wconf 91' lang='lat' dir='ltr'><strong>luco</strong></span> <span class='ocrx_word' id='word_1_350' title='bbox 2036 4481 2143 4533; x_wconf 89' lang='lat' dir='ltr'><strong>nuce·</strong></span> 
     </span>
     <span class='ocr_line' id='line_1_27' title="bbox 287 4601 2140 4695; baseline 0.007 -25"><span class='ocrx_word' id='word_1_351' title='bbox 287 4602 356 4690; x_wconf 89' lang='lat' dir='ltr'><strong>ria,</strong></span> <span class='ocrx_word' id='word_1_352' title='bbox 379 4603 442 4670; x_wconf 90' lang='lat' dir='ltr'><strong>ubi</strong></span> <span class='ocrx_word' id='word_1_353' title='bbox 465 4602 585 4688; x_wconf 83' lang='lat' dir='ltr'><strong>agellu</strong></span> <span class='ocrx_word' id='word_1_354' title='bbox 610 4601 756 4688; x_wconf 88' lang='lat' dir='ltr'><strong>dicitur,</strong></span> <span class='ocrx_word' id='word_1_355' title='bbox 780 4607 927 4688; x_wconf 83' lang='lat' dir='ltr'><strong>quaest</strong></span> <span class='ocrx_word' id='word_1_356' title='bbox 950 4621 1029 4669; x_wconf 90' lang='lat' dir='ltr'><strong>cum</strong></span> <span class='ocrx_word' id='word_1_357' title='bbox 1054 4605 1202 4671; x_wconf 88' lang='lat' dir='ltr'><strong>arbusto</strong></span> <span class='ocrx_word' id='word_1_358' title='bbox 1226 4622 1288 4690; x_wconf 91' lang='lat' dir='ltr'><strong>per</strong></span> <span class='ocrx_word' id='word_1_359' title='bbox 1312 4605 1401 4673; x_wconf 78' lang='lat' dir='ltr'><strong>fines</strong></span> <span class='ocrx_word' id='word_1_360' title='bbox 1423 4609 1460 4673; x_wconf 92' lang='lat' dir='ltr'><strong>et</strong></span> <span class='ocrx_word' id='word_1_361' title='bbox 1484 4623 1683 4675; x_wconf 87' lang='lat' dir='ltr'><strong>mansuras:</strong></span> <span class='ocrx_word' id='word_1_362' title='bbox 1712 4611 1741 4676; x_wconf 94' lang='lat' dir='ltr'><strong>A</strong></span> <span class='ocrx_word' id='word_1_363' title='bbox 1766 4615 1867 4695; x_wconf 89' lang='lat' dir='ltr'><strong>parte</strong></span> <span class='ocrx_word' id='word_1_364' title='bbox 1890 4614 2041 4680; x_wconf 88' lang='lat' dir='ltr'><strong>orientis</strong></span> <span class='ocrx_word' id='word_1_365' title='bbox 2065 4615 2140 4683; x_wconf 87' lang='lat' dir='ltr'><strong>flue</strong></span> 
     </span>
     <span class='ocr_line' id='line_1_28' title="bbox 286 4754 2141 4848; baseline 0.008 -27"><span class='ocrx_word' id='word_1_366' title='bbox 286 4758 346 4824; x_wconf 90' lang='lat' dir='ltr'><strong>via</strong></span> <span class='ocrx_word' id='word_1_367' title='bbox 370 4758 406 4825; x_wconf 92' lang='lat' dir='ltr'><strong>et</strong></span> <span class='ocrx_word' id='word_1_368' title='bbox 430 4757 524 4843; x_wconf 87' lang='lat' dir='ltr'><strong>passi</strong></span> <span class='ocrx_word' id='word_1_369' title='bbox 550 4754 817 4843; x_wconf 87' lang='lat' dir='ltr'><strong>quinquaginta</strong></span> <span class='ocrx_word' id='word_1_370' title='bbox 840 4754 923 4822; x_wconf 91' lang='lat' dir='ltr'><strong>duo:</strong></span> <span class='ocrx_word' id='word_1_371' title='bbox 950 4757 981 4822; x_wconf 91' lang='lat' dir='ltr'><strong>A</strong></span> <span class='ocrx_word' id='word_1_372' title='bbox 1006 4755 1154 4824; x_wconf 88' lang='lat' dir='ltr'><strong>meridie</strong></span> <span class='ocrx_word' id='word_1_373' title='bbox 1178 4756 1249 4822; x_wconf 86' lang='lat' dir='ltr'><strong>flue</strong></span> <span class='ocrx_word' id='word_1_374' title='bbox 1273 4755 1344 4844; x_wconf 90' lang='lat' dir='ltr'><strong>via,</strong></span> <span class='ocrx_word' id='word_1_375' title='bbox 1368 4763 1405 4827; x_wconf 91' lang='lat' dir='ltr'><strong>et</strong></span> <span class='ocrx_word' id='word_1_376' title='bbox 1436 4761 1530 4846; x_wconf 89' lang='lat' dir='ltr'><strong>passi</strong></span> <span class='ocrx_word' id='word_1_377' title='bbox 1567 4760 1812 4848; x_wconf 86' lang='lat' dir='ltr'><strong>quadraginta</strong></span> <span class='ocrx_word' id='word_1_378' title='bbox 1847 4782 1957 4832; x_wconf 90' lang='lat' dir='ltr'><strong>unum</strong></span> <span class='ocrx_word' id='word_1_379' title='bbox 1993 4771 2029 4834; x_wconf 87' lang='lat' dir='ltr'><strong>et</strong></span> <span class='ocrx_word' id='word_1_380' title='bbox 2067 4785 2141 4836; x_wconf 89' lang='lat' dir='ltr'><strong>me-</strong></span> 
     </span>
     <span class='ocr_line' id='line_1_29' title="bbox 287 4911 2139 5010; baseline 0.006 -29"><span class='ocrx_word' id='word_1_381' title='bbox 287 4911 379 4981; x_wconf 92' lang='lat' dir='ltr'><strong>dius:</strong></span> <span class='ocrx_word' id='word_1_382' title='bbox 405 4913 460 4981; x_wconf 91' lang='lat' dir='ltr'><strong>Ab</strong></span> <span class='ocrx_word' id='word_1_383' title='bbox 483 4912 666 4979; x_wconf 87' lang='lat' dir='ltr'><strong>occidente</strong></span> <span class='ocrx_word' id='word_1_384' title='bbox 691 4912 787 4998; x_wconf 88' lang='lat' dir='ltr'><strong>passi</strong></span> <span class='ocrx_word' id='word_1_385' title='bbox 812 4911 1059 4999; x_wconf 85' lang='lat' dir='ltr'><strong>quadraginta</strong></span> <span class='ocrx_word' id='word_1_386' title='bbox 1083 4916 1232 4998; x_wconf 88' lang='lat' dir='ltr'><strong>septam.</strong></span> <span class='ocrx_word' id='word_1_387' title='bbox 1252 4915 1296 4980; x_wconf 86' lang='lat' dir='ltr'><strong>Et</strong></span> <span class='ocrx_word' id='word_1_388' title='bbox 1311 4911 1406 4981; x_wconf 84' lang='lat' dir='ltr'><strong>dixit</strong></span> <span class='ocrx_word' id='word_1_389' title='bbox 1421 4931 1459 4981; x_wconf 90' lang='lat' dir='ltr'><strong>se</strong></span> <span class='ocrx_word' id='word_1_390' title='bbox 1475 4915 1608 4982; x_wconf 91' lang='lat' dir='ltr'><strong>habere</strong></span> <span class='ocrx_word' id='word_1_391' title='bbox 1624 4915 1668 4982; x_wconf 91' lang='lat' dir='ltr'><strong>de</strong></span> <span class='ocrx_word' id='word_1_392' title='bbox 1684 4920 1762 4983; x_wconf 90' lang='lat' dir='ltr'><strong>octo</strong></span> <span class='ocrx_word' id='word_1_393' title='bbox 1779 4918 1942 5002; x_wconf 87' lang='lat' dir='ltr'><strong>partibus</strong></span> <span class='ocrx_word' id='word_1_394' title='bbox 1968 4927 2038 4989; x_wconf 88' lang='lat' dir='ltr'><strong>tres</strong></span> <span class='ocrx_word' id='word_1_395' title='bbox 2057 4943 2139 5010; x_wconf 88' lang='lat' dir='ltr'><strong>par·</strong></span> 
     </span>
     <span class='ocr_line' id='line_1_30' title="bbox 286 5067 2139 5156; baseline 0.005 -20"><span class='ocrx_word' id='word_1_396' title='bbox 286 5071 340 5136; x_wconf 90' lang='lat' dir='ltr'><strong>tes</strong></span> <span class='ocrx_word' id='word_1_397' title='bbox 362 5068 405 5136; x_wconf 87' lang='lat' dir='ltr'><strong>de</strong></span> <span class='ocrx_word' id='word_1_398' title='bbox 429 5085 503 5135; x_wconf 91' lang='lat' dir='ltr'><strong>una</strong></span> <span class='ocrx_word' id='word_1_399' title='bbox 527 5067 630 5153; x_wconf 91' lang='lat' dir='ltr'><strong>pccia</strong></span> <span class='ocrx_word' id='word_1_400' title='bbox 652 5067 695 5135; x_wconf 93' lang='lat' dir='ltr'><strong>de</strong></span> <span class='ocrx_word' id='word_1_401' title='bbox 718 5071 817 5135; x_wconf 91' lang='lat' dir='ltr'><strong>terra</strong></span> <span class='ocrx_word' id='word_1_402' title='bbox 840 5086 920 5135; x_wconf 91' lang='lat' dir='ltr'><strong>cum</strong></span> <span class='ocrx_word' id='word_1_403' title='bbox 946 5067 1091 5136; x_wconf 88' lang='lat' dir='ltr'><strong>insitcto</strong></span> <span class='ocrx_word' id='word_1_404' title='bbox 1113 5075 1149 5136; x_wconf 93' lang='lat' dir='ltr'><strong>et</strong></span> <span class='ocrx_word' id='word_1_405' title='bbox 1171 5067 1263 5138; x_wconf 89' lang='lat' dir='ltr'><strong>silba</strong></span> <span class='ocrx_word' id='word_1_406' title='bbox 1288 5068 1347 5136; x_wconf 91' lang='lat' dir='ltr'><strong>ubi</strong></span> <span class='ocrx_word' id='word_1_407' title='bbox 1373 5067 1492 5156; x_wconf 85' lang='lat' dir='ltr'><strong>agella</strong></span> <span class='ocrx_word' id='word_1_408' title='bbox 1516 5068 1679 5156; x_wconf 90' lang='lat' dir='ltr'><strong>dicitur,</strong></span> <span class='ocrx_word' id='word_1_409' title='bbox 1705 5089 1774 5155; x_wconf 90' lang='lat' dir='ltr'><strong>que</strong></span> <span class='ocrx_word' id='word_1_410' title='bbox 1798 5081 1851 5139; x_wconf 88' lang='lat' dir='ltr'><strong>est</strong></span> <span class='ocrx_word' id='word_1_411' title='bbox 1874 5091 1955 5140; x_wconf 89' lang='lat' dir='ltr'><strong>cum</strong></span> <span class='ocrx_word' id='word_1_412' title='bbox 1988 5076 2139 5146; x_wconf 91' lang='lat' dir='ltr'><strong>arbusto</strong></span> 
     </span>
     <span class='ocr_line' id='line_1_31' title="bbox 287 5219 2142 5312; baseline 0.005 -26"><span class='ocrx_word' id='word_1_413' title='bbox 287 5237 349 5305; x_wconf 89' lang='lat' dir='ltr'><strong>per</strong></span> <span class='ocrx_word' id='word_1_414' title='bbox 372 5219 462 5286; x_wconf 87' lang='lat' dir='ltr'><strong>fines</strong></span> <span class='ocrx_word' id='word_1_415' title='bbox 484 5223 521 5286; x_wconf 89' lang='lat' dir='ltr'><strong>et</strong></span> <span class='ocrx_word' id='word_1_416' title='bbox 544 5235 749 5286; x_wconf 89' lang='lat' dir='ltr'><strong>mensuras:</strong></span> <span class='ocrx_word' id='word_1_417' title='bbox 775 5219 804 5283; x_wconf 96' lang='lat' dir='ltr'><strong>A</strong></span> <span class='ocrx_word' id='word_1_418' title='bbox 829 5221 932 5303; x_wconf 90' lang='lat' dir='ltr'><strong>parte</strong></span> <span class='ocrx_word' id='word_1_419' title='bbox 955 5220 1221 5304; x_wconf 86' lang='lat' dir='ltr'><strong>septemtrionis</strong></span> <span class='ocrx_word' id='word_1_420' title='bbox 1245 5221 1317 5288; x_wconf 87' lang='lat' dir='ltr'><strong>fine</strong></span> <span class='ocrx_word' id='word_1_421' title='bbox 1341 5221 1402 5288; x_wconf 92' lang='lat' dir='ltr'><strong>via</strong></span> <span class='ocrx_word' id='word_1_422' title='bbox 1424 5240 1494 5307; x_wconf 90' lang='lat' dir='ltr'><strong>que</strong></span> <span class='ocrx_word' id='word_1_423' title='bbox 1516 5221 1617 5288; x_wconf 87' lang='lat' dir='ltr'><strong>ducit</strong></span> <span class='ocrx_word' id='word_1_424' title='bbox 1639 5221 1685 5290; x_wconf 85' lang='lat' dir='ltr'><strong>da</strong></span> <span class='ocrx_word' id='word_1_425' title='bbox 1710 5225 1876 5308; x_wconf 81' lang='lat' dir='ltr'><strong>corbera,</strong></span> <span class='ocrx_word' id='word_1_426' title='bbox 1900 5235 1935 5294; x_wconf 87' lang='lat' dir='ltr'><strong>et</strong></span> <span class='ocrx_word' id='word_1_427' title='bbox 1951 5231 2047 5312; x_wconf 83' lang='lat' dir='ltr'><strong>passi</strong></span> <span class='ocrx_word' id='word_1_428' title='bbox 2076 5231 2142 5309; x_wconf 86' lang='lat' dir='ltr'><strong>tri·</strong></span> 
     </span>
     <span class='ocr_line' id='line_1_32' title="bbox 285 5371 2144 5465; baseline 0.005 -25"><span class='ocrx_word' id='word_1_429' title='bbox 285 5374 390 5461; x_wconf 82' lang='lat' dir='ltr'><strong>ginta</strong></span> <span class='ocrx_word' id='word_1_430' title='bbox 413 5376 597 5460; x_wconf 86' lang='lat' dir='ltr'><strong>quattuor.</strong></span> <span class='ocrx_word' id='word_1_431' title='bbox 625 5373 679 5440; x_wconf 93' lang='lat' dir='ltr'><strong>Ab</strong></span> <span class='ocrx_word' id='word_1_432' title='bbox 703 5373 782 5458; x_wconf 91' lang='lat' dir='ltr'><strong>ipsa</strong></span> <span class='ocrx_word' id='word_1_433' title='bbox 806 5373 862 5439; x_wconf 91' lang='lat' dir='ltr'><strong>via</strong></span> <span class='ocrx_word' id='word_1_434' title='bbox 886 5371 1120 5440; x_wconf 88' lang='lat' dir='ltr'><strong>descendente</strong></span> <span class='ocrx_word' id='word_1_435' title='bbox 1144 5373 1181 5438; x_wconf 93' lang='lat' dir='ltr'><strong>in</strong></span> <span class='ocrx_word' id='word_1_436' title='bbox 1207 5379 1344 5460; x_wconf 89' lang='lat' dir='ltr'><strong>partem</strong></span> <span class='ocrx_word' id='word_1_437' title='bbox 1370 5373 1534 5460; x_wconf 88' lang='lat' dir='ltr'><strong>meridie,</strong></span> <span class='ocrx_word' id='word_1_438' title='bbox 1557 5373 1652 5442; x_wconf 89' lang='lat' dir='ltr'><strong>sicut</strong></span> <span class='ocrx_word' id='word_1_439' title='bbox 1677 5376 1828 5443; x_wconf 89' lang='lat' dir='ltr'><strong>revolbit</strong></span> <span class='ocrx_word' id='word_1_440' title='bbox 1854 5395 1966 5465; x_wconf 87' lang='lat' dir='ltr'><strong>usque</strong></span> <span class='ocrx_word' id='word_1_441' title='bbox 1999 5381 2036 5447; x_wconf 91' lang='lat' dir='ltr'><strong>in</strong></span> <span class='ocrx_word' id='word_1_442' title='bbox 2069 5398 2144 5450; x_wconf 88' lang='lat' dir='ltr'><strong>ser·</strong></span> 
     </span>
     <span class='ocr_line' id='line_1_33' title="bbox 284 5525 2139 5625; baseline 0.006 -31"><span class='ocrx_word' id='word_1_443' title='bbox 284 5545 362 5596; x_wconf 88' lang='lat' dir='ltr'><strong>ram</strong></span> <span class='ocrx_word' id='word_1_444' title='bbox 388 5526 431 5594; x_wconf 90' lang='lat' dir='ltr'><strong>de</strong></span> <span class='ocrx_word' id='word_1_445' title='bbox 457 5527 648 5594; x_wconf 89' lang='lat' dir='ltr'><strong>tramunti.</strong></span> <span class='ocrx_word' id='word_1_446' title='bbox 674 5526 720 5593; x_wconf 87' lang='lat' dir='ltr'><strong>Et</strong></span> <span class='ocrx_word' id='word_1_447' title='bbox 742 5525 838 5594; x_wconf 87' lang='lat' dir='ltr'><strong>dixit</strong></span> <span class='ocrx_word' id='word_1_448' title='bbox 861 5543 898 5593; x_wconf 88' lang='lat' dir='ltr'><strong>se</strong></span> <span class='ocrx_word' id='word_1_449' title='bbox 923 5526 1057 5594; x_wconf 86' lang='lat' dir='ltr'><strong>habere</strong></span> <span class='ocrx_word' id='word_1_450' title='bbox 1080 5525 1123 5594; x_wconf 90' lang='lat' dir='ltr'><strong>de</strong></span> <span class='ocrx_word' id='word_1_451' title='bbox 1146 5525 1300 5613; x_wconf 82' lang='lat' dir='ltr'><strong>triginta</strong></span> <span class='ocrx_word' id='word_1_452' title='bbox 1324 5528 1464 5596; x_wconf 90' lang='lat' dir='ltr'><strong>duabus</strong></span> <span class='ocrx_word' id='word_1_453' title='bbox 1487 5533 1561 5598; x_wconf 89' lang='lat' dir='ltr'><strong>tres</strong></span> <span class='ocrx_word' id='word_1_454' title='bbox 1584 5536 1704 5616; x_wconf 87' lang='lat' dir='ltr'><strong>partes</strong></span> <span class='ocrx_word' id='word_1_455' title='bbox 1727 5551 1796 5618; x_wconf 89' lang='lat' dir='ltr'><strong>que</strong></span> <span class='ocrx_word' id='word_1_456' title='bbox 1819 5543 1874 5603; x_wconf 91' lang='lat' dir='ltr'><strong>est</strong></span> <span class='ocrx_word' id='word_1_457' title='bbox 1898 5535 1947 5602; x_wconf 89' lang='lat' dir='ltr'><strong>ibi</strong></span> <span class='ocrx_word' id='word_1_458' title='bbox 1972 5555 1995 5605; x_wconf 91' lang='lat' dir='ltr'><strong>a</strong></span> <span class='ocrx_word' id='word_1_459' title='bbox 2017 5555 2139 5625; x_wconf 87' lang='lat' dir='ltr'><strong>super,</strong></span> 
     </span>
     <span class='ocr_line' id='line_1_34' title="bbox 284 5677 2139 5770; baseline 0.004 -22"><span class='ocrx_word' id='word_1_460' title='bbox 284 5683 321 5748; x_wconf 89' lang='lat' dir='ltr'><strong>et</strong></span> <span class='ocrx_word' id='word_1_461' title='bbox 343 5681 397 5746; x_wconf 89' lang='lat' dir='ltr'><strong>est</strong></span> <span class='ocrx_word' id='word_1_462' title='bbox 419 5697 499 5747; x_wconf 91' lang='lat' dir='ltr'><strong>cum</strong></span> <span class='ocrx_word' id='word_1_463' title='bbox 524 5678 686 5747; x_wconf 88' lang='lat' dir='ltr'><strong>insitetu.</strong></span> <span class='ocrx_word' id='word_1_464' title='bbox 712 5680 757 5746; x_wconf 85' lang='lat' dir='ltr'><strong>Et</strong></span> <span class='ocrx_word' id='word_1_465' title='bbox 778 5679 873 5747; x_wconf 90' lang='lat' dir='ltr'><strong>dixit</strong></span> <span class='ocrx_word' id='word_1_466' title='bbox 896 5695 934 5746; x_wconf 90' lang='lat' dir='ltr'><strong>se</strong></span> <span class='ocrx_word' id='word_1_467' title='bbox 957 5680 1090 5746; x_wconf 89' lang='lat' dir='ltr'><strong>habere</strong></span> <span class='ocrx_word' id='word_1_468' title='bbox 1114 5677 1157 5746; x_wconf 87' lang='lat' dir='ltr'><strong>de</strong></span> <span class='ocrx_word' id='word_1_469' title='bbox 1181 5682 1260 5746; x_wconf 87' lang='lat' dir='ltr'><strong>octo</strong></span> <span class='ocrx_word' id='word_1_470' title='bbox 1276 5681 1442 5766; x_wconf 88' lang='lat' dir='ltr'><strong>partibus</strong></span> <span class='ocrx_word' id='word_1_471' title='bbox 1459 5687 1532 5750; x_wconf 87' lang='lat' dir='ltr'><strong>tres</strong></span> <span class='ocrx_word' id='word_1_472' title='bbox 1549 5688 1668 5768; x_wconf 88' lang='lat' dir='ltr'><strong>partes</strong></span> <span class='ocrx_word' id='word_1_473' title='bbox 1683 5682 1727 5750; x_wconf 91' lang='lat' dir='ltr'><strong>de</strong></span> <span class='ocrx_word' id='word_1_474' title='bbox 1751 5703 1824 5752; x_wconf 90' lang='lat' dir='ltr'><strong>una</strong></span> <span class='ocrx_word' id='word_1_475' title='bbox 1845 5685 1946 5770; x_wconf 89' lang='lat' dir='ltr'><strong>pecia</strong></span> <span class='ocrx_word' id='word_1_476' title='bbox 1969 5687 2012 5755; x_wconf 91' lang='lat' dir='ltr'><strong>de</strong></span> <span class='ocrx_word' id='word_1_477' title='bbox 2037 5693 2139 5758; x_wconf 89' lang='lat' dir='ltr'><strong>terra</strong></span> 
     </span>
    </p>
   </div>
   <div class='ocr_carea' id='block_1_3' title="bbox 283 5793 2131 5926">
    <p class='ocr_par' dir='ltr' id='par_1_3' title="bbox 283 5793 2131 5926">
     <span class='ocr_line' id='line_1_35' title="bbox 283 5793 2131 5926; baseline 0.005 -25"><span class='ocrx_word' id='word_1_478' title='bbox 283 5850 364 5901; x_wconf 91' lang='lat' dir='ltr'><strong>cum</strong></span> <span class='ocrx_word' id='word_1_479' title='bbox 387 5833 529 5900; x_wconf 89' lang='lat' dir='ltr'><strong>insileto</strong></span> <span class='ocrx_word' id='word_1_480' title='bbox 552 5832 612 5900; x_wconf 89' lang='lat' dir='ltr'><strong>ubi</strong></span> <span class='ocrx_word' id='word_1_481' title='bbox 637 5793 683 5902; x_wconf 85' lang='lat' dir='ltr'><strong>ad</strong></span> <span class='ocrx_word' id='word_1_482' title='bbox 707 5832 887 5900; x_wconf 86' lang='lat' dir='ltr'><strong>turcilium</strong></span> <span class='ocrx_word' id='word_1_483' title='bbox 911 5833 1060 5921; x_wconf 90' lang='lat' dir='ltr'><strong>dicitur,</strong></span> <span class='ocrx_word' id='word_1_484' title='bbox 1085 5837 1121 5901; x_wconf 93' lang='lat' dir='ltr'><strong>et</strong></span> <span class='ocrx_word' id='word_1_485' title='bbox 1144 5841 1198 5902; x_wconf 87' lang='lat' dir='ltr'><strong>est</strong></span> <span class='ocrx_word' id='word_1_486' title='bbox 1221 5851 1283 5920; x_wconf 92' lang='lat' dir='ltr'><strong>per</strong></span> <span class='ocrx_word' id='word_1_487' title='bbox 1308 5835 1424 5903; x_wconf 86' lang='lat' dir='ltr'><strong>flues:</strong></span> <span class='ocrx_word' id='word_1_488' title='bbox 1450 5835 1494 5904; x_wconf 91' lang='lat' dir='ltr'><strong>de</strong></span> <span class='ocrx_word' id='word_1_489' title='bbox 1528 5837 1642 5905; x_wconf 90' lang='lat' dir='ltr'><strong>tribus</strong></span> <span class='ocrx_word' id='word_1_490' title='bbox 1678 5838 1869 5926; x_wconf 90' lang='lat' dir='ltr'><strong>partibus,</strong></span> <span class='ocrx_word' id='word_1_491' title='bbox 1894 5841 1987 5910; x_wconf 86' lang='lat' dir='ltr'><strong>sicut</strong></span> <span class='ocrx_word' id='word_1_492' title='bbox 2022 5841 2131 5911; x_wconf 92' lang='lat' dir='ltr'><strong>medii</strong></span> 
     </span>
    </p>
   </div>
   <div class='ocr_carea' id='block_1_4' title="bbox 429 6011 2000 6092">
    <p class='ocr_par' dir='ltr' id='par_1_4' title="bbox 429 6011 2000 6092">
     <span class='ocr_line' id='line_1_36' title="bbox 429 6011 2000 6092; baseline 0.006 -24"><span class='ocrx_word' id='word_1_493' title='bbox 429 6011 503 6071; x_wconf 73' lang='lat' dir='ltr'><strong>Tou.</strong></span> <span class='ocrx_word' id='word_1_494' title='bbox 521 6023 560 6070; x_wconf 82' lang='lat' dir='ltr'><strong>va</strong></span> <span class='ocrx_word' id='word_1_495' title='bbox 715 6081 721 6092; x_wconf 30' lang='lat'>⁸</span> <span class='ocrx_word' id='word_1_496' title='bbox 1963 6021 2000 6078; x_wconf 75' lang='lat' dir='ltr'><strong>tt</strong></span> 
     </span>
    </p>
   </div>
   <div class='ocr_carea' id='block_1_5' title="bbox 0 0 2708 7090">
    <p class='ocr_par' dir='ltr' id='par_1_5' title="bbox 0 0 2708 7090">
     <span class='ocr_line' id='line_1_37' title="bbox 0 0 2708 7090; baseline 0 6"><span class='ocrx_word' id='word_1_497' title='bbox 0 0 2708 7090; x_wconf 95' lang='lat' dir='ltr'><strong> </strong></span> 
     </span>
    </p>
   </div>
  </div>
 </body>
</html>
