5408 7108
1009 567 1421 646 nirtuuu'licus
2035 563 2102 638 271

300 795 455 866 ecclesie
480 797 590 866 deant
615 794 808 866 secundum
831 759 1048 865 consuetudo
1070 795 1114 865 de
1138 797 1214 882 ipso
1238 793 1364 884 locum,
1389 799 1425 863 et
1448 811 1511 882 per
1535 811 1670 865 annum
1696 791 1961 879 palmentateca
1991 791 2080 859 mihi
2104 788 2157 858 vel

301 951 342 1028 in
368 968 453 1037 pars
477 951 590 1038 ipsius
612 950 760 1020 ecclesie
781 949 902 1037 deant,
927 948 1025 1018 sicut
1048 955 1102 1019 est
1124 949 1357 1019 consuetudo:
1383 949 1531 1016 missum
1554 949 1727 1032 nostrum,
1754 947 1839 1022 dum
1869 962 1933 1032 pro
1966 945 2043 1032 ipse
2078 945 2158 1013 bin-

298 1102 421 1173 demie
445 1121 667 1192 perannum
691 1106 740 1173 ibi
764 1106 918 1192 steterit,
943 1104 1005 1174 ille
1028 1109 1064 1174 et
1087 1122 1169 1173 suos
1192 1103 1315 1173 eredes
1339 1103 1415 1189 ipso
1437 1101 1585 1169 missum
1602 1101 1764 1168 nutrient
1780 1098 1973 1168 secundum
1996 1118 2063 1168 sua
2081 1099 2158 1168 rue

301 1257 353 1325 rit
377 1257 624 1345 possibilitate,
648 1263 684 1327 et
707 1275 807 1326 ecum
832 1277 899 1344 que
923 1257 972 1325 ibi
996 1257 1192 1343 po'rtaberit
1216 1275 1278 1344 per
1301 1257 1493 1343 biudemie,
1517 1255 1659 1324 nutrire
1682 1254 1848 1340 debeant,
1875 1253 1960 1320 dum
1996 1255 2046 1319 ibi
2083 1258 2155 1322 ste·

300 1411 390 1480 terit
414 1409 479 1496 p'ro
505 1413 580 1498 ipse
604 1407 782 1482 bindemie
805 1412 851 1482 ad
874 1411 979 1499 palea
1000 1418 1036 1482 et
1058 1411 1218 1480 ordeum.
1244 1413 1289 1481 Et
1304 1429 1407 1479 omne
1424 1427 1519 1480 auno
1534 1413 1744 1496 potestatem
1759 1409 1928 1478 abeamus
1944 1409 2049 1476 rebus
2073 1407 2153 1494 ipsa

305 1565 521 1651 perquirere
546 1584 610 1651 pro
634 1565 880 1634 laborandum.
905 1566 950 1632 Et
972 1565 1077 1650 quale
1099 1567 1257 1652 tempore
1281 1565 1357 1652 ipse
1380 1564 1517 1633 cicerus
1540 1570 1577 1632 et
1591 1579 1672 1630 suos
1689 1561 1810 1630 eredes
1827 1562 2071 1648 suprascripta
2088 1579 2150 1629 no

299 1720 383 1786 stra
406 1716 621 1785 tradictione
644 1721 770 1785 tenere
792 1721 829 1786 et
853 1717 1015 1788 laborare
1038 1717 1208 1806 noluerit,
1234 1724 1392 1786 autnon
1415 1717 1570 1803 potuerit
1595 1715 1632 1783 iu
1656 1715 1862 1802 supradicto
1884 1713 2022 1800 ordine,
2056 1715 2157 1783 inte-

298 1887 368 1956 gra
394 1871 640 1956 suprascripta
664 1872 771 1939 rebus
793 1873 888 1940 bona
911 1871 1089 1958 laborata,
1106 1877 1143 1940 et
1159 1877 1318 1960 operata,
1338 1876 1374 1940 et
1390 1871 1501 1958 clusa,
1520 1873 1556 1938 et
1573 1871 1687 1956 salba,
1703 1867 1809 1955 quale
1828 1867 1890 1934 illo
1904 1872 2060 1954 ternpore
2078 1885 2151 1936 me

306 2021 438 2099 ruerit,
465 2023 653 2090 remictere
675 2022 720 2090 ad
744 2042 823 2094 mea
846 2023 900 2092 vel
926 2025 970 2092 de
991 2010 1156 2111 partibus
1178 2025 1290 2112 ipsius
1313 2025 1519 2093 ecclesiast
1543 2026 1620 2110 ipsa
1644 2025 1759 2108 buote,
1784 2026 1821 2090 et
1845 2023 1897 2091 sic
1922 2019 2029 2090 liceat
2047 2019 2150 2088 illum

1690 2123 1704 2150 .

299 2180 339 2244 et
364 2177 441 2244 eius
465 2176 588 2244 eredes
611 2176 693 2244 inde
715 2175 816 2270 exire
838 2183 920 2244 cum
943 2180 1064 2246 omnia
1087 2197 1152 2247 sua
1176 2197 1286 2248 causa
1311 2178 1469 2247 mobilia.
1495 2181 1542 2245 De
1566 2197 1638 2264 qua
1661 2195 1724 2262 per
1747 2175 2046 2244 combenieutiam
2062 2193 2154 2263 gua-

296 2327 360 2398 dia
385 2330 472 2396 mibi
500 2331 573 2416 ipse
596 2331 733 2398 cicerus
757 2329 837 2398 dedi
860 2335 897 2399 et
921 2330 1150 2399 mediatorem
1174 2331 1260 2398 mihi
1299 2331 1414 2417 posuit
1438 2333 1592 2416 seipsum
1612 2351 1621 2416 ;
1645 2337 1682 2398 et
1704 2333 1775 2417 pert
1799 2329 1877 2417 ipsa
1899 2328 2036 2417 guadia
2061 2329 2150 2396 obli-

256 2467 258 2472 ’
296 2481 408 2566 gavit
432 2500 470 2551 se
494 2482 569 2568 ipse
593 2473 732 2552 cicerus
754 2489 790 2554 et
813 2502 895 2553 suos
917 2485 1052 2572 eredes,
1077 2490 1117 2552 ut
1140 2486 1171 2550 si
1195 2482 1315 2552 taliter
1339 2485 1459 2553 omnia
1482 2481 1728 2571 suprascripta
1743 2483 1781 2550 in
1797 2501 1880 2568 pars
1904 2480 2017 2568 ipsius
2033 2481 2149 2550 accle-

301 2637 356 2704 sis
380 2655 453 2704 nun
477 2638 725 2726 adimpleberit
747 2645 782 2709 et
805 2640 935 2726 aliquit
959 2639 1042 2710 iude
1064 2641 1336 2725 contradixerit,
1360 2657 1424 2724 per
1447 2639 1524 2724 ipsa
1539 2636 1672 2725 guadia
1690 2653 1901 2721 componere
1922 2634 2097 2724 obligavit
2111 2655 2150 2705 se

305 2792 380 2876 ipse
403 2791 542 2859 cicerus
565 2797 600 2860 et
623 2810 704 2860 suos
726 2793 848 2861 eredes
872 2792 917 2860 ad
941 2798 1043 2878 parte
1057 2794 1215 2879 predicte
1230 2791 1376 2861 ecclesie
1393 2791 1546 2880 triginta
1560 2790 1642 2860 auri
1667 2790 1795 2858 solidos
1818 2747 2146 2859 constantinianus.

299 2945 560 3013 Verumtamen
585 2962 626 3012 oc
647 2962 896 3030 memoramus,
913 2946 1000 3030 quia
1016 2945 1131 3031 ipsum
1147 2943 1367 3033 pulmentum
1391 2945 1466 3034 ipse
1482 2949 1621 3015 cicerus
1638 2947 1676 3014 in
1695 2944 1772 3031 ipsa
1791 2948 1897 3013 rebus
1913 2963 2023 3031 supra
2046 2945 2154 3014 abire

301 3081 383 3166 cum
410 3097 580 3166 labellum
603 3116 667 3166 suo
689 3098 813 3166 amodo
834 3103 870 3165 et
893 3116 1002 3184 usque
1026 3117 1088 3184 per
1110 3103 1222 3167 totum
1247 3118 1403 3168 mensem
1427 3105 1597 3187 agnatum
1622 3100 1722 3184 prius
1747 3101 1928 3186 beniente,
1945 3103 1982 3168 et
1998 3099 2077 3186 ipsa
2094 3116 2152 3168 re-

301 3251 370 3318 bus
393 3253 544 3319 teneant
568 3252 643 3337 ipsa
665 3252 803 3320 cicerus
826 3257 863 3320 et
884 3251 969 3319 filiis
992 3251 1137 3320 filiabus
1159 3253 1250 3340 eius,
1275 3256 1361 3322 nato
1377 3259 1557 3340 nascente,
1573 3252 1817 3321 tantummodo
1834 3270 1904 3319 non
1922 3250 1983 3320 alii
2002 3250 2139 3319 omines

306 3420 370 3489 per
395 3403 569 3472 iamdicta
592 3405 727 3492 guadia
752 3411 787 3474 et
809 3405 1040 3495 obligatione,
1065 3407 1157 3493 quod
1180 3404 1307 3494 scripsi
1331 3423 1398 3494 ego
1421 3405 1582 3474 alderissi
1607 3403 1782 3472 notarius.

349 3526 381 3644 †
405 3555 481 3646 Ego
507 3559 681 3626 iohannes
705 3558 767 3645 qui
790 3577 900 3646 supra
923 3559 1100 3645 presbiter
1124 3565 1160 3627 et
1183 3561 1374 3630 adbocator
1397 3564 1459 3649 qui
1483 3569 1519 3631 et
1542 3562 1748 3631 subscribsi.

342 3679 374 3796 †
399 3709 474 3798 Ego
498 3711 608 3778 Ursus
630 3729 687 3779 me
708 3712 913 3799 subscripsi.

1106 4300 1336 4382 MXLV·

1075 4602 1133 4678 A·
1161 4601 1217 4677 D.
1246 4600 1379 4677 1044.

341 4859 370 4975 †
397 4887 436 4954 ln
462 4886 608 4955 nomine
632 4887 765 4956 domini
793 4889 958 4958 vicesimo
982 4891 1132 4975 septimo
1155 4907 1250 4960 anno
1267 4891 1492 4978 principatus
1509 4889 1643 4960 salerni
1658 4891 1779 4960 domni
1796 4893 1908 4962 nostri
1932 4895 2146 4984 guaimarii,

294 5043 336 5109 ut
360 5041 512 5129 septimo
535 5058 632 5110 anno
655 5041 734 5109 eius
757 5060 884 5128 capua,
902 5045 972 5112 bet
994 5047 1097 5112 sexto
1120 5061 1215 5112 anno
1237 5044 1388 5116 ducatus
1410 5043 1509 5114 illius
1533 5046 1655 5116 amalfi
1678 5050 1714 5114 et
1734 5046 1943 5135 sirrentum,
1969 5053 2006 5116 et
2036 5050 2148 5117 tertio

293 5209 389 5262 anno
412 5198 742 5282 suprascriptorum
765 5195 1035 5283 principatuum
1058 5202 1094 5266 et
1115 5198 1312 5267 ducatuum
1335 5198 1456 5266 domni
1480 5197 1594 5267 nostri
1618 5197 1732 5286 gisolfi
1755 5199 1834 5269 eius
1857 5199 1951 5299 filii,
1969 5206 2006 5269 et
2035 5203 2144 5272 tertio

293 5363 390 5414 anno
412 5347 567 5417 ducatus
592 5348 734 5416 illorum
758 5349 879 5437 apulie
902 5355 938 5418 et
961 5349 1133 5438 calabrie,
1158 5369 1279 5418 mense
1301 5350 1467 5438 martius,
1490 5349 1736 5420 tertiadecima
1761 5352 1969 5422 indictione.
1989 5353 2141 5444 Ideoque

294 5517 359 5570 nos
384 5521 407 5587 y
431 5519 556 5570 sumus
579 5505 701 5588 petrus
723 5506 760 5570 et
783 5503 968 5588 iaquintus
991 5506 1028 5571 et
1049 5501 1270 5590 grimoaldus
1293 5505 1460 5591 germani
1482 5504 1548 5574 filii
1575 5505 1756 5594 quondam
1790 5507 1939 5574 iohanni
1973 5511 2145 5608 cassuba-

294 5652 371 5740 nia,
394 5659 431 5723 et
453 5672 520 5741 ego
542 5652 673 5722 mulier
697 5655 841 5724 nomine
864 5673 1019 5743 gemma
1043 5674 1112 5742 que
1134 5673 1212 5724 sum
1238 5654 1362 5725 relicta
1384 5655 1580 5742 supradicti
1606 5655 1770 5744 iohanni,
1793 5662 1830 5726 et
1853 5659 1914 5747 qui
1931 5677 2052 5728 sumus
2071 5679 2148 5728 ma-

292 5809 349 5872 ter
373 5808 408 5873 et
431 5804 512 5892 dlii,
531 5805 795 5894 clarefecimus,
813 5808 982 5893 quoniam
998 5827 1021 5876 a
1037 5825 1121 5894 pars
1139 5807 1251 5894 ipsius
1267 5806 1419 5894 predicti
1436 5807 1585 5878 iohanni
1604 5805 1705 5878 nobis
1721 5813 1776 5879 est
1797 5811 2017 5898 pertinentes
2034 5815 2143 5883 abere

299 5953 523 6024 medietatem
557 5959 654 6024 terra
678 5973 758 6023 cum
783 5973 867 6026 casa
889 5975 952 6043 per
975 5957 1160 6028 circuitum
1185 5959 1333 6047 fabrita,
1356 5959 1447 6047 quod
1470 5962 1616 6030 abemus
1639 5961 1738 6031 intus
1760 5965 1905 6034 castello
1927 5966 2153 6037 firmamento
