5324 7088
631 479 702 549 hcl-⁶2
1094 537 1097 544 λ
1263 477 1439 552 donax
1474 475 1741 552 CAVENSIS

591 703 669 772 liter
691 703 743 788 de,
757 701 953 773 latitudine
968 703 1081 790 pedes
1104 703 1169 772 alii
1191 704 1496 792 qnadtuordecim3
1520 705 1563 776 de
1583 701 1716 794 quarta
1740 723 1894 792 namque
1917 709 2018 792 parte
2054 705 2128 808 fine
2160 711 2257 773 terra
2286 707 2322 772 et
2351 719 2434 774 casa

590 856 725 948 fabrita
749 825 862 943 ipsius
885 857 1093 960 monasterii
1118 856 1211 941 quod
1235 857 1303 924 sibi
1331 858 1543 942 reserbavit,
1566 863 1602 926 et
1625 857 1709 924 inde
1732 861 1816 932 sunt
1839 855 2004 924 similiter
2018 856 2062 923 de
2077 855 2302 943 longitudine
2316 855 2430 942 pedes

589 1005 654 1076 alii
679 1009 812 1096 viginti
837 1026 901 1077 sex
924 1009 1043 1075 minus
1070 1009 1176 1076 uncie
1191 1009 1391 1094 quadrum.
1418 1011 1504 1078 Tota
1519 1010 1763 1098 suprascripta
1778 1025 1947 1078 mensura
1963 1011 2171 1078 mensurata
2188 1007 2257 1076 fuit
2273 1007 2318 1076 ad
2338 1009 2429 1076 iusto
2446 1107 2449 1111 .

587 1160 674 1248 pede
697 1179 842 1229 manum
865 1161 1032 1232 hominis.
1058 1163 1129 1230 Hec
1152 1165 1272 1230 autem
1296 1162 1456 1248 predicta
1479 1167 1577 1230 terra
1599 1181 1677 1230 oum
1701 1181 1786 1230 casa
1810 1161 1941 1230 fabrita
1964 1179 2027 1246 per
2042 1161 2268 1246 supradictas
2291 1150 2441 1228 mensu*

583 1329 643 1379 ras
668 1330 748 1379 cum
772 1313 848 1380 vice
871 1312 914 1380 de
938 1312 1016 1398 ipsa
1038 1313 1225 1382 curticella
1250 1313 1309 1381 nbi
1333 1319 1387 1382 est
1410 1314 1486 1402 ipso
1509 1317 1669 1400 puteuin,
1685 1322 1721 1381 et
1737 1314 1780 1381 de
1797 1315 1872 1399 ipso
1888 1317 2033 1399 puteum
2049 1333 2070 1381 a
2086 1320 2121 1400 te
2140 1313 2320 1410 predictus
2337 1293 2432 1379 dom-

587 1482 656 1530 nus
680 1466 854 1533 iohannes
877 1467 1074 1554 abbasper
1098 1466 1206 1537 aliam
1232 1447 1407 1534 cartulam
1431 1466 1569 1551 suscepi
1594 1483 1660 1551 ego
1681 1464 1743 1550 qni
1767 1483 1876 1551 supra
1900 1465 2073 1533 iohannes
2090 1483 2156 1551 pro
2174 1469 2275 1552 parte
2297 1429 2429 1534 exdicti

587 1619 795 1686 monasterii
821 1625 944 1688 sancte
966 1620 1064 1705 sodo,
1088 1617 1183 1686 sicut
1210 1621 1287 1706 ipsa
1310 1619 1449 1686 cartula
1466 1619 1636 1703 continet,
1654 1617 1745 1703 quod
1762 1615 1892 1684 exinde
1908 1620 1995 1701 aput
2012 1635 2067 1682 me
2085 1617 2266 1685 firmatam
2284 1607 2432 1704 retineo,

587 1787 656 1854 que
681 1771 818 1857 scripta
841 1788 904 1857 per
935 1773 1105 1841 iohannes
1122 1770 1242 1838 scriba
1258 1777 1294 1837 et
1311 1771 1475 1844 roborata
1491 1787 1553 1856 per
1570 1771 1685 1856 ipsum
1703 1775 1862 1838 amatum
1881 1770 2002 1836 iudex.
2020 1772 2066 1836 De
2085 1789 2155 1856 qua
2171 1787 2237 1856 ego
2254 1770 2434 1857 predictus

582 1921 759 1990 iohannes
783 1942 846 2008 per
869 1925 1122 1994 convenientia
1145 1925 1280 2010 quadie
1302 1925 1372 1992 tivi
1394 1923 1522 1990 domno
1546 1923 1669 1990 abbati
1693 1926 1729 1990 et
1751 1925 1791 1990 tu
1815 1941 1887 1990 una
1912 1925 2030 1990 tecum
2060 1943 2149 2010 erga
2182 1927 2218 1991 te
2252 1924 2428 1992 abendum

583 2077 807 2184 advocatore,
832 2077 914 2144 dum
934 2076 978 2144 de
994 2076 1073 2162 ipsa
1095 2076 1229 2164 guadia
1253 2081 1289 2144 et
1310 2082 1350 2145 tu
1376 2075 1454 2162 ipsa
1475 2073 1611 2164 guadia
1634 2029 1818 2164 suscepisti
1843 2095 1906 2162 pro
1934 2077 2010 2144 vice
2038 2071 2189 2162 predicti
2222 2079 2432 2146 monasterii

478 2291 483 2300 .
582 2235 618 2298 et
641 2231 881 2350 fideiussorem
906 2232 974 2299 tivi
998 2234 1100 2317 posui
1123 2231 1284 2318 agberisi
1309 2229 1457 2298 clericus
1480 2231 1575 2298 filius
1600 2229 1777 2316 quondam
1801 2230 1998 2316 supradicti
2016 2205 2169 2298 arechisi
2190 2233 2379 2317 presbiteri
2397 2237 2432 2300 et

501 2475 502 2478 Ἴ
586 2382 724 2466 abbati;
747 2387 783 2449 et
807 2401 870 2468 per
895 2385 974 2468 ipsa
997 2384 1132 2470 guadia
1155 2383 1274 2500 obligo
1297 2401 1352 2450 me
1377 2361 1558 2468 predictus
1581 2382 1758 2450 iohannes
1774 2386 1811 2452 et
1827 2399 1924 2451 meos
1947 2382 2070 2450 eredes
2092 2401 2230 2468 semper
2252 2383 2434 2453 defensare

588 2534 634 2602 ad
659 2553 741 2620 pars
765 2535 917 2620 predicti
942 2534 1149 2606 monasterii
1176 2541 1297 2605 sancte
1320 2536 1404 2603 sode
1429 2535 1828 2624 integramprediotam
1852 2537 2097 2623 traditionem,
2129 2557 2236 2623 quarn
2268 2538 2433 2623 superius

587 2689 879 2756 commutationis
903 2688 1053 2759 hordine
1077 2687 1208 2757 tradidi
1227 2689 1291 2756 tivi
1310 2688 1437 2755 domno
1462 2689 1609 2758 iohanni
1634 2689 1755 2758 abbati
1776 2645 1839 2776 pro
1855 2689 2016 2773 partibus
2033 2689 2144 2772 ipsius
2162 2689 2370 2757 monasterii
2389 2689 2434 2756 da

590 2833 899 2913 onmeshoniines
922 2860 1000 2908 oum
1019 2839 1101 2908 uice
1124 2841 1169 2908 de
1190 2841 1349 2926 prediolo
1373 2839 1498 2926 andei3
1521 2829 1721 2926 aequando
1744 2844 1784 2907 tu
1808 2839 1988 2924 predictus
2004 2839 2153 2909 domnus
2171 2837 2344 2907 iohannes
2372 2843 2433 2908 ab·

586 2995 650 3062 bas
674 3002 711 3060 et
735 3010 954 3062 successores
977 2998 1068 3081 tuos,
1093 3011 1154 3060 sen
1178 3013 1262 3080 pars
1285 2994 1435 3079 predicti
1459 2995 1666 3061 monasterii
1691 2994 1878 3061 bolueritis
1902 2992 1977 3058 vice
2004 2997 2127 3059 nostra
2143 2997 2307 3060 auctores
2324 3001 2360 3060 et
2377 2993 2434 3060 de·
2550 3078 2557 3096 υ

582 3147 746 3215 fensores
770 3165 845 3216 esse
868 3147 911 3214 de
937 3145 1141 3232 supradicta
1157 3140 1236 3214 mea
1254 3145 1477 3232 tradictione,
1495 3165 1602 3231 quarn
1621 3147 1685 3213 tivi
1703 3143 1868 3231 superius
1884 3145 2175 3213 commutationis
2192 3144 2343 3212 hordine
2360 3150 2435 3214 tra·

584 3299 672 3386 didi,
700 3299 881 3368 licentiam
905 3303 941 3364 et
965 3303 1170 3384 potestatem
1196 3299 1333 3366 abeatis
1355 3302 1393 3365 tu
1416 3304 1452 3364 et
1476 3315 1695 3366 successores
1716 3304 1796 3392 tuos
1818 3303 1853 3366 et
1870 3317 1953 3384 pars
1968 3298 2097 3384 prefati
2114 3299 2321 3366 monasterii
2348 3299 2430 3365 inde

585 3470 737 3522 causare
760 3457 796 3518 et
819 3453 926 3520 finem
951 3450 1082 3537 facere,
1107 3449 1265 3536 qualiter
1288 3450 1486 3536 bolueritis,
1510 3470 1591 3518 cum
1615 3452 1720 3538 quale
1745 3453 1944 3520 munimine
1967 3459 2004 3521 et
2033 3455 2172 3520 ratione
2203 3453 2287 3520 inde
2315 3459 2431 3521 osten·

585 3606 668 3674 dere
692 3602 891 3688 bolueritis3
915 3608 951 3672 et
973 3603 1075 3670 modo
1097 3603 1177 3670 dedi
1202 3603 1267 3669 tivi
1290 3602 1335 3671 ad
1358 3602 1597 3670 defensionem
1621 3605 1697 3690 ipse
1711 3605 1913 3690 supradicte
1930 3605 2068 3672 cartule
2085 3623 2165 3672 cum
2184 3585 2294 3671 u'nnrn
2315 3603 2426 3671 aliurn

582 3759 726 3825 brebem
750 3755 793 3824 de
817 3756 953 3840 pariete
977 3754 1021 3824 de
1044 3755 1121 3840 ipsa
1139 3747 1240 3839 casa,
1265 3754 1327 3841 qui
1351 3757 1503 3842 scriptus
1525 3760 1579 3824 est
1602 3773 1664 3844 per
1689 3760 1804 3844 ipsum
1828 3757 2014 3844 iaquintus
2038 3760 2199 3826 notarius
2229 3763 2265 3824 et
2299 3755 2428 3824 ibidem

581 3911 776 3996 subscripti
801 3909 961 3979 ademari
985 3912 1150 3980 notarius
1172 3913 1209 3978 et
1232 3910 1375 3981 alfanus
1399 3911 1573 3982 notarius.
1593 3915 1638 3981 Ut
1660 3912 1803 3999 quaudo
1825 3930 1881 3980 me
1905 3912 1957 3980 rel
1976 3930 2070 3980 meos
2091 3913 2213 3981 eredes
2236 3913 2280 3981 de
2305 3932 2432 3999 supra·

586 4057 682 4129 diota
707 4080 785 4128 mea
811 4061 1024 4130 tradictione
1040 4080 1104 4129 nos
1120 4063 1325 4150 quesieritis
1341 4066 1447 4133 abere
1464 4069 1607 4134 autores
1624 4071 1660 4134 et
1674 4065 1890 4153 defensoreS,
1907 4066 1999 4134 detis
2015 4068 2115 4134 nobis
2135 4069 2209 4154 ipse
2225 4069 2434 4154 supradicte

582 4211 718 4281 cartule
735 4219 771 4280 et
786 4215 901 4299 ipsum
919 4215 1063 4283 brebem
1078 4217 1115 4282 et
1133 4217 1248 4301 ipsum
1265 4218 1437 4300 parietem
1453 4217 1552 4286 salbe
1565 4222 1600 4286 et
1613 4219 1766 4305 salbum,
1781 4220 1828 4288 ad
1843 4221 2018 4289 abendum
2033 4239 2095 4288 nos
2112 4221 2170 4290 ille
2187 4221 2314 4290 diebus
2331 4241 2436 4320 sexa-

585 4365 714 4452 ginta,
738 4370 774 4434 et
798 4383 862 4433 nos
885 4367 1107 4436 defensemus
1132 4369 1208 4455 ipsa
1232 4369 1438 4456 supradicta
1464 4379 1585 4440 nostra
1608 4372 1824 4458 traditione,
1850 4373 2004 4461 qualiter
2036 4376 2201 4460 superius
2226 4375 2308 4444 illas
2335 4377 2433 4444 hobis

584 4519 870 4588 commutationis
893 4521 1042 4590 hordine
1058 4521 1272 4627 tradidimus
1286 4523 1354 4591 tivi
1370 4523 1495 4613 tuique
1517 4527 1792 4613 successoribus,
1809 4543 1872 4593 seu
1889 4525 1933 4594 ad
1950 4545 2035 4613 pars
2053 4527 2187 4594 exdicti
2206 4530 2431 4615 monasterii,
2489 4553 2492 4556 ·
2539 4519 2541 4522 ’
2632 4559 2633 4620 3

584 4667 630 4736 da
653 4687 775 4740 omnes
798 4670 970 4757 homines,
987 4670 1081 4740 sicut
1097 4691 1208 4760 supra
1230 4672 1467 4772 diximus3et
1490 4681 1568 4762 post
1590 4679 1753 4764 completi
1779 4677 1853 4766 ipse
1877 4679 2069 4765 sexaginta
2092 4679 2217 4747 diebus
2248 4680 2433 4750 retdamus

582 4811 650 4894 tiv'i
676 4825 802 4910 tuique
824 4828 1098 4914 successoribus,
1122 4843 1185 4895 seu
1209 4826 1253 4897 ad
1283 4846 1368 4914 pars
1392 4829 1544 4915 predicti
1576 4831 1785 4901 monasterii
1817 4833 1891 4917 ipse
1916 4829 2055 4898 cartule
2085 4830 2184 4900 salbe
2207 4852 2289 4900 curn
2317 4834 2433 4920 ipsum

583 4981 725 5073 brebem
749 4977 902 5067 salbum,
926 4980 1030 5066 quale
1054 4981 1155 5050 nobis
1171 4983 1341 5050 dederitis
1358 4999 1419 5067 per
1435 4999 1557 5048 omnes
1582 4981 1687 5068 vices,
1706 4983 1750 5052 ad
1774 4982 1952 5053 abendurn
1969 4981 2049 5053 illas
2073 5003 2158 5070 pars
2182 4987 2336 5072 predicti
2361 5005 2435 5055 mo·

582 5131 735 5199 naslerii
759 5131 856 5198 omni
881 5139 1037 5218 tempore
1063 5133 1100 5199 in
1124 5135 1330 5218 supradicta
1360 5137 1509 5204 ratione.
1541 5134 1577 5204 Si
1601 5141 1722 5206 autem
1746 5155 1812 5224 ego
1836 5116 2015 5224 predictus
2049 5139 2224 5208 iohannes
2255 5140 2309 5208 vel
2335 5157 2431 5208 meos

581 5282 704 5352 eredes
726 5285 861 5368 omnia,
886 5284 1044 5372 qualiter
1067 5288 1230 5373 superius
1246 5287 1392 5376 legitur,
1409 5290 1477 5358 tiri
1503 5291 1660 5376 predicto
1675 5291 1803 5360 domno
1826 5293 1951 5361 abbati
1968 5292 2066 5362 etad
2090 5297 2172 5364 tuos
2194 5311 2429 5368 successores,

581 5453 644 5505 seu
668 5435 713 5505 ad
737 5431 996 5523 pars'predieti
1022 5442 1228 5508 monasterii
1258 5401 1331 5508 non
1359 5440 1690 5530 adimpleberimus‚
1716 5449 1751 5512 et
1783 5445 1812 5512 si
1835 5439 1980 5546 aliquit,
2005 5447 2048 5514 de
2072 5401 2165 5532 quod
2192 5447 2360 5533 superius
2387 5445 2436 5513 le·

581 5585 695 5672 gitur,
720 5588 901 5656 remobere
930 5588 985 5656 vel
1014 5589 1258 5660 contradicere
1273 5591 1521 5680 quesierimus,
1539 5597 1602 5662 aut
1624 5594 1655 5662 si
1678 5597 1773 5664 hanc
1795 5597 2110 5666 commutationem
2135 5615 2199 5684 per
2221 5599 2347 5684 quobis
2376 5599 2436 5666 in-

583 5741 733 5825 genium
749 5739 973 5828 dirrumpere
1000 5741 1250 5827 quesierimus,
1266 5749 1302 5810 et
1325 5761 1464 5832 semper
1488 5747 1641 5816 tirmiter
1665 5733 1794 5820 ibidem
1819 5767 1891 5817 non
1915 5751 2233 5837 permanserimus,
2261 5769 2323 5837 per
2347 5753 2429 5837 ipsa
