5408 7108
1016 481 1428 618 nrrnoulrrcus
1471 482 1483 500 ⁰
2040 541 2109 614 aaa

305 772 343 835 et
366 767 455 836 meis
477 766 641 834 eredibus
666 769 704 836 at
721 769 1004 851 'componendum
1029 768 1127 835 vobis
1153 707 1537 857 vestrisqueeredibus
1553 769 1677 838 decem·
1697 779 1779 837 auri
1804 767 1931 835 solidos
1955 768 2160 833 constanti-

278 917 453 1005 ‚nian0s,
479 921 527 1004 et,
553 917 645 986 siout
668 918 834 1004 superius
858 917 1003 1006 legitur,
1029 883 1114 988 illut
1134 921 1230 988 vobis
1253 925 1447 1010 vestrisque
1470 922 1636 991 eredibus
1660 922 1881 1000 defensemus
1905 937 1967 1006 per
1987 916 2161 987 iamdicta

202 1093 206 1104 ·
306 1069 443 1156 guadia
472 1073 509 1136 ct
535 1064 628 1155 pena
654 1067 825 1155 obligata.
857 1069 969 1143 Quam
997 1073 1033 1137 te
1061 1057 1182 1156 petrus
1212 1031 1474 1158 protonotarius
1501 1075 1656 1160 scribere
1688 1059 1915 1160 rogabimus,
1941 1074 2056 1139 actum
2092 1086 2167 1135 nu-

223 1319 227 1330 .
303 1225 414 1291 cerie.
830 1177 836 1188 ’

255 1347 265 1368 ’
352 1345 484 1460 †Ego
508 1373 680 1442 iohannes

111 1481 119 1498 ⁸
350 1495 381 1612 †
407 1527 445 1592 ln
471 1529 537 1594 hoc
561 1543 627 1613 ego
650 1529 773 1612 petrus
797 1529 946 1598 affirmo.

1284 1795 1288 1804 ι
1406 1791 1412 1803 Ι

1019 1817 1493 1834 m

1068 2231 1072 2236 ,
1139 2125 1347 2226 ΜΧΧΙ.
1401 2151 1408 2158 ·

892 2473 895 2480 ·
999 2387 1012 2410 ⁵
1087 2444 1143 2520 A.
1171 2439 1385 2535 plena.
1663 2471 1681 2514 0

239 2795 245 2812 ,
352 2699 384 2814 †
409 2728 447 2794 ln
475 2728 780 2797 nominedomini
805 2728 1119 2818 vicesimoquinto
1147 2748 1241 2801 anno
1269 2730 1493 2816 principatus
1515 2729 1655 2832 salerni
1683 2728 1802 2796 domni
1826 2699 1940 2796 nostri
1966 2690 2164 2816 guaimarii

316 2875 463 2963 gloriosi
487 2879 676 2966 principis,
693 2885 729 2948 et
745 2881 873 2966 quinto
897 2898 992 2948 anno
1016 2883 1237 2968 principatus
1261 2882 1339 2950 eius
1355 2900 1468 2966 capue
1492 2884 1527 2950 et
1542 2881 1617 2948 dux
1640 2880 1771 2966 amalll,
1789 2883 1825 2947 et
1840 2884 1970 2966 quarto
1987 2898 2082 2948 anno
2097 2883 2165 2950 du-

309 2993 536 3100 catusillius
560 3032 731 3119 sirrenti,
756 3041 792 3102 et
814 3037 966 3102 secundo
989 3054 1083 3104 anuo
1111 2999 1434 3120 suprascriptorum
1461 2993 1726 3124 principatuum
1760 3037 1796 3118 et
1818 3032 2010 3100 ducatuum
2040 3032 2166 3100 domui

311 3186 425 3252 nostri
451 3185 567 3273 gisolfi
592 3187 916 3280 eximii'principis
940 3195 974 3256 et
996 3189 1071 3256 dux
1099 3189 1173 3258 lilio
1199 3192 1289 3275 eius,
1316 3193 1353 3256 et
1376 3135 1489 3274 primo
1516 3207 1611 3260 anno
1634 3189 1782 3258 ducatus
1813 3188 1955 3276 illorum
1984 3189 2104 3276 apulie
2128 3194 2165 3258 et

201 3421 207 3432 Ι
308 3337 494 3426 calabrie,
520 3358 641 3408 mense
673 3341 806 3429 aprili,
835 3343 1022 3410 undecima
1052 3341 1257 3450 indictione.
1286 3337 1572 3428 Memoratoiium
1598 3311 1732 3410 factum
1760 3361 1782 3409 a
1809 3307 1866 3409 me
1894 3339 2039 3410 alfanus
2069 3341 2164 3411 nlius

305 3481 483 3576 quondam
506 3490 614 3579 leoni,
632 3493 780 3578 eoquod
803 3497 889 3561 ante
912 3495 1102 3580 subscripti
1127 3457 1263 3561 idoneis
1286 3495 1393 3561 testes
1420 3467 1486 3579 per
1510 3493 1771 3559 combenientia
1801 3511 1908 3577 quarn
1941 3499 1976 3559 et
2009 3511 2071 3577 per
2103 3493 2163 3558 bo-

308 3641 495 3712 lumtat'ern
523 3647 559 3712 et
576 3641 802 3731 largietatem
826 3645 868 3713 de
884 3646 1031 3712 heredes
1055 3645 1234 3731 quondam
1259 3643 1425 3712 lamberti
1450 3642 1570 3711 comlti
1587 3601 1623 3712 et
1637 3643 1809 3711 adelberti
1826 3645 1946 3712 comiti
1965 3625 2031 3710 illii
2047 3661 2170 3730 quon--

306 3792 387 3863 dam
415 3755 594 3863 landoarii
622 3797 743 3864 comiti
772 3795 924 3864 tradidit
956 3795 1063 3862 michi
1097 3801 1135 3864 at
1162 3797 1354 3864 tenendum
1384 3793 1420 3864 e't
1447 3796 1706 3883 pastenandum
1734 3801 1770 3864 et
1799 3793 2030 3866 laborandum
2055 3795 2169 3882 praxi.

247 3975 251 3986 ·
305 3945 479 4042 presbiter
503 3950 539 4014 et
561 3949 672 4016 abbas
698 3946 848 4016 ecclesie
868 3948 1077 4015 bocabulum
1102 3950 1219 4017 sancti
1247 3948 1386 4034 Nicola,
1415 3951 1477 4036 qui
1509 3955 1751 4018 constructam
1775 3953 1950 4034 estsuper
1974 3967 2072 4048 mare
2091 3953 2168 4052 ubi

256 4177 261 4186 ,
306 4096 520 4185 gallucantu
538 4097 688 4186 dicitur,
706 4102 945 4186 pertinentem
971 4099 1117 4168 ecclesie
1143 4103 1219 4188 ipsa
1235 4103 1277 4184 de
1294 4104 1467 4186 predictos
1491 4097 1617 4173 eredes'
1636 4105 1800 4171 lamberti
1818 4105 1936 4170 comiti
1953 4103 2047 4170 etde
2072 4106 2162 4171 iam-

306 4249 428 4328 dictus
447 4251 649 4320 adelbertus
669 4213 789 4322 eomes
811 4253 854 4321 de
879 4255 985 4320 rebus
1000 4223 1209 4340 pertinente
1232 4256 1404 4324 hecclesie
1432 4274 1500 4341 que
1528 4275 1604 4338 esse
1629 4247 1769 4322 bide'tur
1795 4255 1831 4320 iu
1859 4231 1930 4322 loco
1962 4257 2129 4324 salictum
2151 4278 2160 4342 ;

304 4377 382 4471 una
398 4405 498 4490 pecia
521 4406 564 4475 de
588 4410 687 4475 terra
710 4410 825 4476 bacua
849 4427 911 4495 per
934 4428 974 4477 as
991 4410 1080 4476 lines
1102 4412 1137 4476 el
1160 4425 1367 4476 mensuras:
1394 4405 1596 4475 de'duobus
1626 4407 1738 4477 latere
1755 4411 1807 4476 est
1822 4409 1865 4476 de
1882 4407 2068 4506 longitudo
2088 4427 2161 4512 ana

305 4557 402 4654 passi
428 4525 695 4662 quadraginta,
720 4565 756 4629 et
778 4537 816 4626 iu
840 4561 958 4646 capite
981 4581 1003 4630 a
1027 4566 1151 4646 suptus
1173 4565 1227 4628 est
1244 4559 1287 4628 de
1311 4558 1460 4628 latitudo
1484 4521 1555 4627 ana
1577 4515 1815 4658 passi⁰deoem
1841 4568 2085 4627 mensuratum
2113 4560 2160 4628 ad

304 4713 399 4788 'msto
424 4730 528 4798 passu
553 4712 709 4806 hominis
731 4718 767 4781 et
789 4715 832 4782 de
855 4733 901 4782 ex
924 4713 1019 4781 omni
1043 4717 1144 4800 parte
1167 4669 1396 4781 coniunctum
1412 4713 1523 4782 estad
1548 4714 1832 4800 rebuspredicte
1855 4711 2016 4798 ecclesie-3
2036 4717 2073 4781 in
2092 4717 2176 4784 hoc.
2244 4738 2247 4746 ·
2291 4747 2294 4752 ·

304 4861 429 4930 ordine
453 4817 528 4948 ipse
544 4865 656 4942 abbas
679 4865 761 4934 illut
777 4865 886 4933 michi
906 4865 1069 4972 tradidit,
1088 4868 1127 4932 ut
1150 4864 1274 4934 amodo
1297 4869 1334 4932 et
1349 4882 1460 4950 usque
1483 4869 1616 4950 septem
1633 4866 1720 4933 anui
1738 4863 1900 4950 completi
1919 4881 1984 4952 ego
2000 4871 2036 4933 et
2060 4881 2156 4934 meos

307 5016 456 5086 heredes
478 5017 557 5104 ipsa
580 5019 686 5085 rebus
710 5023 893 5087 teneamus
916 5023 951 5086 et
973 4966 1216 5106 dominamus,
1243 5021 1279 5084 el
1303 5017 1401 5084 lobee
1429 5023 1465 5114 et
1489 5036 1610 5086 omnes
1638 5027 1758 5087 nostre
1783 5018 1950 5086 utilitatis
1974 5018 2070 5086 iusta
2100 5037 2158 5086 ra·
2180 5043 2186 5095 ς

305 5169 440 5238 tionem
464 5169 594 5237 ibidem
618 5119 791 5276 faciamus
813 5173 851 5239 et
873 5173 1056 5258 abeamus,
1080 5173 1116 5237 et
1139 5173 1251 5237 toturn
1277 5134 1604 5255 illutpastenemus
1628 5171 1733 5238 vinea
1760 5169 1803 5237 de
1832 5171 1923 5236 bono
1948 5157 2099 5254 bitineo,
2125 5174 2160 5237 et

305 5324 366 5392 ubi
392 5278 578 5408 meruerit,
604 5321 685 5390 illut
710 5321 919 5408 cludamus,
944 5327 979 5390 et
1002 5321 1210 5390 annualiter
1238 5326 1349 5390 totum
1368 5321 1450 5388 illut
1476 5323 1670 5390 studiemus
1697 5325 1733 5389 et
1755 5337 1956 5408 surgamus
1976 5322 2168 5388 ut'bonum

303 5480 430 5562 pareat
447 5477 654 5546 annualiter
679 5473 876 5582 laboratum
900 5473 1133 5542 etcul'tatum
1157 5479 1192 5543 et
1216 5473 1352 5546 salvum
1378 5472 1460 5541 illut
1485 5473 1656 5560 faciamus
1679 5479 1715 5540 et
1729 5472 1776 5540 da
1801 5477 1951 5559 parutus
1967 5472 2026 5558 sit,
2046 5480 2085 5540 ut
2104 5472 2168 5539 bi-=

302 5591 495 5700 nun'r'indc
518 5628 663 5714 exierit,
686 5599 742 5698 vel
765 5631 881 5699 facere
905 5629 1138 5715 potuerimus,
1162 5625 1369 5696 annualiter
1393 5643 1456 5711 per
1480 5624 1658 5694 bindemie
1686 5624 1861 5694 faciamus
1886 5591 1978 5694 scire
1996 5625 2071 5712 ipse
2096 5627 2159 5716 ab·

300 5785 366 5852 bas
389 5802 452 5872 pro
475 5803 559 5871 pars
583 5782 695 5871 ipsius
718 5781 865 5852 ecclesie
879 5830 891 5872 ,
914 5779 1111 5858 utibidem
1136 5767 1277 5866 'dirigat
1305 5777 1452 5847 missum
1479 5797 1595 5866 suum,
1620 5783 1656 5847 et
1673 5797 1738 5847 nos
1761 5783 1845 5848 aute
1871 5779 1985 5867 ipsum
2011 5781 2163 5846 missum

457 5969 527 6028 Tota.
549 5933 592 6026 rr}
1145 5983 1151 5996 ·
1822 5917 1833 5938 .
1922 5917 1929 5931 ⁹
1966 5970 2002 6028 30
