5456 7096
608 506 655 580 80
900 505 910 524 ’
1241 499 1415 578 conix
1447 501 1715 622 diviensis

561 692 699 824 absque
724 737 821 802 omni
846 734 1106 804 contrarietate
1129 737 1248 804 nostra
1270 738 1306 803 et
1328 732 1372 802 de
1395 732 1527 804 nostris
1549 730 1729 836 eredibus3
1759 734 1797 800 et
1822 749 1886 820 pro
1917 731 2198 802 confirmandam
2221 733 2259 801 et
2275 730 2413 800 stavili·

559 890 728 959 scendum
753 879 822 959 ane
846 893 970 959 nostra
993 887 1233 976 donationem,
1258 887 1472 976 apresentis
1496 889 1599 958 iuxta
1616 885 1731 976 legem
1749 886 1928 976 launegilt
1951 907 1974 958 a
1997 891 2034 958 te
2050 885 2232 956 nominato
2248 885 2408 956 castaldo

558 1043 678 1132 recepi
704 1045 918 1114 mantellum
942 1059 1102 1130 anegrav
1127 1059 1236 1110 unum
1260 1047 1296 1112 et
1318 1043 1399 1122 auri
1423 1025 1552 1110 solidos
1575 1043 1618 1111 de
1642 1043 1713 1112 tari
1736 1042 1942 1130 quindecim
1967 1042 2011 1110 de
2033 1060 2105 1112 ana
2127 1041 2304 1128 quadtuor
2336 1015 2408 1111 tari

540 1168 642 1269 'boni
668 1217 733 1284 per
756 1146 1009 1285 unumquoque
1031 1196 1195 1284 solidum,
1213 1197 1305 1266 sicut
1321 1195 1416 1266 inter
1431 1197 1533 1265 nobis
1550 1197 1730 1266 combenit
1750 1197 1788 1266 in
1803 1197 1918 1264 omnis
1934 1193 2205 1280 deliveratione3
2231 1194 2407 1282 finitaque

561 1345 647 1422 vei-o
670 1356 794 1420 nostra
814 1303 1008 1454 donatione
1024 1369 1086 1437 per
1102 1353 1326 1438 subsceptum
1341 1350 1529 1439 launegilt,
1543 1352 1586 1420 de
1602 1371 1674 1440 qua
1692 1369 1758 1440 ego
1771 1351 1999 1438 supradictus
2018 1348 2213 1418 lambertus
2231 1365 2293 1434 per
2317 1364 2409 1422 rona

560 1503 827 1575 combenientia
851 1503 986 1590 guadia
1009 1503 1074 1572 tivi
1092 1503 1295 1590 supradicto
1311 1505 1457 1574 landoni
1474 1504 1633 1574 castaldo
1651 1457 1827 1594 dedimus,
1842 1509 1879 1574 et
1894 1490 2125 1576 mediatorem
2143 1504 2205 1573 tivi
2223 1505 2404 1612 posuimus

502 1645 504 1648 ’
564 1659 638 1752 riso
662 1659 867 1727 surrentino
890 1658 1006 1727 filium
1029 1657 1208 1745 quondam
1232 1656 1394 1750 iohanni3
1419 1664 1456 1727 et
1480 1674 1543 1746 per
1566 1660 1690 1730 eadem
1715 1627 1850 1748 guadia
1873 1659 2110 1750 obligavimus
2134 1677 2198 1727 nos
2214 1662 2251 1728 et
2267 1663 2406 1731 nostros

558 1813 655 1881 filios
679 1767 863 1898 et'eredes
885 1812 1010 1882 amodo
1033 1817 1069 1881 et
1091 1829 1228 1897 semper
1252 1813 1496 1883 antistandum
1521 1815 1557 1881 et
1580 1811 1835 1882 defensandum
1858 1813 1925 1882 tivi
1942 1811 2067 1900 tuique
2090 1811 2256 1881 eredibus
2280 1805 2407 1883 inclita
2445 1908 2449 1916 Ι

561 1970 640 2057 ipsa
663 1969 907 2056 suprascripta
930 1971 1054 2037 nostra
1076 1968 1267 2038 donatione
1290 1971 1336 2038 ab
1359 1967 1476 2036 omnis
1499 1967 1636 2036 omines
1663 1966 1832 2054 omnique
1847 1968 2024 2054 partibus,
2042 1970 2079 2036 et
2094 1986 2176 2035 cum
2199 1967 2275 2036 bioe
2290 1967 2333 2037 de
2349 1968 2405 2037 vie

560 2140 624 2192 sue
646 2093 683 2192 e't
704 2122 751 2200 da
773 2140 858 2229 pars
880 2121 923 2189 de
947 2122 1026 2207 ipsa
1048 2087 1161 2191 unere
1183 2140 1270 2208 sua3
1295 2121 1387 2206 quod
1410 2123 1440 2188 si
1464 2121 1586 2188 taliter
1609 2123 1686 2188 cto.¹
1703 2121 1852 2208 Statutu
1873 2121 2008 2188 nancto
2030 2122 2298 2207 quinquaqinta
2324 2121 2404 2189 soti·

557 2277 688 2346 dorum
721 2279 807 2380 auri
833 2276 1071 2345 Constantini.
1097 2275 1142 2344 lit
1164 2243 1306 2382 taliter'e
1341 2275 1498 2344 scribere
1535 2275 1741 2362 rogabimus
1763 2277 1798 2342 te
1822 2279 1946 2362 petrus
1982 2274 2136 2343 clericus
2164 2277 2202 2343 et
2224 2275 2401 2354 notarius,

558 2435 679 2502 actum
702 2433 863 2500 nuceria.
1022 2415 1043 2452 ⁸
1156 2465 1159 2474 v
2460 2381 2471 2400 ⁹

607 2553 639 2670 †
664 2583 740 2670 Ego
762 2583 824 2669 qni
849 2575 958 2668 supra
981 2587 1102 2668 petrus

605 2705 636 2832 †
661 2736 737 2822 Ego
761 2733 934 2802 iohannes
958 2734 1121 2802 notarius
1143 2753 1199 2803 me
1222 2735 1431 2822 subscripsi.

1506 2983 1513 2995 Ι

1346 3219 1645 3362 ΟΜΧΧΙῌΙ

1335 3529 1393 3604 A.
1421 3527 1476 3604 D.
1508 3511 1646 3602 1036?

523 3909 528 3917 Ι
602 3767 639 3910 †
663 3821 703 3886 ln
727 3819 872 3888 nomine
895 3818 1030 3886 domini
1054 3816 1220 3886 vicesimo
1242 3833 1337 3888 anuo
1359 3816 1582 3903 principatus
1605 3813 1725 3882 domni
1749 3814 1864 3881 nostri
1888 3812 2086 3901 guaimari,
2109 3817 2146 3883 et
2177 3815 2293 3902 primo
2317 3831 2413 3886 anno

360 3951 372 3978 ⁹
456 3959 459 3964 ¹
557 3974 785 4066 principatus
801 3973 920 4041 domni
939 3974 1086 4040 iohanni
1103 3973 1181 4039 eius
1196 3969 1276 4057 filii,
1292 3969 1436 4057 gloriosi
1453 3967 1688 4056 principibus,
1711 3983 1834 4035 mense
1850 3965 2048 4054 december,
2064 3968 2169 4036 sexta
2193 3966 2404 4040 indictione.

555 4095 830 4218 Egoiohannes
854 4125 949 4193 iilius
971 4101 1148 4212 quondam
1172 4122 1355 4210 romoaldi,
1378 4085 1480 4190 siout*
1495 4121 1585 4188 mihi
1609 4137 1807 4208 congruum
1831 4123 1897 4207 est,
1924 4138 1987 4206 per
2022 4137 2091 4188 anc
2124 4120 2303 4190 cartulam
2328 4141 2408 4194 mea

555 4253 756 4354 bolumtatc
780 4285 864 4351 au‘te
889 4280 1080 4386 subscripti
1105 4281 1212 4348 testes
1234 4274 1446 4346 benumdedi
1470 4273 1536 4344 tibi
1560 4273 1708 4380 iohanni
1732 4271 1806 4341 illio
1828 4271 2007 4358 quondam
2033 4273 2148 4360 mari,
2172 4275 2232 4360 qui
2257 4275 2418 4343 bocatur·

556 4417 720 4524 ialretra,
746 4409 1034 4524 quantum'mihi
1059 4435 1128 4502 fuit
1150 4435 1187 4502 et
1203 4433 1257 4500 est
1271 4394 1492 4518 pertinentes
1507 4430 1614 4496 abere
1630 4446 1652 4496 a
1668 4425 1873 4514 supradicto
1887 4424 2041 4514 genitori
2066 4429 2101 4495 et
2117 4425 2301 4514 genetrice
2324 4445 2406 4497 mea

555 4593 809 4664 deterrarum
827 4587 967 4658 casada
984 4587 1166 4656 intusanc
1182 4557 1440 4690 salernitanam
1456 4583 1687 4652 cibitatum-a
1709 4583 1835 4650 subtus
1858 4579 1994 4668 platea,
2018 4599 2087 4668 que
2110 4579 2210 4649 ducit
2232 4579 2278 4649 ad
2301 4584 2405 4668 porta

556 4742 647 4814 elini
673 4746 710 4812 et
732 4744 930 4832 propinquo
953 4739 1104 4809 ecclesia
1125 4745 1247 4807 sancte
1263 4739 1376 4807 marie
1391 4736 1627 4824 pertinentem
1644 4735 1846 4824 supradicto
1863 4737 2014 4824 mangni
2034 4736 2190 4824 principi
2206 4735 2302 4806 etde
2325 4755 2406 4824 ger·

556 4899 657 4968 mani
680 4897 769 4985 eiuS,
795 4896 896 4965 etde
919 4895 987 4963 due
1010 4897 1124 4982 pertis
1147 4893 1225 4980 ipsa
1249 4899 1344 4962 terra
1366 4909 1447 4959 cum
1470 4909 1554 4960 casa
1577 4883 1622 4958 ad
1647 4890 1705 4958 via
1727 4889 1789 4976 qui
1812 4888 1994 4958 descendit
2019 4890 2065 4958 ab
2097 4889 2175 4974 ipsa
2210 4887 2332 4974 platea
2367 4891 2404 4958 et

558 5052 712 5122 rebolbit
738 5055 774 5120 et
797 5049 896 5119 ducit
918 5048 996 5135 ipsa
1019 5047 1079 5127 via
1096 5048 1132 5114 in
1150 5049 1251 5132 parte
1267 5044 1414 5112 orientis
1438 5042 1532 5112 inter
1555 5043 1632 5130 ipsa
1654 5047 1753 5112 terra
1775 5047 1811 5112 et
1832 5058 1917 5111 casa
1939 5045 1976 5110 et
1999 5043 2078 5128 ipsa
2112 4995 2289 5128 ecclesia,
2308 5058 2410 5110 seeu-
2478 5141 2484 5152 Ι

557 5209 648 5275 riter
671 5211 711 5274 tu
735 5204 956 5291 supradictus
981 5203 1155 5271 iohannes
1177 5205 1213 5269 et
1235 5203 1315 5268 tuos
1337 5197 1457 5267 eredes
1481 5199 1610 5265 cuncta
1631 5195 1839 5282 supradicta
1854 5213 1932 5265 mea
1949 5193 2154 5263 benditione
2170 5165 2273 5262 vobis
2297 5158 2411 5264 aben·

557 5360 659 5448 dum,
673 5359 939 5460 dominandum,
954 5355 1205 5445 possidendum¹
1217 5358 1253 5423 et
1267 5321 1387 5421 omnia
1405 5325 1487 5420 inde
1502 5351 1705 5428 faciendum
1719 5349 1811 5437 qnod
1827 5349 2026 5435 bolueritis,
2046 5350 2181 5436 absque
2204 5348 2302 5417 omni
2317 5367 2398 5419 mea

555 5522 594 5585 et
609 5516 652 5585 de
668 5517 756 5584 mels
771 5514 948 5600 eredibus,
966 5516 1029 5582 aut
1045 5509 1213 5597 cuiquam
1228 5507 1407 5575 ominibus
1422 5506 1677 5573 contrarietate
1694 5502 1751 5572 vel
1768 5502 2017 5589 requisitione,
2042 5452 2166 5588 et‘pro
2190 5495 2408 5584 confirman-

556 5671 639 5742 dam
664 5671 762 5736 vobis
786 5659 962 5738 iamdicta
985 5665 1227 5734 benditionem
1249 5681 1272 5731 a
1294 5660 1469 5748 presentis
1492 5657 1612 5744 accepi
1637 5661 1717 5726 ate
1740 5655 1869 5726 exinde
1884 5654 2078 5724 ‘duodecim
2102 5655 2184 5726 auri
2208 5655 2281 5724 tari
2306 5639 2405 5742 boni,

555 5831 587 5897 si
595 5830 656 5897 cut
679 5829 861 5894 internos
884 5821 1073 5892 combenit:
1099 5821 1272 5905 finitoque
1295 5815 1449 5925 pretium
1474 5815 1587 5902 ipsum
1612 5817 1699 5901 aput
1714 5832 1769 5883 me
1785 5814 1885 5882 abeo.
1905 5813 1949 5882 de
1964 5831 2038 5900 qua
2054 5830 2118 5900 per
2135 5811 2406 5882 combenientia
