5456 7096
625 464 696 539 150
1248 476 1436 553 CODEX
1475 477 1771 554 CAVENSIS

575 690 655 760 miti
683 698 719 764 et
742 699 983 788 coniungeute
1005 703 1044 770 in
1068 702 1145 790 ipsa
1169 703 1228 772 bie
1251 721 1400 772 comune
1423 723 1492 791 que
1516 703 1616 774 badit
1639 705 1685 774 ad
1709 706 1784 792 ipso
1807 705 1905 794 lagu,
1929 707 1966 774 et
1989 703 2121 774 abinde
2147 702 2353 772 rebolbente
2382 701 2421 770 in

575 847 678 928 parte
703 831 898 919 occidentis
921 852 1015 921 iusta
1037 853 1116 939 ipsa
1139 851 1199 920 bia
1222 857 1258 922 et
1279 857 1522 942 coniungente
1546 857 1583 923 in
1608 857 1683 944 ipso
1707 856 1848 927 ballone
1870 859 1990 944 priore
2012 857 2084 925 fine
2118 857 2202 926 abet
2237 855 2319 922 inde
2343 871 2423 940 pas·

576 1013 633 1064 sos
656 1005 849 1087 sexaginta
872 1019 950 1071 sex.
977 1001 1057 1070 Alia
1080 1003 1181 1090 peeia
1204 1005 1247 1072 de
1270 1009 1369 1075 terra
1392 1009 1505 1076 bacua
1530 1011 1566 1074 et
1588 1006 1680 1076 silba
1704 1023 1774 1074 uno
1799 1007 1958 1076 teniente
1981 1009 2025 1077 de
2042 1011 2120 1094 ipsa
2135 1007 2292 1074 sortione
2311 1005 2427 1090 ipsius

577 1151 725 1221 landoni
748 1154 826 1221 thio
851 1157 972 1221 nostro
994 1160 1030 1223 et
1052 1159 1107 1224 est
1129 1175 1191 1242 per
1216 1156 1297 1225 finis
1320 1161 1356 1225 et
1380 1161 1570 1226 mensurie:
1596 1177 1618 1226 a
1642 1176 1725 1244 pars
1749 1157 1898 1227 orientis
1927 1156 2121 1244 incipiente
2148 1158 2195 1225 ab
2219 1157 2294 1240 ipso
2317 1154 2424 1220 dubio

572 1303 660 1370 siler
685 1308 721 1372 et
745 1309 917 1391 pergente
942 1307 980 1374 in
1003 1325 1088 1392 pars
1112 1309 1259 1376 meridie
1282 1311 1378 1379 iusta
1401 1311 1472 1378 fine
1495 1311 1601 1378 rebus
1624 1310 1667 1378 de
1691 1307 1843 1378 eeclesia
1866 1315 1990 1378 nostra
2013 1327 2163 1378 comune
2186 1307 2303 1377 sancti
2329 1303 2427 1373 nico·

555 1451 624 1522 -lai
649 1473 719 1540 que
743 1455 793 1521 ibi
817 1461 1020 1526 constructa
1043 1463 1108 1546 est,
1135 1457 1219 1529 inde
1243 1467 1327 1530 sunt
1350 1463 1446 1548 passi
1469 1461 1699 1548 septuaginta
1721 1477 1797 1547 sex,
1816 1459 1951 1544 ,abinde
1974 1464 2148 1547 pergente
2171 1464 2210 1527 in
2236 1475 2320 1544 pars
2336 1457 2427 1525 ocei-

571 1607 691 1675 dentis
713 1614 750 1676 et
772 1609 1017 1697 coniungente
1041 1614 1079 1678 in
1103 1617 1262 1699 pantano
1286 1616 1347 1700 qui
1371 1618 1425 1682 est
1449 1617 1545 1682 iusta
1569 1614 1628 1682 bia
1651 1611 1842 1701 plubbioa,
1879 1617 1915 1678 et
1937 1612 2080 1679 exiente
2114 1615 2250 1678 rectum
2286 1608 2325 1675 in
2350 1608 2427 1692 ipsa

574 1777 660 1846 pars
684 1761 880 1830 occidentis
904 1767 940 1832 et
963 1766 1202 1852 coniungente
1226 1767 1264 1832 in
1290 1767 1383 1852 plaic
1406 1766 1448 1833 de
1473 1767 1550 1852 ipso
1572 1767 1690 1853 dubio,
1707 1774 1743 1837 et
1759 1767 1891 1837 abinde
1903 1734 2114 1836 aseendente
2130 1767 2166 1831 et
2181 1763 2423 1846 coniungente

576 1913 614 1981 in
639 1913 747 2001 plaio,
772 1921 808 1984 et
832 1915 963 1984 abinde
988 1915 1191 1984 rebolbente
1215 1923 1250 1984 et
1272 1919 1513 2005 coniungente
1538 1921 1576 1986 in
1601 1921 1675 2006 ipso
1705 1919 1811 1987 dubio
1845 1924 1882 1986 et
1915 1917 2046 1986 abinde
2080 1914 2296 1984 ascendente
2330 1911 2425 1981 iusto

571 2064 647 2151 ipso
672 2067 792 2151 dubio,
818 2067 913 2134 sicut
935 2068 1099 2153 rebolbit,
1124 2074 1160 2136 et
1184 2071 1426 2157 coniungente
1451 2073 1488 2137 in
1512 2072 1630 2157 priore
1653 2072 1735 2156 fine,
1761 2075 1874 2140 totum
1901 2073 1988 2139 istut
2003 2065 2330 2154 compreensitipse
2345 2065 2423 2134 lan·

572 2216 617 2284 do
642 2218 717 2284 thio
740 2221 859 2284 nostro
884 2219 921 2282 in
949 2237 1014 2285 sua
1038 2217 1202 2284 sortione:
1230 2223 1304 2287 tota
1327 2222 1578 2308 suprascripta
1595 2223 1777 2290 mensuria
1801 2225 2011 2290 mensurata
2032 2219 2100 2286 fuit
2131 2217 2176 2287 ad
2214 2217 2307 2284 iusto
2342 2233 2422 2301 pas·

570 2390 663 2449 sunu
690 2375 829 2440 tantum
854 2373 928 2457 ipso
951 2370 1069 2457 dubio,
1094 2376 1130 2438 et
1147 2371 1215 2458 ipsi
1240 2371 1338 2458 lagu,
1363 2377 1399 2439 et
1422 2373 1628 2460 piscatorio,
1651 2377 1688 2442 et
1711 2373 1844 2442 badura
1868 2373 1911 2440 de
1935 2373 2010 2458 ipso
2032 2369 2142 2438 dubio
2159 2373 2195 2436 et
2212 2368 2255 2435 de
2273 2366 2350 2452 ipso
2374 2363 2428 2434 la·

573 2543 623 2612 gu
645 2527 682 2592 et
705 2523 844 2608 sedilie,
869 2525 928 2592 ubi
952 2543 1034 2592 case
1050 2533 1086 2591 et
1101 2524 1218 2592 redita
1242 2527 1389 2593 abemus
1412 2529 1448 2592 et
1471 2527 1636 2601 becuum,
1654 2525 1919 2611 omnitempore
1935 2521 2174 2590 communiter
2191 2519 2288 2587 siant
2305 2518 2427 2586 denos

574 2676 630 2744 vel
657 2676 701 2744 de
726 2681 864 2744 nostros
887 2676 1021 2763 eredes,
1046 2679 1091 2744 Et
1107 2679 1265 2763 qualiter
1290 2677 1397 2745 sortis
1422 2679 1496 2764 ipse
1519 2678 1833 2763 compreensimus,
1856 2677 1909 2744 sic
1932 2676 2027 2741 inter
2050 2691 2117 2740 nos
2156 2672 2238 2740 illas
2273 2670 2427 2740 tradidi·

569 2846 649 2896 mus
675 2848 754 2895 curn
783 2811 905 2899 omnia
930 2830 1024 2897 intro
1049 2848 1086 2926 se
1110 2831 1299 2916 abentibus
1323 2831 1555 2916 omnibusque
1578 2829 1652 2898 suis
1675 2829 1904 2915 pertinentiis
1928 2829 2068 2894 etcum
2092 2825 2169 2893 biee
2193 2821 2237 2891 de
2261 2824 2337 2910 ipse
2354 2825 2425 2910 bie,

570 2982 616 3053 ad
640 2985 814 3052 securiter
838 2989 874 3051 et
897 2983 1047 3051 firmiter
1071 2984 1195 3051 amodo
1218 2989 1254 3051 et
1276 3001 1413 3070 semper
1436 3002 1500 3051 nos
1523 2988 1559 3050 et
1590 2986 1721 3051 nostris
1744 2979 1909 3050 eredibus
1936 2979 2041 3066 illut,
2065 2980 2158 3046 sieut
2192 2977 2427 3064 compreensi·

571 3157 664 3226 mus,
690 3141 783 3207 inter
806 3155 869 3206 nos
893 3137 976 3206 illut
998 3139 1188 3224 abendum‚
1212 3138 1479 3224 dominandum,
1497 3135 1763 3223 possidendum,
1789 3133 2030 3220 unesquisque
2056 3149 2140 3217 pars
2174 3131 2217 3198 de
2251 3149 2318 3199 sua
2348 3147 2422 3198 sor·

571 3293 670 3359 tione
694 3290 896 3361 faciendum
920 3293 1042 3360 omnia
1063 3290 1155 3377 quod
1178 3290 1344 3375 boluerit,
1370 3292 1502 3376 absque
1527 3308 1619 3357 unus
1642 3287 1794 3358 alterum
1818 3285 2074 3355 contrarietate
2098 3284 2152 3353 vel
2177 3281 2424 3371 requisitione.

569 3441 670 3510 Unde
694 3443 733 3510 in
757 3461 797 3511 eo
820 3443 944 3511 ordine
968 3461 1031 3528 per
1054 3445 1317 3512 combenientia
1338 3443 1472 3531 guadia
1497 3444 1600 3510 nobis
1622 3441 1698 3529 ipse
1721 3441 1825 3509 lando
1846 3407 1924 3508 thio
1955 3445 2074 3509 nostro
2107 3437 2225 3526 posuit
2260 3438 2362 3506 nobis
2385 3437 2425 3502 fi-

571 3594 783 3666 demiuxone
807 3595 953 3664 adelferi
980 3614 1095 3664 comes
1119 3596 1216 3664 iilius
1239 3597 1415 3683 quondam
1441 3596 1608 3665 imetanei
1633 3597 1764 3683 comiti,
1788 3599 1824 3663 et
1848 3597 1923 3682 ipse
1946 3595 2050 3664 lando
2072 3609 2187 3662 comes
2214 3591 2332 3678 posuit
2365 3607 2429 3659 no·

568 3745 626 3814 bis
649 3747 884 3816 fidemiuxore
909 3747 1082 3838 iohannes
1106 3768 1223 3818 eomes
1246 3749 1342 3817 filius
1364 3749 1541 3836 quondam
1566 3747 1775 3836 rodegrimi,
1791 3750 1836 3816 Ut
1856 3747 1886 3814 si
1904 3747 2026 3816 taliter
2041 3727 2163 3816 omnia
2179 3745 2426 3832 suprascripta

570 3916 635 3983 per
660 3897 868 3984 supradicto
891 3899 1015 3966 ordine
1040 3899 1113 3968 illis
1137 3901 1192 3968 vel
1210 3901 1351 3974 illorum
1376 3901 1540 3970 eredibus
1562 3902 1663 3968 nobis
1686 3900 1890 3985 nostrisque
1922 3898 2087 3968 eredibus
2108 3881 2181 3966 non
2208 3895 2425 3983 adimplebe·

572 4055 648 4121 rint
672 4058 709 4122 et
731 4053 862 4142 aliquit
886 4055 968 4123 inde
992 4056 1291 4143 contradixerint,
1316 4062 1379 4126 aut
1402 4057 1431 4123 si
1455 4056 1549 4126 malo
1573 4056 1697 4125 ordine
1722 4073 1829 4141 super
1851 4056 1982 4122 sortem
2004 4056 2192 4139 nostram,
2223 4071 2311 4137 quas
2333 4071 2425 4122 com·

574 4207 815 4294 preeminens,
840 4207 893 4276 ire
918 4209 1160 4295 presumserit,
1185 4227 1248 4294 per
1272 4211 1348 4293 ipsa
1375 4207 1510 4296 guadia
1525 4225 1732 4294 componere
1747 4207 2000 4295 obligauerunt
2017 4223 2055 4273 se
2072 4207 2138 4292 ipsi
2156 4205 2333 4274 nominati
2349 4205 2425 4274 lan·

574 4355 621 4424 do
644 4374 762 4427 comes
784 4355 921 4445 palatio
943 4365 980 4428 et
1003 4359 1108 4429 lando
1131 4379 1259 4448 eomes,
1284 4362 1385 4429 nobis
1408 4361 1585 4430 nominati
1608 4360 1711 4428 disiio
1733 4363 1769 4429 et
1792 4361 1966 4429 iohannes
1990 4379 2106 4430 comes
2138 4361 2277 4449 palatii,
2303 4361 2358 4431 uel
2380 4362 2424 4432 ad
2530 4368 2533 4376 ’

575 4512 712 4585 nostris
735 4512 902 4581 eredibus
927 4517 1102 4584 trecentos
1121 4533 1249 4585 aureos
1265 4515 1395 4620 solidos
1411 4515 1656 4585 constantines
1670 4519 1708 4583 et
1732 4516 1769 4582 in
1793 4515 2035 4604 suprascripta
2050 4515 2228 4585 dibisione
2243 4535 2422 4602 quemam-

569 4665 711 4735 modum
735 4670 900 4756 superius
924 4668 1071 4758 legitur,
1095 4669 1244 4739 firmiter
1268 4673 1362 4739 omni
1389 4675 1542 4757 tempore
1566 4674 1816 4755 permanerent
1839 4673 1875 4736 et
1898 4668 1973 4755 ipso
1996 4673 2161 4758 superius
2177 4669 2416 4739 disturbatum

569 4819 658 4910 legit
680 4827 886 4911 nostraque,
910 4823 1001 4910 quod
1025 4824 1152 4911 scripsi
1175 4841 1241 4910 ego
1265 4821 1465 4892 romoaldus
1487 4824 1659 4892 notarius.

559 5042 562 5054 ,
618 4947 649 5062 †
674 4977 749 5062 Ego
773 4978 836 5062 qui
860 4995 971 5063 supra
993 4975 1161 5063 grimoalt
1183 4993 1298 5043 eomes
1320 4980 1357 5044 et
1380 4975 1499 5044 iudex.
