5406 7090
623 470 667 542 te
1271 467 1737 543 LECTIONARlUltl

576 723 592 759 r
623 694 787 781 colimus,
817 695 984 790 sapientia
1003 706 1036 768 et
1056 695 1244 769 uirtutibus
1263 695 1553 800 inenarrabilibus
1570 697 1696 770 claruit
1728 695 1793 785 Qui
1811 707 1895 790 quot
1914 699 1995 770 oves'
2014 698 2163 770 mirabili
2182 699 2252 772 vita
2278 709 2315 774 et
2333 724 2424 796 prae·

577 883 593 919 r
623 854 798 928 dicatione
826 880 887 928 sua
906 855 947 928 ab
973 857 1115 952 antiquo
1155 869 1289 954 raptore
1315 857 1467 954 eripuit,
1495 867 1595 953 atque
1621 857 1788 954 angelicis
1813 855 1950 952 pascuis
1981 858 2160 948 restituit,
2188 858 2284 932 nulla
2311 859 2431 954 lingua

578 1045 595 1079 «
628 1038 784 1110 promere
811 1015 913 1090 valet.
940 1016 1053 1115 Ipsius
1080 1043 1161 1114 ergo
1189 1042 1252 1092 nos
1278 1017 1459 1114 praecibus
1477 1018 1700 1092 devotissime
1726 1019 2027 1106 commendemus,
2054 1025 2224 1111 quatenus
2250 1029 2286 1091 et
2311 1018 2352 1089 ab
2381 1020 2432 1090 in-

574 1205 592 1242 «
623 1177 831 1250 lestantibus
857 1179 947 1275 lupis
974 1179 1126 1268 liberari,
1148 1189 1184 1253 et
1202 1183 1411 1255 centenariis
1438 1180 1560 1254 ovibus
1585 1179 1619 1250 in
1639 1203 1828 1274 numquam
1847 1176 2010 1253 liniendis
2028 1178 2185 1275 paradysi
2204 1179 2340 1256 deliciis
2361 1203 2431 1251 me-

578 1369 593 1404 «
625 1341 762 1412 reamur
788 1345 986 1438 aggregari.
1015 1345 1091 1439 lpso
1119 1345 1287 1442 largiente
1313 1345 1371 1439 qui
1399 1354 1452 1416 est
1478 1349 1621 1418 aeterna
1647 1343 1722 1416 leus
1749 1352 1783 1416 ct
1809 1341 1920 1438 gloria
1945 1341 2102 1415 omnium
2130 1348 2345 1422 sanctorum,
2373 1364 2433 1435 per

576 1528 595 1566 <r
626 1498 761 1573 infinita
788 1503 905 1576 secula
933 1505 1144 1580 seculorum.
1165 1507 1290 1579 Amen.
1324 1536 1339 1571 r

623 1662 717 1758 Depo
745 1675 866 1758 questo
893 1666 1064 1744 Sermone
1091 1669 1199 1742 nell.
1228 1671 1274 1742 59
1300 1693 1332 1740 r.
1362 1668 1403 1739 ed
1432 1667 1466 1738 in
1497 1666 1583 1740 tulto
1603 1665 1627 1738 il
1653 1668 1679 1737 l.
1708 1666 1755 1738 60
1781 1670 1800 1738 e
1826 1664 1957 1746 scritto,
1976 1688 2021 1736 un
2041 1628 2124 1737 inno
2151 1665 2185 1738 di
2213 1663 2251 1737 S.
2279 1673 2373 1761 Lupo
2393 1665 2429 1735 in

558 1823 621 1895 82
648 1826 738 1898 versi
766 1827 926 1902 esametri
957 1852 975 1900 e
1002 1831 1220 1926 pentametri,
1248 1831 1312 1904 che
1338 1829 1539 1925 riportiamo
1564 1827 1691 1923 perche
1717 1824 1850 1900 inedito
1876 1827 1931 1922 (a).

774 2076 790 2124 a
822 2053 995 2126 Praesnlis
1022 2077 1102 2127 ecce
1129 2053 1202 2149 lupi
1229 2055 1373 2128 reboant
1399 2052 1583 2149 praeconia
1611 2053 1748 2135 sancti,

779 2245 793 2280 c
824 2215 921 2285 Alma
948 2215 1023 2286 dies
1050 2214 1177 2287 colitur
1202 2212 1372 2310 praesulis
1398 2237 1481 2286 ecce
1509 2214 1593 2310 lupi.

775 2404 790 2439 α
820 2374 974 2446 Candida
1004 2372 1102 2447 turha
1128 2381 1227 2446 sonat
1254 2372 1431 2447 coelorum
1459 2396 1565 2469 regna
1592 2374 1740 2470 peralta

617 2788 664 2868 (a)
687 2789 799 2850 Leone
818 2790 986 2861 Ostiense,
1012 2789 1090 2853 Chr.
1107 2791 1181 2852 Cas.
1199 2789 1271 2851 Lib.
1296 2789 1321 2852 1.
1347 2790 1424 2870 Cap.
1449 2789 1531 2863 XV,
1555 2789 1712 2870 perlando
1728 2789 1758 2851 ‹li
1777 2789 1874 2852 Paulo
1891 2791 2035 2852 Diacono
2051 2789 2139 2853 dice:
2156 2791 2320 2852 nonrrulla
2335 2792 2434 2852 etiarn

576 2939 649 3002 alia
670 2940 796 3016 scripta
817 2939 960 3018 elepanti
983 2939 1058 3000 stilo
1081 2940 1270 3016 composuit,
1294 2939 1381 3000 inter
1402 2956 1485 3016 quae
1506 2953 1629 3000 sensus
1644 2953 1769 3016 quoquc
1790 2951 1998 2999 nactenocos.
2021 2934 2096 2997 Alle
2119 2935 2209 3014 quali
2232 2935 2345 3016 parole
2367 2935 2434 2996 An·

580 3083 658 3160 gelo
683 3083 770 3142 della
792 3085 882 3145 Nuce
908 3083 939 3144 fa
962 3081 992 3143 la
1014 3086 1175 3160 seguente
1192 3080 1430 3142 Annotazione.
1444 3103 1500 3140 -n
1526 3079 1592 3158 (13)
1613 3081 1762 3160 Elegiam
1778 3082 1870 3144 illam
1886 3082 2012 3143 indicat
2026 3099 2125 3160 qaam
2147 3080 2270 3144 Paulus
2288 3081 2433 3142 inseruit

579 3251 597 3288 n
623 3231 681 3297 lib.
694 3234 714 3294 2
729 3233 813 3293 Hist.
831 3232 932 3309 Lang.
949 3249 1009 3311 cap
1038 3231 1090 3294 16.
1106 3263 1131 3274 -
1149 3227 1211 3310 Epo
1227 3247 1365 3308 quoquc,
1383 3229 1491 3310 ipsum
1508 3229 1614 3302 audis,
1626 3247 1688 3309 pra
1703 3229 1868 3308 paruitate
1883 3229 2013 3308 inpeaii
2025 3230 2104 3302 naci,
2119 3229 2162 3290 ad
2174 3229 2330 3290 honorem
2346 3227 2434 3288 tanti

557 3399 595 3486 'a
620 3379 734 3443 Patris
757 3381 888 3460 singula
908 3371 1071 3444 miracula
1088 3399 1151 3459 per
1171 3381 1302 3458 singula
1324 3374 1461 3442 disticha
1483 3379 1623 3457 clepiaco
1644 3383 1745 3438 metro
1767 3377 1825 3438 hoc
1847 3374 1941 3438 inodo
1964 3377 2129 3438 contexui.

622 3526 744 3592 Ordior
763 3528 852 3588 unde
874 3534 957 3600 ticos,
982 3545 1074 3590 sacer
1096 3546 1114 3588 ο
1138 3526 1325 3597 Benedicta,
1351 3525 1545 3603 triumphos,

675 3671 838 3734 Virtutum
860 3675 1018 3745 cumulos,
1041 3673 1157 3734 ordiar
1178 3673 1268 3735 unde
1289 3677 1372 3736 taos.
1395 3679 1458 3734 etc.

624 3819 818 3898 Reciprocos
834 3839 945 3883 versas
961 3820 1105 3903 appellat
1126 3821 1302 3892 Ostiensis,
1320 3819 1405 3899 quod
1422 3818 1624 3880 Pentametri
1648 3823 1832 3880 extremum
1847 3815 2104 3882 Hemisticlrium
2121 3818 2308 3900 reciprocat
2322 3819 2437 3885 Hemi-

709 3967 867 4030 stichium
900 3969 991 4049 prins
1015 3966 1194 4030 Exametri.
1228 3966 1352 4029 Eodem
1375 3964 1472 4027 metri
1506 3979 1632 4049 genere
1666 3963 1754 4027 Beda
1775 3965 1831 4030 tin.
1855 3962 1888 4030 le.
1910 3963 1995 4027 Hist.
2026 3965 2124 4046 Angl.
2158 3983 2229 4048 cap.
2263 3967 2304 4032 20
2335 3969 2436 4032 aliam

707 4113 850 4194 elegiam
874 4134 909 4176 se
934 4114 1112 4195 scripsisse
1136 4113 1253 4188 refert,
1277 4114 1371 4191 euJus
1394 4113 1549 4175 initium:

624 4261 721 4324 Alma
742 4261 827 4322 Deua
854 4261 1013 4331 Trinitas,
1039 4261 1095 4337 qai
1118 4260 1227 4322 secula
1249 4267 1369 4322 carecta
1389 4267 1560 4339 cauernae,

665 4410 784 4469 Annua
801 4405 873 4486 jani
895 4407 1030 4484 caeptis,
1056 4405 1146 4467 alma
1169 4405 1255 4470 Deus
1281 4409 1440 4469 Trinitas.

623 4555 717 4619 Bella
738 4554 831 4616 Maro
854 4559 995 4626 resonet,
1019 4572 1079 4615 nos
1097 4555 1195 4631 pacis
1217 4553 1306 4616 dona
1326 4572 1483 4616 canamus

608 4705 616 4722 ⁸
662 4701 799 4764 Munere
822 4719 881 4762 nos
904 4701 1031 4771 christi,
1056 4699 1142 4762 bella
1162 4699 1256 4762 Maro
1279 4707 1416 4765 resonet.
1440 4707 1504 4763 etc.
1526 4748 1533 4763 .
1552 4747 1588 4764 ..

620 4847 819 4930 Hujusmodi
844 4848 1032 4932 cantoribus
1057 4853 1255 4928 praecentor
1278 4849 1342 4909 fuit
1357 4848 1645 4925 ingeniosissimus
1668 4854 1840 4930 poetarum
1863 4851 1895 4910 in
1919 4851 2047 4913 Fastis:

667 4991 731 5064 Qui
754 4991 835 5053 bibit
856 4992 934 5054 inde
955 4993 1053 5070 furit,
1075 4993 1192 5072 procul
1213 4993 1288 5054 hinc
1311 4993 1479 5066 discedite,
1504 4995 1595 5073 queis
1616 5001 1663 5056 cat

547 5121 550 5131 ’
664 5141 754 5200 Cura
775 5156 879 5201 sanae
900 5137 1014 5208 menti,
1040 5138 1097 5216 qui
1120 5137 1202 5198 bibit
1223 5136 1302 5200 inde
1322 5138 1418 5217 furit.
1450 5161 1454 5168 ·

665 5287 706 5346 Et
729 5283 864 5347 alibi.-

622 5433 690 5494 Pcr
711 5451 794 5494 caua
816 5447 905 5495 sacca
926 5436 1023 5493 sonat
1039 5431 1205 5508 pecrcdurn
1225 5429 1406 5506 rnnpitibus
1428 5431 1504 5496 cclcc

670 5579 797 5659 Vascone
819 5579 953 5656 repulsa
971 5569 1072 5658 jaspis,
1090 5595 1154 5654 per
1175 5591 1258 5639 caua
1278 5594 1362 5638 sacca
1384 5583 1495 5642 sonat.

627 5725 773 5786 «Metro
797 5743 916 5804 nempe
940 5722 1073 5785 modulo
1108 5722 1340 5802 riciprocantis
1363 5720 1453 5784 Echo
1486 5741 1604 5785 sunum
1626 5725 1708 5788 scite
1740 5733 2021 5808 repraesentans,
2048 5736 2084 5790 ut
2104 5735 2280 5812 propterca
2314 5732 2441 5796 achaici

585 5896 600 5932 a
626 5891 744 5936 versus
767 5891 785 5934 a
808 5872 1005 5953 quibusdam
1030 5879 1200 5934 vocentur.
1226 5869 1395 5950 Propriori
1413 5875 1523 5934 tamen
1540 5870 1762 5952 appellatione
1781 5875 1927 5938 echoicos
1949 5875 2112 5950 dicamus,
2129 5895 2269 5957 quocum
2286 5887 2441 5944 extrema
