5402 7088
2 5233 442 5506 s

573 503 621 576 42
1215 499 1391 576 OODEX
1424 499 1693 581 civbusis
1794 559 1796 564 .

536 745 660 798 cruces
683 746 826 816 ponere,
843 732 880 799 et
903 689 1088 801 licentiam
1112 731 1244 801 abeant
1267 732 1334 818 ipsi
1358 729 1551 818 presbiteri
1569 732 1608 798 in
1631 732 1709 820 ipsa
1730 727 1881 800 ecclesia
1902 732 2058 800 mortuos
2082 730 2239 817 recipere
2254 733 2291 799 et
2315 749 2370 802 se-

530 882 661 971 peliri,
685 887 721 953 et
743 883 903 954 infirmos
925 884 1097 972 visitare3
1130 889 1167 954 et
1190 904 1306 972 neque
1336 903 1425 974 nos,
1456 905 1570 974 neque
1593 886 1724 956 nostris
1745 887 2029 974 successoribus,
2061 903 2128 956 nec
2151 905 2235 974 pars
2259 891 2376 957 nostri

533 1037 823 1126 archiepiscopii,
840 1037 979 1110 nullam
1003 1039 1210 1128 angariam,
1235 1045 1299 1109 aut
1323 1040 1523 1128 sorbitium,
1546 1038 1600 1110 rel
1624 1039 1781 1127 quolibet
1802 1043 2043 1128 consumant
2067 1040 2247 1110 dationem
2263 1043 2374 1130 impo-

527 1207 616 1261 nere
640 1197 705 1261 aut
728 1194 879 1280 exigere
905 1211 1098 1290 queramus
1120 1194 1166 1263 ab
1183 1191 1250 1281 ipsi
1274 1195 1462 1281 presbiteri
1485 1197 1520 1263 et
1535 1192 1669 1282 clerici,
1685 1211 1747 1262 seu
1769 1196 1947 1282 monachi,
1971 1213 2041 1282 que
2065 1198 2103 1262 in
2121 1197 2199 1281 ipsa
2221 1193 2380 1265 ecclesia*

528 1365 591 1434 per
614 1363 674 1412 vos
697 1350 761 1413 aut
784 1363 848 1432 per
871 1347 1001 1415 vestris
1017 1345 1182 1414 eredibus
1204 1344 1526 1432 quomodocumque
1548 1345 1752 1414 ordinatum
1775 1346 1895 1423 fuerit,
1910 1350 1978 1434 set,
2002 1347 2095 1428 sicut
2119 1348 2193 1416 iam
2215 1346 2375 1435 suprodi-

525 1507 623 1570 ctum
647 1506 715 1587 est,
739 1503 836 1569 omni
855 1505 1012 1590 tempore
1028 1501 1071 1569 de
1088 1477 1262 1572 omnibus
1276 1499 1395 1570 securi
1417 1502 1453 1568 et
1476 1498 1579 1570 liberi
1604 1506 1640 1571 et
1663 1501 1846 1570 indemnes
1870 1502 2087 1590 permanead
2110 1521 2233 1590 apars
2248 1507 2371 1573 nostra

531 1653 634 1723 etde
657 1654 787 1724 nostris
809 1617 1071 1724 successoribus
1093 1660 1129 1724 et
1153 1674 1237 1742 pars
1258 1658 1370 1724 nostri
1394 1657 1691 1744 archiepiscopii,
1722 1661 1759 1724 et
1790 1655 1885 1724 omni
1909 1661 2068 1744 tempore
2097 1655 2135 1724 in
2158 1656 2218 1725 die
2240 1663 2371 1726 sanctu

530 1809 621 1876 iobis
644 1809 766 1876 demus
790 1809 835 1878 ad
861 1809 928 1897 ipsi
946 1810 1133 1898 presbiteri
1156 1810 1200 1878 de
1224 1810 1393 1881 iamdicta
1419 1809 1569 1878 ecclesia
1592 1811 1784 1897 firmatam,
1801 1811 1836 1877 et
1853 1809 1965 1878 indie
1981 1809 2095 1879 sabati
2112 1809 2227 1878 sancti
2246 1809 2369 1879 demus

525 1977 650 2030 eorum
674 1964 806 2032 crisma
824 1965 860 2030 et
876 1961 952 2030 oleo
975 1968 1097 2032 sancto
1120 1978 1230 2048 asquo
1254 1962 1349 2029 omni
1367 1963 1521 2050 rationo3
1536 1968 1571 2032 et
1586 1963 1616 2032 si
1633 1964 1812 2032 eminente
1830 1968 1973 2050 peccato
1988 1983 2212 2050 quacumque
2229 1966 2371 2034 ratione

526 2115 645 2186 altare
671 2119 784 2205 ipsius
808 2117 955 2186 ecclesie
978 2119 1212 2188 contaminati
1237 2119 1358 2205 fuerit,
1380 2137 1444 2205 per
1466 2135 1586 2185 omues
1609 2117 1703 2185 vices
1726 2116 1848 2185 demus
1864 2114 1910 2186 ad
1928 2117 1995 2203 ipsi
2016 2120 2204 2205 presbiteri
2220 2117 2264 2186 de
2281 2121 2370 2188 iam·

526 2271 625 2341 dicta
649 2271 800 2342 ecclesia
823 2292 920 2360 aqua
944 2272 1168 2340 sanctificata
1190 2291 1253 2358 pro
1276 2270 1578 2340 reconciliandum
1596 2269 1662 2358 ipsi
1680 2269 1798 2356 altari,
1815 2275 1851 2339 et
1864 2289 1934 2356 que
1949 2289 2013 2356 per
2031 2287 2091 2337 vos
2106 2274 2143 2338 et
2162 2288 2225 2358 per
2242 2273 2373 2340 vestris

528 2425 696 2494 eredibus
719 2423 763 2494 de
786 2429 891 2494 rebus
915 2430 951 2493 ot
975 2443 1120 2494 causam
1145 2431 1299 2494 vestram
1322 2425 1364 2492 de
1388 2425 1518 2492 uestris
1540 2425 1817 2512 proprietatibus
1839 2423 1878 2491 in
1895 2425 1972 2512 ipsa
1989 2424 2139 2493 ecclesia
2154 2425 2282 2494 datum
2298 2430 2365 2513 est,

532 2597 595 2648 seu
618 2579 740 2665 fuerit,
756 2585 875 2666 etque
891 2599 955 2666 per
978 2577 1042 2646 alii
1068 2577 1284 2664 hominibus,
1310 2579 1352 2646 de
1375 2581 1449 2646 suis
1471 2581 1578 2646 rebus
1599 2583 1636 2648 et
1659 2579 1777 2648 causis
1799 2579 1842 2648 de
1865 2578 1942 2646 suis
1964 2580 2256 2666 proprietatibus,
2281 2597 2366 2666 quo-

529 2732 784 2820 modocumque
808 2734 938 2802 ibidem
964 2725 1090 2804 datum
1114 2733 1235 2820 fuerit,
1259 2751 1319 2801 seu
1342 2734 1516 2822 offertum,
1540 2751 1676 2820 semper
1699 2733 1850 2800 tirmiter
1872 2731 2088 2818 permanead
2106 2734 2144 2799 in
2161 2734 2236 2819 ipsa
2259 2732 2372 2802 eccle·

532 2887 601 2974 sia,
626 2893 662 2956 et
685 2903 756 2954 non
781 2874 949 2958 abeamus
973 2892 1182 2975 potestatem
1206 2869 1412 2974 aliquando,
1430 2905 1496 2956 nec
1514 2903 1588 2976 nos,
1605 2904 1671 2954 nec
1686 2886 1819 2954 nostris
1836 2887 2110 2972 successoribus,
2128 2905 2193 2954 nec
2209 2905 2293 2973 pars
2310 2861 2373 2954 no·

523 3044 591 3112 stri
616 3040 891 3128 archiepiscopii
916 3060 979 3130 per
1003 3041 1262 3128 qualecumque
1285 3041 1426 3109 modum
1450 3041 1575 3128 aliquit
1597 3042 1727 3112 exinde
1749 3040 1900 3128 tollere,
1924 3044 1987 3110 eut
2011 3047 2191 3126 coutrarc,
2216 3060 2279 3110 seu
2303 3041 2368 3112 mi·

525 3211 655 3283 nuare,
677 3202 741 3265 aut
764 3195 802 3262 in
830 3194 1090 3282 qualecumque
1113 3199 1215 3283 parte
1239 3181 1317 3282 ipsa
1339 3195 1489 3265 ecclesia
1511 3195 1566 3265 vel
1589 3199 1696 3264 rebus
1719 3197 1797 3264 eius
1820 3195 1859 3262 in
1883 3195 2093 3264 beneficium
2116 3195 2216 3282 dare,
2238 3201 2302 3266 aut
2325 3195 2372 3266 ad

529 3353 691 3420 nostram
716 3355 925 3438 potestatem
949 3349 1031 3419 illut
1053 3353 1187 3439 abero;
1217 3355 1271 3420 set
1300 3337 1438 3437 semper
1462 3353 1539 3438 ipsa
1561 3351 1711 3420 ecclesia
1734 3307 1815 3419 curn
1839 3351 1955 3418 omnis
1978 3350 2199 3438 pertinentia
2222 3349 2265 3420 de
2290 3352 2371 3438 ipsa

523 3503 675 3574 ecclesia
698 3506 744 3575 ad
769 3509 889 3575 vestra
909 3513 947 3576 et
969 3505 1013 3575 de
1036 3505 1164 3574 vestris
1187 3503 1355 3574 eredibus
1378 3506 1452 3573 sint
1473 3508 1684 3591 potestatem
1706 3502 1945 3572 ordinandum
1967 3507 2004 3573 et
2026 3503 2259 3593 iaciendum,
2285 3475 2373 3592 quo-

526 3659 627 3728 inodo
650 3666 715 3730 aut
738 3659 895 3746 qualiter
904 3663 1119 3746 uolueritis
1143 3662 1179 3730 et
1202 3658 1386 3728 licentiam
1411 3659 1544 3728 abeant
1560 3657 1627 3744 ipsi
1644 3657 1846 3746 presbiteri,
1858 3675 1921 3726 seu
1938 3659 2106 3727 diaconos
2122 3659 2162 3726 in
2176 3658 2235 3728 die
2251 3653 2372 3730 sabati

528 3817 643 3884 sancti
668 3833 811 3882 cereum
837 3813 969 3882 ibidem
993 3815 1211 3883 venedicere.
1236 3816 1280 3884 de
1302 3834 1373 3902 qua
1394 3831 1457 3902 per
1476 3785 1572 3884 ¹vona
1595 3810 1939 3899 combenientiaego
1956 3814 2187 3900 supradictus
2203 3815 2372 3902 grimoal-

530 3971 598 4038 dus
632 3971 765 4038 domini
802 3969 1050 4039 misericordia
1084 3969 1370 4055 archiepiscopus
1403 3967 1520 4054 obligo
1551 3985 1607 4034 me
1630 3971 1666 4033 et
1688 3965 1777 4032 meis
1793 3928 2060 4033 'successoribus
2083 3971 2119 4035 et
2142 3985 2227 4053 pars
2251 3967 2369 4036 nostri

529 4123 819 4211 archiepiscopii,
846 4129 886 4190 ut
901 4123 932 4190 si
950 4120 1091 4208 aliquit,
1107 4120 1151 4188 de
1166 4120 1257 4207 quod
1281 4121 1443 4206 superius
1466 4117 1612 4216 legitur,
1636 4121 1818 4188 remobere
1841 4123 1905 4187 aut
1928 4123 2093 4188 contrare
2116 4120 2372 4209 quesierimuS,

525 4280 590 4346 aut
613 4275 643 4343 si
668 4275 914 4362 quodcumque
937 4273 1164 4342 causationes
1186 4271 1270 4340 iude
1292 4271 1391 4367 ophis
1414 4269 1711 4360 proposuerimus,
1734 4289 1797 4358 per
1822 4273 1913 4341 bona
1936 4271 2211 4361 combenientia,
2229 4291 2368 4364 compo·

530 4445 617 4498 nere
641 4429 760 4516 obligo
782 4447 838 4496 me
861 4428 923 4516 qui
948 4443 1057 4514 supra
1078 4423 1296 4513 grimoaldus
1318 4425 1452 4493 domini
1475 4425 1598 4513 gratia
1621 4424 1922 4512 archiepiscopus,
1939 4431 1975 4495 et
1992 4425 2079 4494 meis
2094 4427 2368 4516 successoribus,

507 4571 566 4653 ¹et
588 4599 673 4670 pars
696 4586 811 4651 nostri
835 4579 1118 4668 archiepiscopii,
1142 4577 1207 4646 tibi
1231 4577 1354 4664 tuique
1377 4579 1540 4648 eredibus
1563 4577 1705 4648 ceritum
1728 4579 1962 4649 auri-solidos
1986 4581 2312 4670 constantinianos,
2335 4588 2373 4652 ot

529 4742 569 4806 ut
591 4737 737 4824 scriptio
762 4736 832 4805 ista
847 4737 892 4802 in
911 4733 995 4804 aliis
1017 4733 1129 4801 modis
1151 4751 1223 4800 non
1245 4737 1338 4807 esset
1360 4737 1613 4821 transmutata,
1630 4735 1701 4803 ista
1724 4734 1822 4801 vobis
1845 4734 2041 4821 emisimus,
2056 4741 2091 4804 et
2107 4736 2181 4806 alia
2196 4735 2270 4806 tale
2291 4735 2374 4804 inde

525 4891 720 4960 retinemus
744 4890 790 4960 ad
813 4893 1025 4977 potestatem
1064 4885 1177 4955 nostri
1206 4887 1509 4975 archiepiscopii,
1533 4893 1569 4956 et
1592 4887 1713 4956 taliter
1746 4885 1903 4956 scribere
1939 4889 2142 4976 rogavimus
2167 4895 2200 4958 te
2225 4845 2371 4962 altanus

531 5047 705 5121 notarius,
729 5050 851 5114 actum
874 5041 1027 5110 salerno.
1067 5045 1072 5058 '

576 5157 609 5287 †
632 5201 709 5286 Ego
725 5199 786 5285 qui
811 5217 921 5285 supra
944 5193 1164 5284 grimoaldus
1186 5195 1476 5284 archiepiscopus

529 5350 533 5360 '
573 5324 602 5441 †
629 5354 704 5440 Ego
728 5352 905 5421 landolfus
931 5351 1203 5422 archidiaconus

569 5476 600 5594 †
626 5506 702 5592 Ego
727 5505 1009 5594 regemprandus
1031 5505 1210 5592 presbiter

569 5631 600 5744 †
625 5661 699 5746 Ego
721 5659 783 5745 qui
809 5679 919 5746 supra
942 5664 1065 5746 petrus
1088 5659 1196 5728 iudex

570 5787 601 5904 †
625 5817 701 5902 ligo
724 5815 849 5883 cedrus
872 5817 1047 5903 presbiter
