5408 7108
627 503 700 582 254
909 613 917 623 .
1262 507 1441 583 OODEX
1479 508 1747 585 GAVENSlS

593 736 708 805 rimus
732 739 887 807 inomni
911 738 1035 807 ordine
1063 745 1099 810 et
1128 740 1288 823 ratione,
1314 743 1407 810 sicut
1439 739 1517 828 ipsa
1547 739 1791 826 suprascripta
1821 736 1960 809 cartula
1992 737 2177 823 continet,
2202 735 2336 820 quade
2361 732 2440 820 ipsa

585 897 685 961 terra
709 899 745 961 et
768 913 852 962 casa
876 893 923 962 da
948 894 1089 963 illorum
1114 897 1277 984 partibus
1301 897 1480 966 firmatam
1505 895 1652 964 retineo,
1678 893 1776 963 Unde
1801 896 1838 961 in
1870 910 1910 960 eo
1940 892 2064 960 ordine
2089 909 2150 977 por
2183 906 2277 956 vona
2310 888 2447 954 conbe-

584 1049 725 1116 nientia
747 1047 882 1136 guadio
905 1050 1013 1116 michi
1041 1047 1108 1136 ipsi
1134 1067 1215 1117 urso
1239 1049 1414 1136 presbiter
1437 1053 1472 1118 et
1494 1049 1675 1118 maraldus
1705 1047 1904 1134 dederunt,
1936 1051 1971 1114 et
2007 1045 2203 1113 mediatore
2243 1041 2348 1110 michi
2380 1057 2439 1128 po-

583 1207 734 1271 suerunt
758 1201 921 1271 marinus
944 1205 1005 1290 qui
1032 1204 1165 1272 dicitur
1188 1204 1231 1272 de
1254 1206 1361 1282 viba;
1387 1209 1422 1272 et
1446 1221 1508 1290 per
1542 1203 1655 1288 ipsam
1685 1201 1855 1288 guadiam
1883 1205 1952 1268 etc.
1980 1200 2133 1266 Stctalc
2157 1199 2272 1265 inulta
2296 1201 2441 1264 centum

583 1357 675 1422 curi
698 1357 895 1425 solidorum
920 1311 1302 1425 constantinianornm.
1330 1356 1426 1433 Quod
1450 1356 1575 1444 scripsi
1603 1374 1668 1444 ego
1694 1361 1815 1441 petrns
1840 1356 2012 1423 notarius.

634 1480 665 1598 †
690 1510 766 1596 Ego
791 1509 1022 1597 truppoaldus
1046 1514 1209 1578 notarius
1234 1530 1289 1578 me
1313 1513 1505 1598 subscripsi

631 1633 661 1750 †
687 1665 762 1750 Ego
788 1671 911 1750 petrus
934 1683 988 1732 me
1013 1665 1220 1751 subscripsi.

1348 2319 1662 2400 NIXXXIV.

1359 2614 1416 2688 A.
1445 2616 1499 2690 D.
1529 2613 1662 2688 1044.

636 2851 671 2992 γ
700 2907 737 2970 ln
762 2903 906 2970 nomine
929 2903 1061 2970 domini
1090 2903 1254 2971 vicesimo
1279 2911 1378 2974 sexto
1395 2925 1490 2975 anno
1509 2909 1732 2997 principatus
1757 2907 1888 2977 salerni
1907 2909 2025 2976 domni
2045 2909 2155 2975 nostri
2175 2905 2388 2995 guaimarii,
2407 2911 2445 2976 et

591 3064 682 3126 sesto
707 3076 802 3126 anno
826 3059 1048 3145 principatus
1072 3061 1150 3128 eius
1174 3077 1286 3146 capue
1310 3066 1346 3128 et
1366 3061 1443 3154 dux
1466 3063 1600 3140 amalfi,
1628 3065 1754 3150 quinto
1778 3081 1874 3133 anno
1891 3063 2042 3132 ducatus
2059 3065 2137 3130 eius
2157 3061 2320 3147 sirrenti,
2337 3065 2374 3129 et
2387 3081 2442 3131 se·

591 3213 709 3282 cundo
733 3231 828 3282 anno
850 3216 1076 3302 principatus
1092 3221 1127 3283 et
1144 3216 1295 3284 ducatus
1318 3215 1439 3283 domni
1463 3217 1576 3285 nostri
1600 3216 1717 3304 gisolfi
1741 3219 1819 3286 eius
1843 3216 1923 3304 filii,
1946 3223 1983 3286 et
1999 3215 2152 3285 secundo
2169 3233 2264 3286 anno
2287 3216 2440 3286 ducatus

591 3387 714 3438 eorum
739 3368 868 3455 apulea
892 3372 928 3437 et
951 3369 1132 3455 calamia,
1158 3388 1277 3438 mense
1301 3370 1449 3458 aprilis,
1474 3339 1680 3440 duodecima
1710 3370 1914 3440 indictione.
1934 3373 2024 3440 Ante
2043 3390 2098 3440 me
2115 3371 2273 3440 ademari
2301 3369 2448 3438 comitis

591 3528 630 3594 et
654 3523 763 3592 iudex
787 3527 963 3592 venerunt
986 3522 1204 3611 grimoaldus
1229 3522 1323 3590 nlius
1349 3525 1528 3610 qnondam
1554 3531 1625 3594 ursi
1645 3525 1894 3596 ellembertus
1917 3525 2011 3592 filius
2028 3525 2204 3612 quondam
2224 3524 2436 3612 truppoaldi,

588 3677 649 3764 qni
674 3688 760 3747 sunt
784 3679 879 3746 lhios
902 3683 939 3746 et
962 3683 1107 3763 nepotes
1131 3679 1304 3748 abitatori
1330 3681 1374 3748 de
1400 3678 1513 3748 locum
1538 3681 1767 3768 campiliano,
1784 3685 1819 3749 et
1840 3681 2020 3768 placentes
2045 3685 2137 3750 inter
2163 3679 2236 3748 illis
2262 3684 2335 3767 ipse
2358 3680 2446 3747 iam·

592 3831 714 3898 dictus
739 3830 937 3901 lambertus
960 3851 1053 3902 vona
1076 3851 1142 3902 sua
1167 3836 1363 3904 bolumtate
1388 3838 1616 3906 venumdedit
1641 3837 1755 3926 ipsius
1778 3839 1967 3926 grimoaldi
1992 3839 2140 3907 verbani
2166 3840 2222 3906 sui
2243 3842 2317 3905 tcta
2333 3842 2369 3904 et
2388 3837 2452 3902 in-

590 3987 679 4056 clita
701 3987 879 4057 sortiones
900 4004 984 4055 suas
1007 3989 1099 4074 quod
1124 3992 1156 4057 ei
1183 3987 1342 4075 pertinet
1367 3992 1475 4059 abere
1501 3992 1538 4058 in
1565 3993 1721 4078 predicto
1746 3991 1858 4062 locum
1885 3993 2100 4082 campiliano
2125 3994 2168 4061 de
2191 4009 2314 4060 omnes
2339 3992 2447 4058 rebus

522 4181 525 4186 ·
589 4139 720 4211 stabile
744 4146 779 4211 et
804 4142 944 4218 mobile.
971 4162 1051 4211 curn
1074 4161 1196 4212 omnes
1218 4148 1395 4213 sortiones
1426 4164 1509 4215 suas
1538 4141 1581 4213 de
1611 4144 1792 4215 monimen
1821 4164 1867 4215 ex
1898 4149 1985 4232 ipsis
2009 4149 2115 4214 rebus
2137 4147 2386 4232 pertinenteS,
2411 4148 2448 4211 et

590 4295 725 4365 nullam
756 4299 886 4367 exinde
903 4299 971 4366 sibi
990 4301 1200 4386 reserbavit‚
1225 4305 1281 4368 set
1305 4306 1418 4369 toturn
1436 4319 1457 4368 a
1473 4300 1634 4370 funditus
1659 4301 1740 4368 illut
1763 4300 1878 4369 eidem
1901 4299 2094 4386 grimoaldi
2125 4295 2369 4385 venumdedit,
2394 4298 2447 4364 Ad

598 4456 772 4524 securiter
798 4461 834 4524 et
856 4456 1007 4524 firmiter
1031 4413 1156 4524 amodo
1179 4458 1215 4524 et
1239 4474 1376 4542 semper
1401 4458 1476 4544 ipse
1501 4457 1707 4526 nominatus
1730 4455 1953 4544 grimoaldus
1976 4461 2012 4530 et
2036 4455 2133 4522 illius
2168 4453 2291 4522 eredes
2321 4451 2449 4520 inclita

598 4612 676 4696 ipsa
700 4609 859 4679 sortione
882 4611 1033 4698 predicti
1062 4611 1226 4683 lamberti
1251 4611 1372 4720 nepoti
1397 4612 1453 4679 sui
1477 4611 1655 4681 ebandum
1677 4617 1713 4680 et
1735 4611 1938 4680 faciendum
1962 4611 2093 4679 exinde
2117 4595 2252 4676 omnia
2267 4605 2360 4694 quod
2387 4609 2447 4673 bo·

595 4763 715 4832 luerit.
741 4772 777 4833 et
800 4769 944 4853 propter
970 4766 1051 4833 uius
1075 4768 1176 4834 carle
1200 4764 1353 4834 vinditio
1376 4764 1491 4833 eidem
1515 4767 1704 4852 grimoaldi
1731 4766 1944 4836 firmandam
1975 4763 2099 4833 statim
2130 4762 2285 4849 suscepit
2313 4759 2448 4830 exinde

596 4922 674 5007 ipse
699 4917 895 4989 lambertus
919 4939 941 4988 a
966 4920 1126 5006 predicto
1149 4922 1340 5009 grimoaldi
1367 4924 1542 4989 statutum
1568 4921 1737 5006 pretium,
1765 4919 1775 4984 i
1799 4924 1883 4987 sunt
1906 4918 1984 4987 auri
2011 4919 2081 4987 tari
2106 4917 2189 4986 boni
2206 4917 2340 5005 biginti
2371 4921 2450 4983 octo

594 5076 631 5140 in
663 5075 781 5142 omnis
811 5071 1080 5159 deliberatione,
1104 5073 1318 5142 sicut-inter
1343 5073 1415 5142 illis
1438 5075 1628 5142 combenit.
1656 5077 1698 5142 Et
1721 5075 1889 5160 guadiam
1915 5077 1989 5161 ipse
2015 5075 2209 5142 lambertus
2231 5072 2346 5140 eidem
2374 5073 2446 5157 gri-

595 5227 726 5298 moaldi
752 5229 862 5314 dedit,
881 5233 916 5298 et
934 5229 1163 5298 mediatorem
1188 5231 1221 5297 ei
1248 5232 1365 5314 posuit
1388 5231 1541 5316 seipsum
1568 5232 1744 5316 uniusque
1769 5229 1962 5315 placentes3
1985 5233 2021 5295 et
2038 5245 2099 5315 per
2117 5230 2196 5314 ipsa
2212 5225 2347 5314 guadia
2364 5223 2452 5292 obli-

596 5379 698 5466 gavit
722 5400 760 5449 se
784 5383 860 5467 ipse
884 5379 1080 5450 lambertus
1103 5386 1139 5450 et
1163 5398 1244 5447 suos
1270 5380 1392 5449 eredes
1415 5399 1554 5468 sempor
1577 5381 1834 5451 defensandum
1859 5383 1969 5470 ipsius
1999 5377 2190 5468 grimoaldi
2221 5383 2259 5448 et
2289 5377 2335 5447 ad
2367 5379 2447 5446 eius

560 5515 564 5522 ¹
599 5535 725 5606 eredes
752 5535 879 5605 inclita
902 5537 1146 5624 suprascripta
1171 5536 1321 5604 vinditio
1345 5537 1390 5604 da
1413 5537 1578 5603 omnibus
1603 5531 1675 5602 illis
1698 5537 1903 5604 hominibus
1926 5541 1962 5604 et
1985 5535 2160 5622 partibuS,
2190 5533 2254 5620 qui
2285 5551 2349 5620 pro
2379 5551 2448 5600 sua

595 5692 699 5774 parte
723 5665 778 5759 vel
802 5689 924 5758 datum
950 5695 1014 5760 aut
1035 5690 1078 5758 de
1102 5692 1216 5777 ipsum
1240 5691 1436 5794 genitorem
1461 5694 1497 5757 et
1520 5655 1701 5777 genetrice
1718 5681 1783 5758 sua
1802 5690 2045 5776 quodcumque
2069 5689 2294 5759 causationes
2316 5687 2448 5757 exinde

471 5871 477 5884 ·
595 5843 650 5909 cis
674 5840 751 5930 ipsc
776 5843 907 5930 posuit3
933 5849 969 5912 et
991 5846 1021 5911 si
1047 5843 1180 5932 taliter,
1206 5848 1246 5911 ut
1269 5843 1402 5912 dictum
1428 5851 1492 5928 est,
1519 5845 1594 5930 ipsa
1617 5863 1681 5912 sna
1706 5843 1862 5911 sortione
1886 5842 1999 5911 eidem
2024 5841 2215 5930 grimoaldi
2235 5841 2290 5912 vel
2308 5843 2354 5911 ad
2368 5843 2449 5910 eins
