5408 7108
1270 528 1444 601 botrax
1478 530 1743 604 CbVENSlS

1337 870 1678 952 MXXXVII·

1352 1167 1408 1240 A.
1437 1167 1491 1240 D.
1521 1167 1653 1241 1044.

621 1431 651 1546 †
677 1462 715 1526 ln
740 1457 883 1526 nomine
907 1458 1043 1526 domini
1067 1457 1239 1527 vicesimo
1264 1461 1365 1526 sexto
1390 1474 1486 1525 anno
1510 1455 1737 1543 principatus
1762 1454 1895 1522 salerni
1913 1451 2034 1521 domni
2050 1452 2161 1518 nostri
2178 1451 2371 1537 guaimari,
2389 1455 2425 1518 et

572 1617 673 1682 sexto
697 1629 793 1682 anno
817 1609 1043 1698 principatus
1065 1609 1142 1678 eius
1165 1628 1290 1696 capue,
1314 1614 1350 1677 et
1372 1614 1501 1695 quarto
1526 1597 1552 1690 ¹)
1575 1625 1671 1676 anno
1700 1607 1850 1676 ducatus
1875 1606 1974 1674 illius
2004 1604 2122 1674 amalti
2139 1609 2175 1672 et
2192 1605 2364 1689 sirrentu,
2392 1609 2428 1672 et

573 1764 727 1833 secundo
752 1781 848 1832 anno
872 1763 1195 1849 suprascriptorum
1218 1761 1486 1846 principatuum
1510 1765 1545 1828 et
1569 1760 1766 1828 ducatuum
1790 1757 1910 1826 domni
1934 1758 2048 1825 nostri
2066 1755 2188 1844 gisulfi
2210 1756 2338 1824 eximii
2363 1755 2426 1824 du-

573 1920 624 1986 cis
649 1916 713 1984 tllii
741 1902 837 2002 eius,
862 1933 969 2002 quam
992 1919 1028 1983 et
1050 1913 1205 1983 secundo
1228 1931 1322 1981 anno
1346 1913 1496 1982 ducatus
1520 1911 1664 1980 illorum
1688 1911 1807 1998 apulie
1830 1915 1866 1978 et
1889 1911 2072 1995 calamia,
2106 1926 2229 1977 menso
2262 1885 2421 1995 aprelis,

572 2070 778 2139 duodecima
804 2068 1013 2138 indictione.
1039 2068 1329 2136 Memoratoriu'm
1354 2069 1487 2136 sactum
1511 2085 1534 2134 a
1557 2084 1612 2133 me
1638 2065 1812 2133 iohannes
1836 2060 1989 2132 clericus
2013 2060 2120 2128 tilius-
2140 2061 2319 2148 quondam
2348 2061 2422 2128 ursi

576 2222 766 2308 presbiteri
793 2222 853 2308 qui
880 2221 949 2289 suit
973 2221 1150 2306 quondam
1175 2222 1296 2304 abbas,
1313 2235 1353 2285 eo
1370 2217 1461 2302 quod
1479 2222 1563 2285 ante
1580 2215 1770 2300 subscripti
1795 2213 1929 2281 idoneis
1947 2213 2127 2280 ominibus
2146 2230 2208 2297 per
2226 2229 2318 2280 vona
2333 2229 2427 2279 com·

575 2373 763 2442 benientia
787 2373 830 2441 ad
856 2373 1048 2441 tenendum
1075 2379 1112 2440 et
1136 2372 1370 2440 laborandum
1394 2367 1544 2436 tradidit
1567 2385 1632 2454 ego
1656 2365 1765 2432 ciceri
1789 2364 1962 2433 dalocum
1987 2382 2101 2450 angre
2125 2364 2220 2432 iilius
2245 2365 2422 2450 quondam

576 2525 726 2594 iohanni
754 2524 894 2610 pisapia
918 2523 960 2590 de
985 2526 1091 2590 rebus
1114 2542 1192 2591 mea
1216 2543 1288 2590 una
1312 2523 1412 2607 pecia
1436 2521 1593 2588 deterre
1617 2520 1745 2587 baciba
1769 2517 1861 2603 quod
1877 2520 1964 2586 abeo
1982 2519 2020 2586 in
2039 2519 2151 2586 locum
2169 2537 2296 2604 angre,
2315 2519 2422 2586 aben-

572 2683 623 2745 tes
649 2676 733 2742 finis
759 2677 837 2761 ipsa
861 2673 962 2761 pecie
986 2679 1023 2742 et
1045 2679 1097 2741 est
1124 2692 1183 2758 per
1211 2691 1411 2740 mensuras:
1438 2679 1576 2758 aparte
1601 2672 1747 2740 meridie
1772 2672 1842 2738 dne
1867 2673 1971 2739 rebus
1996 2674 2101 2756 rocci,
2121 2671 2204 2738 inde
2220 2677 2305 2738 sunt
2324 2675 2422 2757 passi

571 2831 689 2899 decem
716 2835 751 2897 61
775 2831 934 2896 sebtem:
960 2829 1006 2896 ab
1029 2828 1165 2894 oriente
1188 2825 1232 2892 de
1256 2825 1439 2912 longitudo
1462 2827 1533 2894 fine
1554 2827 1731 2893 ominibus
1754 2825 1797 2894 de
1813 2829 1939 2893 sancta
1962 2827 2089 2909 maria,
2109 2823 2189 2892 inde
2214 2829 2299 2892 sunt
2323 2824 2417 2910 passi

572 2983 840 3070 quinquaginta
864 3000 945 3049 sex:
974 2982 1294 3066 asebtemptrione
1321 2980 1392 3046 tine
1428 2981 1533 3046 rebus
1567 2980 1718 3048 maraldi
1755 2981 1820 3048 tilii
1856 2969 1952 3048 mari
1983 2987 2161 3048 consortes
2196 2998 2303 3066 meos,
2336 2980 2418 3048 inde

569 3139 655 3201 sunt
679 3135 772 3220 passi
802 3132 1114 3218 quartuordecim:
1142 3132 1188 3199 ab
1217 3130 1404 3198 occidente
1433 3130 1504 3200 flne
1536 3132 1682 3200 landoni
1712 3133 1880 3201 castaldei
1911 3137 1948 3201 et
1981 3133 2087 3200 disiio
2117 3136 2283 3219 germani
2311 3135 2425 3220 ipsius

570 3287 690 3374 ciceri,
716 3287 798 3352 inde
822 3295 904 3353 sunt
928 3286 1021 3371 passi
1048 3286 1316 3372 quinquaginta
1339 3303 1416 3370 sex,
1441 3290 1554 3353 totum
1571 3286 1614 3353 ad
1642 3287 1733 3353 iusto
1756 3303 1899 3372 passum
1923 3286 2032 3351 omini
2058 3291 2316 3353 mensuratum.
2344 3305 2421 3372 pre·

571 3442 666 3508 dicta
692 3439 792 3525 pecia
815 3440 859 3507 de
883 3447 981 3506 terra
1006 3456 1067 3526 per
1092 3437 1280 3506 iamdictos
1304 3439 1392 3506 lines
1416 3441 1451 3505 et
1474 3456 1659 3506 mensuras
1690 3457 1769 3505 cum
1795 3439 1917 3505 omnia
1949 3440 2042 3506 intro
2073 3459 2110 3507 se
2134 3438 2324 3508 abentibus
2350 3457 2421 3506 om·

567 3593 742 3677 nibusque
767 3593 841 3657 suis
866 3589 1109 3676 pertinentiiS,
1134 3597 1273 3659 etcum
1298 3594 1375 3660 vice
1398 3589 1441 3660 de
1465 3591 1526 3659 via
1551 3611 1615 3660 sua
1639 3593 1717 3661 illut
1740 3593 1772 3660 ei
1798 3593 1948 3662 tradidit
1971 3594 2014 3661 ad
2042 3593 2274 3662 lavorandnm
2300 3600 2335 3662 61
2360 3616 2419 3681 pa-

565 3743 775 3812 stenandum
801 3744 1002 3830 arbustum,
1026 3742 1088 3813 tali
1114 3744 1258 3830 ordine,
1286 3749 1323 3812 ut
1346 3743 1471 3812 amodo
1495 3751 1530 3810 et
1552 3747 1646 3808 omni
1673 3750 1841 3833 tompore,
1861 3752 1946 3814 nato
1965 3755 2144 3815 nascente.
2163 3747 2208 3815 ad
2226 3766 2291 3815 sua
2315 3747 2416 3816 etde

564 3898 638 3962 suis
662 3894 827 3963 eredibus
850 3895 924 3963 sint
948 3899 1122 3982 potestate
1146 3900 1268 3964 tenere
1293 3900 1328 3963 et
1350 3895 1548 3982 dominare,
1573 3901 1609 3964 et
1634 3899 1734 3966 lobea
1759 3901 1795 3965 et
1818 3899 1933 3964 omnis
1956 3918 2019 3967 sue
2046 3900 2213 3968 utilitatis
2240 3900 2336 3969 iusta
2360 3920 2417 3970 ra-

566 4048 660 4118 tione
685 4049 815 4117 ibidem
840 4049 993 4133 iaciant,
1011 4053 1047 4117 et
1064 4052 1138 4118 tota
1165 4050 1242 4134 ipsa
1267 4051 1480 4119 tradictione
1507 4057 1588 4120 acto
1611 4058 1767 4139 tempore
1793 4054 1956 4122 lavorare
1980 4059 2016 4122 et
2039 4053 2176 4123 cubare
2200 4059 2236 4122 et
2258 4054 2423 4123 studiare

565 4218 707 4288 vonum,
731 4200 825 4269 sicut
848 4204 1032 4289 meruerit,
1058 4207 1094 4272 61
1119 4205 1178 4268 ubi
1204 4206 1391 4289 meruerit,
1416 4207 1562 4274 arbores
1586 4211 1621 4274 et
1645 4209 1736 4274 vites
1762 4206 1821 4273 ille
1845 4213 1881 4275 61
1904 4225 1985 4274 suos
2013 4207 2135 4275 erodes
2161 4208 2292 4276 ibidem
2318 4209 2422 4294 plan-

565 4361 643 4427 tare
667 4361 703 4424 et
727 4359 968 4443 propaginare
992 4362 1034 4426 et
1064 4376 1224 4444 surgere,
1251 4359 1346 4426 sicut
1373 4361 1558 4447 meruerit,
1584 4366 1624 4429 ut
1653 4364 1776 4429 amodo
1807 4369 1842 4428 et
1866 4382 1975 4448 usque
1998 4363 2180 4430 duodecim
2205 4363 2291 4431 anni
2327 4379 2421 4430 com-

570 4511 655 4597 pleti
680 4512 810 4580 abeant
826 4511 863 4578 in
880 4517 955 4581 tota
973 4513 1050 4598 ipsa
1066 4512 1280 4582 tradictione
1303 4515 1488 4581 arbustum
1513 4516 1658 4601 sactum,
1683 4521 1719 4580 et
1735 4521 1933 4604 operatum,
1952 4519 1987 4582 et
2002 4514 2242 4611 cultatumpet
2257 4521 2400 4584 surtnm
2411 4566 2420 4600 ‚

563 4669 658 4733 sicut
680 4667 722 4734 de
746 4669 865 4734 tantos
888 4684 1001 4735 annos
1025 4667 1134 4735 suerit
1157 4671 1192 4734 et
1218 4667 1313 4734 locus
1338 4667 1411 4753 ipse
1434 4669 1615 4754 meruerit,
1633 4673 1668 4735 et
1686 4668 1777 4754 quod
1803 4675 1949 4753 paratus
1973 4669 2082 4736 suerit
2099 4665 2226 4736 amodo'
2243 4675 2280 4736 et
2301 4688 2411 4755 usque

569 4822 636 4905 ipsi
660 4819 842 4888 duodecim
859 4821 962 4900 anni,
981 4822 1098 4887 omnis
1115 4820 1238 4888 vinum
1257 4821 1349 4907 quod
1366 4821 1447 4887 inde
1464 4818 1607 4906 exierit,
1632 4839 1694 4906 per
1718 4821 1944 4890 medietatem
1970 4820 2051 4889 illut
2075 4823 2169 4890 iuter
2194 4840 2258 4888 nos
2281 4821 2416 4890 divida-

567 4991 656 5040 mus:
682 4989 748 5059 ego
772 4978 808 5041 61
823 4991 919 5042 meos
942 4975 1063 5042 eredes
1086 4973 1314 5042 medictatem
1339 4979 1374 5042 et
1398 4972 1459 5040 ille
1482 4977 1517 5042 et
1541 4992 1622 5042 suos
1638 4973 1760 5042 eredes
1779 4973 1922 5059 reliqua
1940 4969 2143 5061 medietate,
2161 4979 2197 5042 et
2214 4976 2259 5042 ab
2277 4975 2360 5043 inde
2377 4977 2416 5041 in

572 5129 679 5192 antea
705 5123 764 5192 illc
788 5131 822 5193 et
845 5143 926 5193 suos
949 5127 1072 5195 eredes
1095 5135 1169 5194 tota
1194 5125 1274 5212 ipsa
1297 5126 1491 5194 traditione
1515 5131 1596 5194 acto
1621 5131 1778 5214 tempore
1803 5124 1966 5196 lavorare
1989 5130 2027 5195 et
2050 5126 2187 5195 cultare
2203 5130 2241 5195 et
2257 5127 2419 5196 studiare

571 5295 715 5364 ionum,
740 5277 834 5345 sicut
858 5280 1043 5364 meruerit,
1067 5285 1107 5346 ut
1131 5281 1167 5345 in
1191 5278 1318 5347 melius
1342 5280 1530 5366 proficiant
1551 5284 1588 5348 et
1604 5297 1675 5348 non
1693 5281 1964 5368 dispereant-et
1979 5299 2101 5350 curam
2119 5285 2155 5348 et
2171 5280 2420 5369 vigilationem

603 5815 626 5891 ¹)
649 5814 786 5875 Potius:
811 5819 905 5877 sexto
927 5813 1122 5894 Amalphiae
1147 5821 1180 5876 61
1203 5816 1316 5896 quinto
1340 5816 1495 5877 Sirrenti.
