5456 7096
497 565 502 578 ·
612 549 676 624 uo
1246 554 1419 628 oonux
1455 555 1723 654 carensis

486 813 487 816 =
562 775 668 843 dibus
693 776 899 863 quesieritis
928 777 1012 846 inde
1035 798 1140 848 avere
1164 785 1329 849 auctores
1351 789 1387 850 et
1410 763 1627 874 defensores·
1648 803 1714 854 nos
1738 788 1803 853 aut
1826 782 1962 851 nostris
1985 780 2149 880 eredibus
2172 796 2310 864 semper
2334 775 2416 846 illut

564 937 604 997 tu
628 931 754 1018 tuique
778 933 941 1012 eredibus
964 934 1185 1001 defensemus
1209 933 1254 1003 da
1279 939 1412 1004 omines
1436 939 1605 1025 omnique
1631 939 1817 1025 partibus
1841 953 1902 1003 seu
1926 939 1962 1002 et
1985 933 2032 1038 de
2051 951 2134 1020 pars
2163 913 2280 1019 ipsius
2310 930 2413 998 uxori

566 1101 644 1152 mee
669 1091 704 1152 et
728 1105 810 1152 eum
833 1085 911 1154 bice
935 1086 978 1154 de
1003 1055 1077 1173 ipse
1102 1090 1172 1174 bie3
1198 1089 1345 1175 quodsi
1369 1091 1570 1178 taliter‚,ut
1591 1089 1754 1178 superius
1778 1089 1924 1174 legitur,
1951 1085 2030 1154 illut
2059 1085 2125 1152 tivi
2150 1085 2277 1168 tuique
2300 1081 2416 1148 eredi-

575 1239 639 1302 bus
656 1255 746 1319 non
760 1236 1075 1324 defensaverimus
1100 1245 1163 1306 aut
1186 1241 1215 1307 si
1239 1257 1316 1327 nos,
1340 1259 1401 1309 seu
1425 1243 1500 1328 ipse
1517 1243 1687 1311 uxoribus
1711 1244 1844 1326 nostre,
1862 1239 1915 1305 vel
1929 1227 2060 1306 nos'tris
2075 1235 2253 1320 enodibus,
2272 1251 2418 1319 quomo·

571 1388 768 1474 ducumque
792 1409 855 1475 pro
877 1389 1135 1477 qualecumque
1159 1347 1298 1462 ratione
1322 1393 1402 1462 illut
1426 1395 1480 1462 vel
1504 1393 1633 1462 exinde
1657 1393 1722 1460 tivi
1750 1393 1874 1477 tuique
1900 1385 2064 1457 eredidu's
2090 1385 2213 1455 tollere
2238 1393 2308 1455 aut
2336 1401 2419 1452 con·

567 1543 667 1608 trare
683 1539 929 1625 'quesierimus
952 1560 1016 1629 pro
1032 1510 1166 1628 'quavis
1190 1545 1404 1632 rationibus,
1429 1545 1507 1613 ideo.
1518 1565 1579 1630 per
1601 1543 1808 1631 supra-dicta
1825 1542 1960 1630 guadio
1986 1541 2209 1640 obbligamus
2227 1555 2289 1605 nos
2305 1545 2340 1605 et
2357 1555 2419 1604 no-

567 1693 652 1758 stris
676 1691 841 1758 eredibus
864 1691 909 1760 ad
933 1666 1211 1779 componendum
1236 1696 1300 1762 tivi
1325 1698 1385 1784 qui
1404 1715 1519 1782 supra
1543 1698 1634 1765 miro
1675 1696 1825 1764 iudicem
1851 1693 1953 1763 etad
1978 1693 2050 1762 tuis
2072 1692 2249 1775 eredibus,
2274 1709 2341 1757 seu·
2359 1691 2418 1758 cui
2471 1712 2474 1722 ¹

561 1841 714 1938 cartula
738 1844 809 1912 ista
832 1847 911 1911 vice
936 1849 1059 1914 nostra
1084 1849 1120 1911 in
1146 1864 1254 1913 manu
1278 1817 1451 1934 paruerit,
1473 1843 1605 1954 biginti
1631 1847 1759 1915 solidos
1784 1849 1887 1916 aurei
1916 1816 2212 1930 constantiniani,
2230 1849 2265 1910 et
2280 1845 2418 1929 questio

568 2000 605 2061 et
634 1999 798 2064 causatio
821 2003 943 2066 nostra
968 2009 1003 2066 et
1027 2000 1070 2066 de
1094 2000 1225 2067 nostris
1249 2001 1413 2067 eredibus
1437 2001 1608 2067 adversus
1631 2017 1691 2064 uos
1714 1948 1753 2067 et
1773 1997 2088 2102 vestriseredibus
2104 1997 2151 2063 sit
2164 1994 2295 2063 exinde
2307 1996 2419 2062 tacita

564 2156 599 2219 et
629 2169 758 2234 vacua,
782 2155 832 2238 et,
856 2153 1136 2239 sicut'superius
1158 2154 1304 2252 legitur,
1330 2152 1409 2220 illut
1433 2153 1529 2219 vobis
1552 2152 1771 2220 defensemus
1793 2157 1829 2218 et
1852 2153 1971 2218 omnia
1998 2149 2095 2216 vobis
2119 2149 2318 2234 vestrisque
2342 2163 2420 2252 ere·

573 2303 679 2370 dibus
704 2261 964 2390 adimpleamus
987 2325 1050 2391 per
1075 2305 1280 2390 supradicta
1303 2306 1436 2393 guadia
1459 2310 1495 2373 et
1519 2273 1701 2390 obbligata
1724 2321 1830 2390 pena,
1853 2321 1962 2389 quam
1990 2310 2025 2370 te
2042 2302 2163 2370 henim
2188 2299 2420 2387 truppoaldus

568 2453 723 2522 clericus
749 2461 785 2524 et
807 2456 971 2524 notarius
994 2458 1149 2524 scrivere
1173 2458 1388 2543 rogavimus
1414 2461 1532 2524 actum
1556 2456 1638 2522 uius
1661 2456 1818 2522 nucerie.

612 2579 642 2693 †
668 2605 741 2693 Ego
766 2611 905 2675 amatus

614 2732 644 2845 †
670 2761 745 2846 Ego
770 2761 954 2828 iohannes

1310 3504 1701 3586 CMLXXXV·¹

1342 3836 1399 3911 A.
1430 3837 1483 3911 D.
1515 3832 1638 3910 1041.
1704 3871 1714 3884 ·

612 4105 647 4244 ἰ’
674 4157 714 4221 ln
738 4156 881 4222 nomine
905 4154 1040 4222 domini
1064 4155 1230 4222 vicesimo
1252 4161 1382 4241 quarto
1406 4173 1500 4224 anno
1524 4155 1748 4243 principatus
1778 4155 1909 4226 salerni
1946 4156 2065 4223 domni
2092 4155 2205 4223 nostri
2236 4155 2420 4225 Guaimari

569 4309 715 4396 gloriosi
744 4309 930 4395 principis,
955 4314 990 4376 et
1013 4313 1141 4394 quarto
1157 4325 1252 4377 anno
1269 4309 1492 4396 principatus
1504 4309 1580 4378 eius
1594 4328 1718 4397 capue,
1734 4315 1772 4377 et
1787 4310 1893 4378 tertio
1910 4327 2004 4378 anno
2020 4310 2170 4378 ducatus
2188 4309 2287 4377 illius
2302 4309 2422 4378 amalfi

574 4467 610 4528 et
624 4460 780 4546 syrrenti
788 4477 932 4546 ,mense
948 4459 1150 4547 nobember‚
1162 4459 1300 4528 decima
1315 4460 1521 4529 indictione.
1537 4461 1825 4530 Memoratorium
1849 4464 1944 4530 laetu
1968 4481 1991 4529 a
2014 4480 2069 4531 me
2092 4462 2227 4530 alferus
2253 4461 2425 4530 diaconus

574 4619 611 4681 et
636 4615 917 4699 archipresbiter
942 4619 977 4682 et
1003 4615 1114 4716 abbas
1140 4614 1286 4681 ecclesie
1309 4613 1422 4681 sancti
1449 4612 1614 4698 maximi,
1638 4613 1697 4698 qui
1715 4631 1791 4680 sum
1810 4629 1902 4716 unus
1925 4613 1966 4679 de
1985 4613 2118 4681 domini
2137 4618 2249 4702 ipsius
2264 4617 2422 4703 ecclesie,

578 4767 628 4832 Eo
653 4767 745 4850 quod
770 4770 857 4834 ante
882 4765 1030 4851 ydoneis
1046 4765 1252 4834 hominibus
1269 4785 1328 4851 per
1345 4767 1595 4834 conbenientia
1606 4766 1736 4835 tradidi
1756 4769 1924 4853 iaquinti,
1938 4773 1973 4835 et
1988 4770 2094 4854 petri,
2110 4775 2146 4837 et
2164 4769 2326 4855 iohanni,
2344 4787 2426 4855 ger-

582 4918 682 4986 mani
708 4918 772 4984 filii
798 4919 975 5004 quondam
994 4918 1131 5006 sillicti‚
1157 4921 1263 4986 rebus
1286 4923 1525 5005 pertinentem
1549 4920 1661 5004 ipsius
1685 4915 1829 4986 ecclesie
1851 4918 1967 4986 sancti
1984 4919 2148 5005 maximi,
2165 4937 2234 5003 que
2252 4929 2307 4986 est
2324 4923 2425 4987 terra

549 5167 553 5176 Ι
574 5088 655 5137 cum
671 5071 829 5140 arbustis
841 5073 965 5144 ¹vitatis
983 5077 1018 5139 et
1035 5070 1331 5158 abellanientum,
1347 5089 1409 5137 seu
1425 5069 1546 5156 parvis
1563 5077 1597 5136 et
1613 5069 1696 5137 aliis
1712 5072 1897 5138 arboribus
1915 5088 1984 5138 uno
2001 5071 2212 5156 lenientem,
2230 5069 2323 5156 quod
2342 5090 2426 5158 pars

575 5221 689 5308 ipsius
714 5208 906 5292 monasteri
931 5225 1013 5291 abet
1036 5225 1073 5289 in
1097 5223 1208 5290 locum
1233 5224 1391 5310 nucerie²
1410 5222 1470 5290 ubi
1484 5223 1625 5310 proprio
1643 5223 1750 5292 aiella
1765 5228 1870 5310 puteo
1889 5225 2025 5291 retente
2042 5199 2187 5312 dicitur,
2206 5241 2268 5309 per
2283 5242 2323 5292 as
2340 5224 2426 5292 fines

571 5387 609 5442 et
633 5393 832 5444 mensuras
852 5379 882 5442 A
899 5381 1000 5462 parte
1016 5353 1279 5463 septemtrionis
1295 5376 1366 5443 tine
1383 5377 1442 5444 bia
1460 5337 1617 5462 publica,
1631 5375 1723 5442 unde
1737 5394 1832 5460 aqua
1844 5375 2015 5462 decurrit,
2028 5392 2096 5462 que
2109 5373 2293 5444 descendit
2316 5377 2362 5444 da
2388 5374 2425 5443 la
2497 5433 2505 5446 .

577 5517 702 5613 lo'rma,
721 5533 806 5595 sunt
822 5528 905 5596 inde
920 5529 1018 5614 passi
1035 5525 1238 5614 nonaginta
1254 5529 1393 5596 nobem.
1411 5531 1441 5596 Α
1458 5546 1542 5615 pars
1554 5527 1702 5595 orientis
1716 5527 1787 5595 fine
1803 5526 1864 5594 bia
1879 5530 1916 5594 et
1929 5526 1997 5594 fine
2013 5527 2055 5595 de
2071 5527 2194 5596 eredes
2209 5527 2362 5615 columi,
2380 5527 2427 5596 si-

579 5682 641 5744 cut
664 5678 782 5746 media
806 5697 886 5766 sepe
909 5679 1094 5766 discernit,
1112 5679 1193 5760 inde
1216 5680 1311 5764 passi
1327 5683 1468 5748 centum
1485 5679 1604 5748 decem
1621 5682 1657 5747 et
1679 5681 1817 5748 nobem.
1843 5682 2008 5766 Desuper
2025 5698 2047 5748 a
2064 5683 2167 5764 parte
2183 5680 2335 5749 meridie
2355 5681 2425 5748 line

539 5890 549 5910 ,
576 5831 667 5899 sicut
692 5832 804 5899 medio
829 5834 910 5920 poiu
935 5831 1121 5918 discernit,
1147 5839 1232 5900 sunt
1261 5833 1341 5902 inde
1370 5831 1461 5918 passi
1487 5831 1680 5919 sexaginta
1704 5849 1815 5898 unum
1838 5837 1875 5900 et
1906 5830 2075 5918 medium,
2101 5837 2135 5900 et
2158 5833 2289 5901 abinde
2315 5833 2428 5902 rebol·
