5456 7096
1218 524 1406 600 CODEX
1445 512 1739 604 cnvu-Nst's

1353 963 1630 1046 GMXVII.

1326 1265 1384 1338 A.
1412 1265 1466 1337 D.
1497 1263 1625 1339 1037.

610 1491 646 1634 †
672 1548 710 1612 ln
736 1549 878 1616 nomine
901 1548 1034 1615 domini
1060 1567 1152 1618 nono
1169 1550 1302 1618 decimo
1319 1569 1414 1618 auno
1431 1553 1653 1638 principatus
1671 1553 1789 1620 domni
1808 1553 1919 1620 nostri
1937 1550 2117 1638 guaimari
2135 1553 2288 1639 glorioso
2305 1550 2406 1638 prin-

561 1701 652 1786 cipe,
677 1701 750 1768 filio
767 1703 946 1788 quondam
963 1705 1081 1773 domni
1097 1707 1294 1792 guaimari,
1312 1723 1431 1772 mense
1449 1711 1610 1792 agustus
1629 1705 1756 1792 quinta
1773 1707 1979 1775 indictione.
2000 1708 2287 1775 liemoratorium
2313 1707 2410 1774 laetu

563 1873 585 1922 a
610 1872 666 1921 me
692 1855 864 1922 iohannes
887 1857 960 1923 filio
984 1823 1219 1950 iaquinti,·oo
1242 1859 1332 1943 quod
1359 1863 1441 1926 ante
1465 1864 1646 1945 presentia
1670 1859 1860 1948 grimoaldi
1885 1861 2004 1928 comiti
2032 1866 2067 1927 et
2085 1859 2192 1928 iudici
2220 1861 2415 1928 coniuntus

566 2024 644 2074 sum
671 2008 715 2075 ad
741 2012 830 2077 bona
854 2013 1102 2081 conuenientia
1119 2032 1198 2080 cum
1217 2015 1297 2079 vibo
1313 2020 1489 2098 congnato
1507 2033 1604 2081 meus
1621 2015 1693 2080 filio
1711 2015 1887 2100 quondam
1905 2013 1996 2099 petri
2018 2015 2060 2081 de
2078 2014 2190 2080 locum
2212 2016 2408 2102 traboneie,

560 2169 611 2250 et,
629 2163 723 2232 siout
738 2166 905 2252 convenit
921 2169 1006 2234 mihi
1026 2174 1061 2235 et
1080 2169 1191 2254 ipsius
1209 2170 1292 2254 ribi,
1311 2171 1383 2254 ipse
1401 2171 1480 2234 vibo
1496 2168 1724 2254 adtingnavit
1740 2169 1827 2234 mihi
1844 2187 1965 2236 omnes
1979 2170 2083 2236 rebus
2096 2186 2175 2254 sua,
2190 2169 2282 2255 quod
2295 2169 2410 2238 eidem

560 2321 635 2388 vibi
653 2321 808 2406 pertinet
823 2321 929 2388 abere
945 2321 989 2389 da
1005 2323 1167 2406 genitore
1183 2327 1218 2388 et
1236 2322 1410 2408 genitrice
1429 2341 1507 2407 sua,
1524 2321 1615 2406 qued
1632 2323 1733 2388 abuit
1750 2322 1787 2388 in
1804 2321 1924 2388 eodem
1942 2283 2017 2388 loeo
2035 2323 2214 2404 trasoneie
2230 2323 2270 2389 in
2288 2327 2409 2390 monte

562 2491 669 2560 quam
686 2476 724 2539 et
742 2473 778 2537 in
795 2472 914 2558 plano,
931 2471 1065 2539 cultum
1084 2474 1136 2540 vel
1152 2474 1339 2559 incultum,
1358 2477 1571 2559 ubicumque
1588 2473 1710 2542 desua
1727 2476 1883 2542 sortione
1899 2475 2067 2542 iubentus
2091 2475 2228 2544 dederit
2242 2475 2408 2544 inclitum

563 2626 645 2695 illut
668 2627 757 2694 mihi
782 2629 1024 2715 adtingnabit.
1051 2629 1142 2696 unde
1167 2647 1229 2716 pro
1253 2629 1374 2695 taliter
1397 2647 1459 2714 per
1476 2647 1567 2696 vona
1584 2630 1833 2697 convenientia
1847 2631 1982 2717 guadia
1998 2629 2086 2697 mihi
2104 2631 2180 2716 ipse
2197 2633 2276 2698 vibo
2293 2631 2405 2718 dedit,

561 2785 598 2848 et
623 2781 851 2850 mediatorem
877 2783 966 2850 mihi
991 2783 1107 2868 posuit
1129 2788 1249 2868 petrus
1274 2787 1452 2868 congnato
1477 2802 1575 2849 meus
1598 2781 1691 2850 filius
1707 2784 1881 2868 quondam
1902 2783 2032 2870 lupini3
2050 2789 2086 2852 et
2102 2803 2163 2870 per
2182 2783 2258 2869 ipsa
2274 2784 2410 2870 guadia

561 2935 737 3023 obligavit
761 2953 798 3002 se
821 2939 856 3004 et
879 2953 963 3002 suos
986 2937 1117 3012 eredes,
1143 2943 1183 3003 ut
1206 2938 1237 3003 si
1262 2937 1454 3022 aliquando
1478 2941 1633 3021 tempore
1657 2937 1781 3005 amodo
1804 2939 1841 3003 et
1865 2939 1904 3005 in
1927 2931 2033 3006 antea
2056 2937 2099 3006 de
2125 2942 2202 3024 ipsa
2237 2936 2409 3007 iamdicta

558 3093 717 3158 sortione
746 3091 788 3158 de
814 3090 979 3159 iamdicta
1005 3095 1109 3158 rebus
1137 3093 1329 3178 vinditura,
1356 3092 1407 3158 uel
1426 3092 1553 3160 datura
1571 3093 1738 3158 abuerint
1754 3092 1813 3159 ille
1831 3092 1884 3158 vel
1902 3110 1982 3158 suos
1999 3092 2137 3178 eredes,
2154 3093 2312 3177 qualiter
2329 3109 2407 3158 orne

562 3247 721 3334 cogitare
746 3253 903 3334 pussant,
928 3201 1070 3332 squalido
1094 3247 1152 3314 ille
1177 3247 1231 3314 vel
1254 3265 1334 3314 suos
1357 3248 1478 3314 eredes
1502 3247 1583 3314 illut
1601 3247 1727 3314 daturo
1744 3245 1924 3330 abuerint,
1942 3245 2032 3312 mihi
2051 3246 2112 3331 qui
2130 3264 2240 3332 supra
2257 3247 2404 3316 iohanni

559 3401 615 3470 vel
641 3402 686 3470 ad
711 3403 800 3468 meis
823 3401 989 3468 eredibus
1013 3400 1094 3468 illut
1116 3402 1223 3469 deant
1245 3403 1288 3469 ad
1313 3403 1405 3468 iusto
1421 3401 1576 3469 ballente
1593 3403 1761 3487 pretium,
1779 3420 1847 3486 que
1865 3399 1957 3469 iuste
1974 3401 2083 3468 suerit
2099 3403 2354 3488 appretiatum,
2372 3409 2410 3471 et

559 3552 696 3621 saciant
720 3571 787 3638 me,
812 3552 866 3619 uel
891 3571 984 3619 meos
1006 3553 1097 3620 filios
1120 3557 1156 3621 et
1179 3553 1313 3639 eredeS,
1339 3553 1421 3619 inde
1444 3555 1534 3620 scire
1559 3571 1622 3640 pro
1646 3553 1727 3620 illut
1744 3553 1939 3621 tollendum
1957 3573 2019 3640 per
2038 3555 2144 3624 tertio
2173 3556 2408 3625 constitutum

561 3727 670 3793 usque
695 3708 770 3774 dies
795 3708 947 3793 triginta
970 3725 1045 3792 sex,
1070 3712 1105 3773 et
1128 3706 1281 3775 dandum
1299 3707 1381 3774 inde
1397 3727 1519 3775 eorum
1535 3711 1627 3776 iusto
1643 3709 1797 3777 ballente
1814 3711 1980 3795 pretium3
1999 3715 2034 3777 et
2050 3712 2080 3778 si
2100 3712 2197 3780 inira
2216 3711 2293 3799 ipsa
2327 3730 2410 3780 con·

560 3863 686 3930 stituta
711 3860 931 3927 noluerimus
956 3864 1033 3946 ipsa
1058 3861 1162 3927 rebus
1186 3863 1229 3928 ab
1254 3862 1371 3947 ipsurn
1397 3863 1498 3930 vibus
1522 3865 1574 3928 vel
1594 3866 1639 3931 ab
1656 3864 1732 3931 eius
1749 3863 1869 3931 eredes
1885 3864 1929 3931 ad
1947 3867 2038 3933 iusto
2055 3867 2210 3953 pretium
2237 3867 2408 3952 baliente,

556 4021 633 4105 post
663 4013 738 4099 ipsa
762 4015 957 4082 constituta
982 4014 1094 4082 licead
1121 4015 1190 4082 illis
1216 4013 1295 4080 illut
1319 4015 1405 4082 dare
1428 4017 1485 4083 eui
1509 4015 1699 4102 boluerint,
1717 4019 1794 4083 sine
1811 4017 2065 4086 contrarietate
2085 4023 2211 4088 nostra
2228 4019 2322 4086 etde
2348 4041 2413 4089 no·

563 4177 653 4244 stris
680 4177 857 4262 erectione,
875 4179 1002 4246 namsi
1022 4182 1105 4246 ante
1123 4179 1199 4264 ipsa
1215 4179 1405 4244 constituta
1425 4177 1635 4258 cuicumque
1652 4173 1731 4241 illut
1746 4173 1925 4260 dederint,
1945 4179 1983 4242 ut
2005 4175 2048 4240 de
2072 4174 2215 4241 illorum
2233 4180 2407 4266 potestate

568 4335 661 4397 esset
685 4332 937 4417 substractum,
963 4331 1041 4398 sine
1064 4332 1216 4418 pretium
1241 4331 1388 4398 redeant
1411 4329 1455 4396 ad
1479 4330 1652 4414 potestate
1676 4345 1756 4393 mea
1779 4331 1815 4392 et
1838 4326 1880 4393 de
1898 4326 1986 4393 meis
2003 4328 2180 4412 aradibus,
2198 4329 2407 4398 faciendum

568 4483 648 4552 indo
670 4488 789 4556 omnia
808 4486 898 4571 quod
916 4485 1105 4570 voluerint,
1123 4487 1199 4551 sine
1217 4483 1469 4550 contrarietate
1484 4503 1548 4550 sua
1564 4480 1616 4547 rel
1634 4480 1676 4546 de
1694 4482 1768 4545 suis
1784 4481 1960 4547 enodibus.
1980 4481 2117 4565 quodsi
2135 4480 2255 4549 taliter
2271 4482 2405 4567 omnia,

565 4638 739 4722 quomodo
763 4643 798 4704 et
821 4639 975 4723 qualiter
999 4641 1161 4724 superius
1185 4638 1330 4723 leg-itur,
1355 4636 1442 4702 mihi
1469 4637 1607 4722 meique
1631 4636 1794 4703 eredibus
1818 4653 1888 4699 non
1912 4635 2189 4720 adimpleverint
2213 4637 2248 4700 et
2273 4634 2407 4719 aliquit

565 4790 648 4856 inde
674 4809 853 4858 remouere
878 4797 942 4858 aut
964 4795 1127 4858 contrare
1151 4789 1359 4876 quesierint,
1385 4807 1447 4873 per
1473 4806 1563 4856 vona
1588 4787 1838 4856 convenientia
1862 4806 1923 4872 per
1944 4786 2021 4872 ipsa
2040 4787 2175 4874 guadia
2198 4805 2407 4873 componere

561 4944 738 5030 obligauit
761 4963 797 5012 se
822 4951 857 5011 et
880 4961 963 5011 suos
986 4943 1106 5012 erodes
1131 4943 1220 5008 mibi
1246 4943 1387 5026 meique
1411 4943 1587 5026 eredibus,
1604 4947 1667 5009 aut
1683 4945 1739 5010 cui
1757 4961 1826 5010 uno
1844 4944 1988 5009 brebem
2005 4943 2041 5006 in
2060 4960 2206 5008 manum
2233 4941 2404 5027 paruerit,

482 5161 489 5174 ,
559 5099 712 5182 triginta
726 5098 805 5165 auri
819 5097 946 5164 solidos
961 5097 1205 5165 constantines
1222 5101 1257 5162 et
1273 5097 1392 5163 omnia
1408 5096 1654 5180 suprascripta
1672 5113 1733 5178 per
1752 5093 1880 5160 invitis
1898 5091 2000 5159 nobis
2017 5092 2199 5180 cornplire;
2213 5099 2249 5162 et
2262 5092 2404 5180 quando

555 5249 632 5335 ipsa
658 5251 763 5315 rebus
787 5251 889 5316 nobis
915 5251 968 5317 vol
985 5251 1028 5317 ad
1046 5249 1176 5317 nostris
1199 5247 1363 5317 eredibus
1387 5247 1563 5332 dederint,
1589 5247 1773 5313 firmarent
1790 5247 1873 5313 inde
1898 5247 1999 5313 nobis
2015 5246 2189 5315 cartulam
2208 5249 2402 5316 seeundum

557 5401 669 5488 legem
695 5403 777 5470 illut
800 5403 901 5469 nobis
925 5403 1176 5469 defensandum
1200 5402 1245 5469 da
1269 5403 1384 5468 omnis
1407 5403 1542 5467 omines
1566 5419 1628 5485 per
1652 5419 1744 5486 pena
1768 5399 1925 5486 obligata
1956 5402 1998 5468 de
2023 5402 2176 5488 triginta
2209 5403 2288 5470 auri
2322 5401 2415 5470 soli·

553 5555 614 5622 dos
638 5558 884 5623 constantines
909 5575 971 5640 per
995 5554 1199 5640 supradicta
1224 5555 1359 5640 guadio
1382 5561 1417 5621 et
1439 5555 1596 5642 obligata
1619 5573 1736 5640 pena;
1761 5561 1795 5622 et
1819 5555 1850 5621 si
1875 5556 1953 5640 ipsa
1978 5557 2082 5622 rebus
2106 5554 2147 5622 de
2173 5557 2248 5641 ipsa
2275 5575 2403 5643 supra-

552 5709 649 5776 dicta
667 5711 808 5795 tingua,
834 5708 924 5794 quod
950 5709 1051 5774 nobis
1066 5708 1308 5794 adtingnabit,
1324 5708 1361 5773 in
1377 5705 1460 5774 aliis
1477 5709 1637 5793 partibus
1655 5708 1736 5775 inde
1753 5708 1918 5775 dederint
1934 5707 2010 5775 sine
2027 5714 2150 5776 nostra
2168 5709 2402 5797 absolutione,

554 5865 636 5930 sine
661 5864 814 5948 pretium
840 5865 988 5930 redeant
1012 5863 1055 5932 ad
1082 5869 1204 5930 nostra
1228 5867 1411 5947 potestate,
1436 5869 1471 5926 et
1493 5861 1651 5926 defenset
1669 5859 1749 5926 illut
1765 5863 1867 5927 nobis
1883 5863 1929 5928 da
1946 5863 2057 5927 omnis
2074 5864 2209 5932 omines
2235 5869 2409 5952 omnique
