5408 7108
1025 470 1430 548 bretonn‘rmbs

1129 717 1280 798 M111.
1327 831 1330 842 Ι
1423 737 1430 754 ·

871 999 877 1016 ’
950 1017 959 1034 “
1054 1014 1111 1090 A.
1139 1013 1193 1088 D.
1224 1011 1355 1137 1042.

335 1244 371 1384 †
398 1298 439 1367 tn
463 1299 605 1365 nomine
628 1297 764 1367 domini
786 1299 950 1390 vicesimo
972 1305 1098 1388 quarto
1120 1317 1215 1369 anno
1238 1299 1463 1389 principatus
1486 1298 1622 1370 salerni
1657 1289 1778 1368 doinni
1810 1299 1925 1370 nostri
1949 1300 2132 1388 guaimari

287 1450 444 1536 glorioso
467 1450 641 1546 pripcipe,
667 1456 702 1556 et
716 1455 844 1538 quarto
868 1469 962 1522 anno
979 1435 1202 1539 principatus
1216 1452 1293 1520 eius
1308 1471 1420 1540 capue
1435 1455 1472 1520 et
1484 1449 1619 1534 ducatu
1641 1451 1739 1520 illius
1755 1451 1876 1520 amalfi
1892 1455 1929 1522 et
1945 1456 2131 1538 sorrentu,

287 1609 325 1673 et
349 1603 463 1692 primo
487 1621 583 1674 anno
608 1606 931 1692 suprascriptorum
954 1607 1160 1693 principatu
1182 1609 1218 1674 et
1232 1606 1363 1675 ducatu
1385 1602 1506 1672 domni
1530 1603 1645 1692 gisolfi
1665 1603 1792 1672 eximii
1806 1603 1967 1708 principi
1990 1609 2026 1674 et
2048 1605 2132 1676 duci

283 1755 351 1826 filii
375 1759 466 1842 eius,
490 1773 610 1825 mense
641 1755 762 1844 iulius,
786 1756 925 1825 decima
958 1757 1165 1826 indictione.
1192 1757 1478 1828 Memoratorium
1503 1758 1637 1826 factum
1662 1777 1684 1828 a
1715 1757 1817 1828 nobis
1840 1759 2071 1848 grimoaldus,
2096 1764 2134 1830 et

284 1909 471 1997 iohannes,
494 1913 642 1980 otmari
666 1911 829 1998 germani
846 1909 912 1979 filii
928 1910 1104 1997 quondam
1120 1911 1277 1999 iaquinti
1303 1912 1348 1980 de
1371 1912 1487 1982 locum
1511 1912 1659 1985 mailuni
1684 1913 1817 1980 finibus
1842 1913 1884 1982 de
1902 1915 2065 1999 nuceria,
2089 1931 2134 1983 eo

288 2062 380 2150 quod
403 2067 487 2132 ante
510 2061 683 2131 subcribti
707 2057 825 2132 testes'
837 2081 900 2150 per
921 2063 1181 2132 comvenientia
1203 2063 1275 2133 had
1299 2065 1491 2135 tenendum
1517 2069 1553 2134 et
1585 2064 1818 2134 lavorandum
1854 2065 2005 2134 tradidit
2027 2066 2130 2134 nobis

284 2213 413 2284 mulier
435 2217 579 2284 nomine
602 2215 726 2286 aloara
748 2218 940 2303 eomitissa,
962 2213 1091 2296 ,relicta
1113 2216 1290 2302 quondam
1313 2219 1406 2304 petri
1429 2217 1568 2285 comitis
1585 2217 1654 2284 fllii
1672 2217 1852 2304 quondam
1877 2221 1970 2306 petri
1994 2221 2031 2287 et
2054 2221 2132 2288 filia

279 2367 459 2454 quondam
482 2369 654 2456 romoaldi
677 2369 829 2457 comitis,
852 2387 916 2458 per
939 2368 1158 2440 voluntatem
1182 2368 1224 2436 de
1247 2367 1429 2436 mundoatt
1452 2385 1529 2454 suo,
1555 2386 1629 2437 una
1655 2365 1738 2438 curri
1751 2389 1795 2439 ea
1818 2375 1910 2440 esset
1939 2373 2047 2456 (deest
2071 2391 2131 2442 no·

284 2519 378 2603 mec)
400 2519 610 2590 advocatore
633 2539 696 2590 suo
719 2519 882 2590 inclitam
905 2521 1129 2590 medietatem
1152 2521 1191 2588 iu
1215 2525 1316 2608 parte
1339 2521 1532 2590 occidentis
1555 2522 1599 2590 de
1626 2541 1699 2592 una
1720 2526 1825 2611 pecta
1854 2505 1898 2593 d'e
1931 2527 2037 2594 rebus
2061 2509 2128 2597 sua

197 2691 198 2694 ’
284 2681 365 2740 cum
389 2674 545 2742 arbustis
568 2665 690 2743 vitatis
704 2678 740 2744 et
755 2675 879 2763 pomis,
902 2673 994 2762 quod
1016 2644 1096 2761 ipsa
1118 2674 1241 2744 aloara
1257 2675 1439 2744 comitissa
1463 2679 1546 2744 avet
1568 2677 1608 2744 in
1633 2679 1708 2763 ipso
1732 2677 1846 2746 locum
1870 2677 2019 2747 malluni
2045 2683 2128 2749 sub-

284 2828 344 2893 tus
366 2828 487 2892 monte
512 2825 627 2893 sancti
650 2825 752 2894 cirici
775 2845 844 2913 que
866 2831 919 2895 est
944 2826 1021 2913 ipsa
1045 2829 1148 2894 rebus
1172 2845 1234 2913 per
1257 2844 1298 2896 as
1320 2827 1422 2896 fines:
1452 2849 1473 2898 a
1496 2832 1599 2917 parte
1614 2789 1859 2899 meridiatine
1884 2832 1944 2901 via
1967 2833 2127 2920 publica:

279 2995 302 3044 a
326 2981 431 3062 parte
455 2975 602 3045 orientis
622 2977 694 3045 fine
718 2977 830 3065 ipsius
852 2977 984 3065 aloare,
1008 2981 1100 3046 sicut
1125 2979 1206 3048 inde
1229 2982 1347 3050 media
1370 3001 1452 3070 sepe
1475 2983 1661 3052 discernit:
1686 2983 1729 3052 de
1752 3003 1897 3077 supera
1922 2991 2023 3074 parte
2046 3005 2123 3074 sep·

278 3129 483 3197 temtrionis
507 3129 673 3198 similiter
689 3121 760 3200 tine
775 3150 853 3200 sua:
872 3137 1012 3220 aparte
1028 3134 1220 3203 decidentis
1244 3136 1412 3207 similiter
1428 3139 1498 3204 fine
1515 3135 1779 3257 ipsiusualoare,
1796 3139 1888 3206 sicut
1906 3138 1990 3208 inde
2007 3138 2128 3210 media

282 3297 364 3366 sepe
387 3282 559 3352 discernit
580 3290 617 3352 et
639 3285 880 3370 coniungente
902 3303 940 3353 se
955 3285 1001 3354 ad
1016 3288 1093 3371 ipsa
1109 3287 1168 3354 via
1185 3285 1308 3371 priora
1319 3287 1407 3376 fine.
1426 3305 1466 3354 ec
1485 3305 1569 3354 vero
1587 3289 1834 3373 suprascripta
1850 3289 1952 3374 pecta
1968 3290 2011 3360 de
2025 3295 2126 3362 terra

278 3453 360 3502 eum
384 3435 545 3505 arbustis
568 3435 692 3506 vitatis
716 3439 752 3506 et
774 3437 886 3523 pomis
908 3456 971 3525 per
993 3437 1161 3508 iamdicta
1183 3439 1278 3526 finis,
1302 3442 1395 3508 sicut
1419 3440 1603 3528 diximuS‚
1628 3441 1755 3510 inclita
1779 3442 1973 3512 medietate
1996 3445 2129 3532 exinde

276 3589 315 3656 in
339 3591 418 3676 ipsa
442 3608 527 3675 pars
548 3589 740 3658 occidentis
763 3593 864 3658 nobis
886 3591 1035 3662 tradidit
1057 3591 1103 3660 ad
1127 3591 1373 3678 lavorandum,
1402 3594 1465 3662 tali
1491 3594 1613 3661 ordine
1631 3612 1710 3660 eum
1735 3595 1848 3662 omnis
1871 3597 1993 3666 nostra
2016 3615 2128 3668 causa

181 3761 185 3769 ’
277 3742 427 3812 movilia
449 3743 541 3829 quod
565 3743 615 3810 ibi
639 3743 854 3864 abuerimus,
879 3749 997 3831 sceptu
1018 3748 1093 3831 ipso
1108 3747 1255 3816 cellaria
1278 3753 1314 3816 et
1330 3751 1407 3834 ipsa
1431 3763 1599 3836 organea,
1633 3755 1669 3817 et
1693 3751 1746 3818 ire
1769 3769 1850 3817 cum
1874 3751 1955 3819 illut
1980 3751 2039 3819 ubi
2065 3767 2125 3819 vo·

249 3895 465 3984 ,iuerimus
489 3895 567 3966 sine
591 3900 843 3970 contrarietate
867 3901 980 3988 ipsius
1003 3901 1123 3970 aloare
1147 3903 1200 3969 vel
1226 3903 1268 3971 de
1291 3880 1366 3970 suis
1388 3902 1568 3970 eredidua
1592 3902 1692 3971 Unde
1717 3920 1780 3989 pro
1803 3904 1927 4003 taliter
1944 3922 2007 3991 per
2031 3923 2125 3976 vona

223 4131 230 4146 ι
274 4055 537 4122 comvenientia
559 4055 695 4141 guadia
716 4057 820 4122 nobis
843 4056 920 4141 ipsa
942 4057 1087 4124 haloare
1110 4057 1289 4123 comitissa
1314 4072 1386 4122 una
1411 4073 1492 4121 cum
1513 4073 1577 4121 suo
1600 4053 1812 4122 advocatore
1834 4059 1870 4122 et
1901 4072 1964 4140 per
1983 4053 2125 4122 'volum-

275 4205 356 4272 tate
376 4203 419 4272 de
442 4202 633 4272 mundualt
657 4205 713 4270 sui
736 4197 846 4292 dedit,
869 4208 904 4274 et
925 4205 1115 4274 mediatore
1139 4207 1239 4314 nobis
1262 4205 1379 4291 posuit
1402 4207 1577 4274 iohannes
1610 4206 1737 4290 (fitius)
1762 4204 1938 4291 quondam
1967 4205 2146 4282 maraidi.

278 4355 387 4442 oliba3
413 4360 449 4424 et
472 4375 536 4442 per
559 4355 637 4443 ipsa
660 4357 793 4470 guadia
815 4355 988 4442 obligavit
1012 4375 1049 4424 se
1072 4361 1108 4425 et
1131 4359 1205 4425 suis
1239 4358 1404 4426 eredibus
1430 4357 1468 4425 in
1491 4356 1698 4443 supradicta
1728 4356 1870 4425 ratione
1896 4356 2021 4426 inclita
2047 4359 2125 4444 ipsa
2261 4435 2265 4445 ¹

222 4533 228 4540 ¹
276 4526 340 4578 sua
363 4509 578 4578 tradictione
602 4528 683 4577 eum
707 4511 784 4578 vice
805 4509 850 4577 de
871 4511 929 4578 via
944 4527 1010 4577 sua
1034 4509 1079 4578 da
1094 4527 1214 4577 omnes
1230 4515 1366 4578 omines
1382 4515 1548 4598 omnique
1572 4513 1753 4597 partibus,
1772 4515 1808 4578 et
1823 4527 1895 4576 nou
1911 4509 1994 4578 illut
2016 4508 2125 4604 nobis·

272 4635 401 4731 tollere
426 4667 489 4733 aut
510 4665 677 4732 contrane
699 4667 839 4749 querat3
863 4662 1009 4749 quodsi
1033 4663 1156 4732 taliter
1178 4664 1297 4732 omnia
1322 4662 1566 4750 suprascripta
1590 4662 1692 4729 nobis
1716 4661 1918 4746 nostrisque
1953 4659 2123 4728 eredibus
2201 4733 2210 4750 .

128 4813 134 4825 '
272 4830 345 4882 non
368 4815 641 4902 adimpleverint
663 4821 700 4885 et
722 4815 854 4904 aliquit
877 4815 960 4884 inde
982 4815 1402 4901 contradixerint„tunc
1425 4803 1772 4902 persscomvenientia
1800 4817 1837 4880 et
1868 4831 1931 4899 per
1955 4811 2124 4899 supradi-

275 4971 334 5036 cta
351 4968 485 5055 guadia
501 4967 709 5057 componere
732 4971 908 5059 obligavit
925 4988 963 5048 se
978 4971 1053 5054 ipsa
1066 4969 1227 5056 predicta
1244 4949 1368 5038 aloara
1383 4973 1418 5036 et
1433 4968 1508 5036 suis
1523 4967 1690 5035 eredibus
1707 4967 1810 5032 nobis
1826 4965 2027 5051 nostrisque
2043 4983 2119 5034 ere·

270 5119 377 5190 dibus
401 5122 555 5210 triginta
578 5126 685 5194 hauri
708 5124 835 5192 solidos
857 5123 1164 5211 contantinianos,
1182 5126 1219 5190 et
1234 5121 1354 5190 omnia
1378 5121 1625 5208 suprascripta
1648 5135 1711 5206 per
1734 5118 1943 5205 supradicta
1974 5121 2117 5189 ratione

261 5273 372 5342 nobis
395 5261 566 5362 complire
589 5275 668 5361 ipsa
689 5274 849 5362 predicta
873 5273 996 5344 aloara
1019 5273 1142 5344 omnia
1157 5275 1399 5361 suprascripta
1421 5291 1484 5360 per
1500 5271 1706 5359 supradicto
1729 5271 1853 5382 ordine
1878 5269 1945 5338 ieci
1969 5288 2032 5356 per
2056 5287 2121 5339 vo-

269 5425 410 5497 luntate
434 5429 477 5497 de
500 5427 688 5499 mundualt
710 5428 765 5502 sui
790 5433 826 5498 et
849 5446 923 5496 una
946 5385 1028 5496 curo
1043 5425 1128 5515 iilis,
1145 5430 1181 5495 et
1203 5444 1273 5495 unc
1297 5426 1440 5495 brebem
1455 5425 1582 5493 scribsi
1609 5440 1674 5512 ego
1698 5421 1932 5509 truppoaldus
1955 5421 2118 5490 notarius

319 5551 352 5667 ·†
376 5583 450 5670 Ego
473 5601 579 5651 ursus
600 5601 656 5652 me
678 5582 871 5670 subscripsi

317 5705 347 5822 †
372 5736 447 5822 Ego
469 5736 645 5804 iohannes
668 5755 724 5806 me
746 5738 953 5824 subscripsi.

979 5951 1404 5966 —ffl
