5408 7108
999 557 1411 636 lllPLOMATlGUS
1691 587 1696 596 ·
2022 552 2094 626 255

288 791 440 862 heredes
457 811 527 860 non
546 793 810 881 adimpleberit,
828 799 862 862 et
880 792 1008 879 aliquit
1024 793 1068 860 de
1082 790 1202 859 omnia
1218 789 1465 876 suprascripta
1481 785 1758 872 contradixerit,
1776 803 1983 872 componere
1998 783 2138 874 obliga-

290 949 343 1016 vit
366 964 405 1014 se
423 949 496 1033 ipse
521 946 721 1015 lambertus
735 950 771 1014 et
787 963 869 1014 suos
892 945 1025 1030 eredes,
1050 945 1209 1031 predicto
1232 942 1419 1029 grimoaldi
1439 941 1493 1009 vel
1510 940 1554 1010 ad
1570 943 1649 1008 eius
1664 939 1799 1027 eredeS,
1819 941 1973 1026 triginta
1989 940 2068 1008 auri
2085 957 2141 1007 so-

286 1101 376 1171 lidos
403 1103 714 1170 constantinianus
738 1108 785 1180 et,
810 1097 903 1166 sicut
926 1069 1091 1184 superins
1115 1097 1258 1184 legitur,
1278 1094 1358 1162 illnt
1373 1096 1405 1160 ei
1423 1091 1671 1178 adimplerent;
1689 1091 1732 1158 de
1750 1091 1814 1160 alii
1833 1109 1913 1160 vero
1928 1091 2136 1158 hominibus

155 1231 158 1236 ⁵
286 1261 324 1323 et
344 1259 458 1340 parte,
476 1259 512 1322 et
529 1255 669 1340 quaudo
687 1257 762 1341 ipse
778 1253 999 1342 grimoaldus
1017 1254 1072 1321 rel
1091 1253 1169 1320 eius
1192 1252 1314 1320 eredes
1331 1270 1393 1336 per
1410 1268 1447 1318 se
1462 1249 1620 1318 boluerit
1638 1249 1718 1318 illut
1733 1250 1800 1317 sibi
1817 1249 2056 1336 defensarent,
2075 1265 2135 1335 po·

206 1403 210 1410 '
292 1409 456 1474 testatem
482 1408 627 1494 abeant,
653 1406 808 1492 qualiter
833 1407 1022 1494 voluerint,
1048 1425 1127 1474 cum
1153 1403 1259 1492 quale
1283 1409 1458 1474 rationem
1484 1405 1567 1473 inde
1591 1405 1778 1474 ostendere
1801 1403 1963 1472 voluerit.
1991 1421 2054 1489 pro
2070 1410 2126 1473 ta-

283 1553 387 1646 liter,
414 1564 453 1627 ut
478 1577 587 1645 supra
610 1558 782 1646 diximus,
807 1559 1036 1627 venumdedit
1058 1559 1135 1645 ipse
1159 1559 1354 1627 lambertus
1378 1559 1490 1644 ipsius
1514 1558 1704 1645 grimoaldi
1719 1575 1841 1627 omnes
1857 1559 2029 1626 sortiones
2044 1576 2130 1627 snas

287 1713 331 1782 de
355 1713 472 1780 omnis
496 1714 603 1779 rebus
627 1713 756 1782 stabile
780 1719 816 1781 et
840 1712 981 1798 mouile,
1007 1713 1223 1799 ubicumque
1245 1713 1278 1780 ei
1303 1712 1481 1798 pertinuit
1505 1714 1612 1781 abere
1628 1731 1691 1800 per
1706 1691 1962 1800 qualecumque
1979 1711 2137 1799 ratione,

285 1866 324 1932 in
349 1867 529 1934 montibus
554 1872 589 1934 et
614 1869 651 1932 in
678 1866 808 1954 planis,
833 1864 878 1934 ad
900 1866 1105 1935 faciendum
1122 1867 1251 1934 exinde
1270 1867 1342 1952 ipse
1361 1868 1581 1953 grimoaldus
1596 1873 1631 1935 et
1649 1868 1746 1936 illius
1764 1843 1886 1936 eredes
1901 1865 2022 1934 omnia
2038 1866 2131 1952 quod

287 2021 452 2106 boluerit,
471 2037 534 2106 per
551 2021 796 2106 suprascripta
812 2018 946 2106 guadia
963 2025 999 2088 et
1015 2021 1174 2108 obligata
1192 2038 1298 2107 pena,
1317 2039 1456 2107 semper
1473 2020 1698 2088 defensatum
1718 2020 1798 2088 illut
1815 2020 1927 2105 ipsius
1943 2020 2134 2106 grimoaldi

289 2177 325 2240 et
349 2173 393 2240 ad
419 2175 496 2240 eius
519 2173 657 2258 eredes,
680 2175 716 2239 et
741 2172 799 2240 cui
823 2171 963 2268 cartula
989 2173 1056 2239 ista
1081 2173 1117 2239 in
1143 2192 1287 2241 manum
1316 2176 1491 2260 paruerit,
1515 2194 1578 2261 per
1596 2175 1659 2242 illa
1685 2176 1839 2260 ratione,
1857 2175 1950 2242 sieut
1966 2191 2076 2257 supra
2092 2173 2142 2241 le-

282 2327 397 2413 gitur.
424 2326 467 2393 Et
492 2327 614 2394 taliter
638 2327 781 2394 scribsit
804 2344 870 2413 ego
892 2326 1076 2395 dauferius
1102 2328 1261 2406 notarius
1286 2345 1346 2411 per
1370 2325 1681 2394 demandationem
1709 2327 1945 2414 suprascripti
1963 2326 2083 2395 comiti
2104 2323 2161 2394 et'

279 2475 401 2550 iudici.

330 2606 359 2721 †
392 2636 464 2720 Ego
488 2637 548 2720 qui
574 2653 682 2722 snpra
706 2635 863 2704 ademari
889 2635 1009 2704 index.

1007 2921 1430 2933 —n-m-——‹-——-„-

1065 3280 1350 3362 MXXXV·
1484 3347 1490 3358 .

1067 3577 1123 3651 A.
1149 3579 1202 3653 D.
1229 3573 1358 3652 1044.

335 3815 435 3954 †ln
467 3865 610 3934 nomine
641 3863 774 3934 domini
808 3863 976 3934 uicesimo
1006 3869 1110 3934 sexto
1140 3883 1235 3934 anno
1267 3865 1493 3954 principatus
1515 3867 1649 3935 salerni
1673 3867 1794 3935 domni
1819 3867 1929 3936 nostri
1953 3866 2139 3955 guaimari

290 4016 479 4106 principis,
502 4022 539 4087 et
562 4023 662 4087 sexto
686 4034 783 4086 anno
806 4017 1032 4105 principatus
1055 4017 1132 4086 eius
1156 4034 1268 4105 capue
1292 4023 1328 4087 et
1351 4017 1502 4088 ducatus
1524 4022 1602 4088 eius
1631 4019 1766 4106 amalfi,
1796 4024 1832 4088 et
1860 4019 1986 4107 quinto
2015 4022 2139 4089 hanno

284 4171 437 4240 ducatus
460 4175 538 4240 eius
561 4175 780 4260 surrentum,
804 4175 842 4240 et
864 4169 1020 4240 secundo
1043 4187 1139 4240 anno
1164 4171 1447 4266 subscriptorum
1473 4169 1742 4258 principatuum
1765 4190 1910 4242 suorum
1934 4173 2055 4241 domni
2082 4191 2145 4240 no·

281 4327 350 4394 stri
375 4323 493 4411 gisulfi
515 4323 581 4394 lilii
605 4325 683 4393 eius
706 4322 942 4412 gloriosorum
965 4324 1090 4394 eximii
1115 4325 1297 4410 principes
1321 4328 1356 4392 et
1379 4323 1500 4417 duces,
1526 4330 1561 4394 et
1584 4327 1700 4412 primo
1726 4331 1754 4411 ¹)
1781 4343 1875 4396 anno
1892 4325 2043 4396 ducatus
2061 4327 2140 4396 eius
2249 4386 2254 4395 ,

281 4478 404 4564 apulie
427 4484 463 4548 et
486 4479 656 4576 calabrie,
678 4497 801 4569 ,mense
825 4478 966 4568 aprilis,
990 4477 1201 4546 duodecima
1225 4476 1433 4546 indictione.
1460 4478 1608 4564 ideoque
1632 4495 1696 4565 ego
1720 4479 1828 4565 gaido
1845 4477 1940 4548 lilius
1956 4479 2141 4567 quondam
2276 4541 2281 4554 .

283 4631 446 4719 iohanni,
471 4632 513 4699 de
538 4630 654 4699 locum
676 4629 836 4717 nucerio,
860 4629 904 4697 de
926 4631 1020 4698 sicut
1042 4631 1151 4696 michi
1176 4647 1373 4719 congruum
1397 4634 1463 4707 est,
1490 4647 1582 4698 vona
1605 4630 1737 4699 etenim
1755 4649 1834 4701 mea
1851 4631 2045 4700 bolumtate
2071 4650 2135 4718 per

284 4801 356 4854 ane
380 4783 556 4854 cartulam
582 4787 667 4853 ante
689 4785 872 4872 presentia
895 4783 988 4870 petri
1025 4783 1153 4852 iudicis
1188 4788 1225 4853 et
1258 4781 1322 4852 alii
1360 4787 1470 4852 testes
1508 4783 1737 4853 venumdedit
1772 4789 1879 4872 atque
1914 4784 1959 4853 ad
1994 4785 2137 4873 semper

282 4937 461 5008 abendum
484 4937 654 5006 confirmo
678 4937 744 5006 tiri
769 4936 980 5006 maehenolli
1005 4936 1078 5004 lilio
1101 4936 1279 5024 quondam
1303 4938 1514 5007 macbenolll
1537 4940 1580 5008 de
1605 4937 1813 5007 iamdictum
1846 4938 1960 5006 locum
1985 4937 2133 5009 nucerie

286 5113 360 5163 una
382 5092 486 5181 pecia
509 5093 552 5170 de
575 5100 673 5162 terra
697 5110 779 5161 mea
801 5092 983 5180 pomifera,
1009 5089 1100 5178 quod
1125 5107 1191 5180 ego
1213 5092 1301 5159 abeo
1324 5093 1363 5160 in
1388 5089 1732 5163 iamdictumlooum
1756 5092 1915 5180 nucerio,
1934 5093 1995 5160 ubi
2011 5095 2056 5162 ad
2074 5113 2134 5163 ca-

283 5244 374 5314 solla
397 5243 544 5330 dicitur,
569 5241 768 5330 propinquo
791 5242 938 5312 ecclesie
963 5246 1085 5312 sancte
1109 5242 1221 5310 marie
1247 5261 1307 5330 per
1330 5247 1396 5312 bec
1420 5247 1500 5314 linis
1524 5251 1560 5314 et
1583 5247 1774 5314 mensurio:
1812 5264 1858 5314 ex
1895 5248 1991 5313 omni
2029 5250 2137 5333 parte

282 5402 368 5470 abet
391 5399 463 5469 fine
485 5416 565 5466 mea
588 5403 624 5466 et
648 5397 692 5464 do
714 5396 939 5465 consortibus
965 5394 1067 5481 meis,
1093 5399 1130 5462 et
1155 5400 1207 5464 est
1225 5395 1409 5484 longitudo
1425 5399 1470 5466 da
1487 5399 1622 5467 duobus
1638 5396 1801 5485 partibus
1818 5399 1912 5485 passi
1929 5416 2001 5467 ana
2016 5397 2141 5468 decem

322 5861 347 5950 ¹)
360 5867 463 5948 Lege,
489 5865 649 5932 secundo.
