5406 7090
582 525 656 602 288
1218 528 1395 604 counit
1429 531 1700 610 CAVENSIS

534 755 636 824 tibus
660 757 733 824 tres
756 759 878 843 parles
902 757 945 826 de
970 775 1043 828 una
1066 761 1168 846 pecia
1191 759 1234 827 do
1258 763 1357 829 terra
1380 760 1442 830 ubi
1466 760 1600 832 catalbi
1624 763 1769 852 dicitur,
1793 783 1862 852 que
1884 769 1939 833 εει
1961 783 2024 851 ρετ
2040 765 2106 832 has
2124 761 2213 830 fines
2236 764 2272 830 ει
2287 779 2397 830 men·

540 925 658 977 suras.
685 911 715 976 A
739 914 843 995 parte
867 911 1016 979 orientis
1038 917 1123 980 suut
1148 914 1240 1000 passi
1267 914 1398 1001 viginti
1422 933 1498 982 sex.
1525 915 1554 980 A
1579 919 1680 1000 parte
1704 917 1971 1001 septemtrionis
1994 915 2065 983 line
2091 915 2162 1002 via,
2187 919 2224 982 ει
2248 933 2311 1001 ρετ
2335 915 2391 1003 ip-

537 1079 615 1130 sam
644 1063 739 1131 viam
763 1062 859 1150 passi
885 1067 1029 1132 centum
1053 1065 1208 1153 triginta
1232 1083 1309 1134 sex.
1335 1068 1365 1134 A
1389 1073 1491 1154 parte
1514 1067 1708 1137 occidentis
1731 1069 1828 1154 passi
1852 1067 2119 1156 quinquaginta
2134 1072 2220 1136 tres.
2240 1069 2271 1134 A
2289 1071 2394 1154 parto

535 1215 689 1284 meridie
715 1217 786 1284 line
809 1217 928 1285 media
951 1236 1051 1304 sepes
1073 1218 1170 1288 iusta
1194 1221 1273 1306 ipsa
1296 1238 1379 1307 sepe
1403 1220 1503 1287 intus
1526 1220 1621 1310 ipsas
1645 1239 1703 1288 res
1727 1224 1924 1290 mensurati
1948 1222 2043 1308 passi
2069 1227 2213 1290 centum
2234 1221 2392 1308 triginta

536 1387 615 1438 sex.
643 1371 689 1438 Et
712 1370 806 1440 dixit
831 1387 869 1439 se
893 1372 1026 1440 habere
1049 1343 1098 1440 de·
1118 1372 1269 1440 sedecim
1295 1375 1457 1460 partibus
1479 1380 1553 1443 tres
1576 1378 1697 1464 partes
1720 1376 1763 1444 de
1788 1392 1861 1442 una
1883 1374 1986 1462 pecie
2018 1375 2061 1443 de
2097 1379 2196 1445 terra
2230 1393 2301 1462 que
2337 1377 2393 1444 est

534 1525 735 1612 propinquo
757 1523 907 1594 ecclesia
931 1527 1033 1594 sandi
1053 1526 1188 1621 nicolai
1213 1527 1252 1594 in
1275 1530 1517 1616 suprascripto
1542 1527 1629 1605 loco,
1653 1548 1723 1616 que
1751 1534 1806 1597 cst
1835 1549 1899 1618 per
1934 1530 2023 1599 flues
2059 1533 2097 1598 ει
2132 1547 2333 1598 mensuras.
2361 1531 2392 1596 A

538 1683 642 1767 parte
667 1681 932 1766 septemtrionis
955 1682 1049 1768 passi
1076 1680 1273 1748 duodecim.
1299 1683 1329 1748 A
1352 1687 1455 1770 parte
1480 1682 1628 1750 orientis
1651 1681 1745 1768 passi
1763 1683 1996 1770 septuaginta
2018 1687 2109 1750 octo.
2129 1684 2160 1749 A
2186 1683 2392 1751 revolvente

538 1833 738 1901 mensurati
763 1833 803 1900 in
828 1839 965 1920 partem
990 1833 1139 1902 meridie
1162 1836 1258 1922 passi
1282 1834 1480 1903 duodecim.
1499 1838 1528 1903 A
1546 1839 1647 1922 parte
1663 1835 1857 1904 occidentis
1873 1833 1968 1922 passi
1986 1837 2219 1922 septuaginta
2245 1838 2386 1904 nobem.

531 1985 578 2053 Et
603 1986 700 2054 dixit
725 2005 762 2054 se
787 1989 922 2056 habere
945 1987 988 2056 de
1011 1991 1088 2054 octo
1111 1991 1275 2074 partibus
1300 1995 1371 2055 tres
1395 1991 1516 2074 partes
1538 1987 1582 2056 de
1607 2006 1678 2057 una
1702 1989 1805 2074 pecia
1828 1987 1872 2055 de
1896 1990 2001 2070 terra,
2020 1988 2080 2054 ubi
2109 1987 2154 2056 ad
2190 1987 2392 2056 cancellum

531 2140 681 2229 dicitur,
706 2159 775 2228 que
799 2147 853 2210 est
875 2161 939 2228 per
964 2141 1053 2209 fines
1075 2145 1111 2210 et
1135 2160 1336 2210 mensuras.
1360 2145 1391 2210 A
1415 2149 1517 2228 parte
1542 2141 1804 2228 septemtrionis
1828 2143 1899 2210 line
1923 2141 1995 2228 via,
2021 2145 2058 2209 et
2075 2160 2137 2228 per
2153 2141 2268 2227 ipsam
2295 2141 2389 2209 viam

537 2295 737 2363 mensurati
763 2295 858 2381 passi
883 2299 973 2364 octo.
997 2299 1026 2362 A
1052 2301 1155 2384 parte
1180 2295 1329 2364 orientis
1344 2300 1381 2364 et
1398 2317 1419 2365 a
1434 2315 1519 2382 pars
1535 2297 1729 2364 occidentis
1746 2315 1807 2382 per
1825 2314 2115 2384 unamquamque
2132 2303 2270 2384 partem
2290 2297 2386 2381 passi

529 2451 744 2532 octuaginta
767 2455 859 2519 octo.
885 2453 916 2518 A
940 2401 1043 2536 parte
1067 2450 1215 2518 meridie
1239 2452 1333 2538 passi
1358 2450 1488 2538 viginti
1513 2452 1651 2518 nobem.
1678 2451 1723 2518 Et
1746 2448 1842 2518 dixit
1864 2469 1902 2517 se
1926 2451 2058 2518 habere
2081 2449 2125 2517 de
2160 2459 2238 2516 octo
2277 2451 2393 2535 parti·

532 2605 600 2672 bus
623 2609 696 2671 tres
721 2607 842 2689 partes
865 2602 908 2671 de
934 2623 1007 2671 una
1033 2605 1135 2690 pecia
1160 2600 1203 2670 de
1227 2609 1336 2689 terra,
1363 2602 1424 2669 ubi
1448 2602 1588 2690 pratale
1614 2601 1760 2688 dicitur,
1784 2621 1854 2689 que
1876 2607 1929 2672 εει
1951 2621 2014 2690 ρετ
2050 2603 2140 2671 dnos
2176 2607 2212 2669 et
2248 2619 2390 2670 mensu-

534 2776 607 2826 ras.
633 2759 664 2823 A
688 2762 790 2843 parte
814 2757 1077 2844 septemtrionis
1101 2757 1195 2843 passi
1222 2757 1363 2844 viginti.
1390 2759 1419 2826 A
1445 2762 1547 2844 parte
1571 2757 1767 2824 occidentis
1791 2760 1885 2845 passi
1910 2759 2076 2826 sedecim.
2097 2761 2127 2826 A
2151 2763 2255 2844 parte
2281 2757 2393 2825 meri-

534 2911 592 2980 die
617 2913 713 2999 passi
739 2914 858 2982 decem
884 2917 920 2982 et
944 2918 1089 3000 septem.
1115 2915 1146 2980 A
1171 2918 1273 3000 parte
1297 2911 1446 2980 orientis
1470 2913 1566 2998 passi
1591 2911 1811 2996 quindecim.
1837 2914 1884 2980 Et
1906 2909 1998 2980 dixit
2023 2929 2060 2979 se
2083 2913 2216 2981 habere
2240 2913 2283 2980 de
2313 2917 2392 2982 octo

532 3067 697 3154 partibus
723 3072 794 3134 tres
818 3071 942 3154 partes
966 3067 1008 3133 de
1034 3083 1108 3135 una
1132 3067 1233 3152 pecia
1257 3065 1301 3134 de
1326 3070 1426 3133 terra
1450 3065 1582 3151 ubique
1605 3066 1813 3152 coniuncta,
1837 3085 1905 3151 que
1927 3071 1981 3134 est
2003 3084 2067 3152 per
2092 3065 2181 3134 dues
2216 3070 2253 3134 et
2290 3085 2389 3133 men·

532 3240 650 3291 suras.
677 3223 708 3288 A
732 3225 834 3307 parte
859 3221 1011 3288 orientis
1035 3226 1123 3288 sunt
1148 3218 1242 3307 passi
1270 3217 1400 3304 viginti
1425 3225 1513 3286 octo.
1541 3221 1571 3286 A
1594 3225 1700 3306 parte
1723 3221 1986 3308 septemtrionis
2009 3227 2094 3288 sunt
2118 3221 2214 3309 passi
2249 3223 2383 3308 viginti

530 3379 618 3444 tres.
645 3374 691 3442 Et
715 3373 916 3442 revolvente
940 3375 1138 3442 mensurati
1164 3371 1202 3438 iu
1226 3379 1366 3459 partem
1392 3373 1539 3440 meridie
1564 3375 1661 3460 passi
1685 3392 1761 3442 sex.
1788 3376 1833 3441 Et
1857 3372 2058 3442 revolvente
2084 3373 2122 3440 in
2154 3383 2293 3460 partem
2327 3393 2387 3442 oc·

529 3529 683 3599 oidentis
708 3529 803 3616 passi
828 3527 957 3615 viginti
982 3534 1072 3595 octo.
1098 3527 1143 3594 Et
1165 3525 1367 3594 revolvente
1391 3529 1429 3594 in
1456 3535 1591 3614 partem
1616 3527 1763 3596 meridie
1788 3528 1880 3614 passi
1913 3527 2211 3614 quattuordecim.
2246 3529 2293 3597 Et
2333 3547 2390 3596 re-

533 3685 695 3756 volvente
718 3683 757 3750 in
780 3687 920 3770 partem
944 3681 1095 3750 orientis
1117 3684 1213 3768 passi
1238 3683 1515 3770 quinquaginta.
1540 3683 1585 3750 Et
1606 3682 1701 3750 dixit
1723 3699 1761 3750 se
1784 3685 1916 3750 habere
1939 3682 1982 3750 de
2005 3687 2083 3750 octo
2107 3682 2271 3768 partibus
2306 3687 2383 3751 tres

532 3845 657 3929 partes
681 3840 724 3906 de
749 3854 823 3906 una
848 3838 952 3923 pecia
975 3837 1018 3904 de
1045 3841 1143 3904 terra
1167 3837 1296 3904 ibidem
1320 3837 1521 3922 propinqua
1541 3855 1645 3930 ,que
1668 3841 1722 3903 est
1745 3855 1807 3922 per
1831 3839 1899 3904 has
1933 3837 2021 3902 fines
2055 3841 2091 3902 et
2125 3851 2326 3904 mensuras.
2359 3837 2391 3904 A

533 3997 643 4084 parte
667 3993 817 4061 orientis
841 3993 939 4079 passi
964 3992 1233 4078 quinquaginta
1255 3990 1337 4057 duo.
1363 3993 1395 4057 A
1418 3999 1519 4077 parte
1543 3989 1692 4058 meridie
1716 3991 1809 4078 passi
1838 3989 2032 4077 sexaginta
2062 3990 2203 4056 nobem.
2231 3989 2262 4056 A
2286 3995 2390 4075 parte

535 4146 733 4216 occidentis
758 4149 852 4234 passi
878 4148 1121 4235 quadraginta
1145 4151 1234 4214 octo.
1260 4148 1291 4214 A
1315 4151 1417 4232 parte
1441 4131 1704 4232 septemtrionis
1727 4148 1822 4233 passi
1846 4147 2075 4232 septuaginta
2099 4162 2177 4212 sex.
2212 4147 2260 4212 lit
2292 4143 2388 4213 dixit

529 4322 569 4374 se
594 4304 728 4372 habere
751 4303 794 4371 de
818 4305 896 4370 octo
921 4301 1086 4389 partibus
1113 4307 1184 4369 tres
1207 4305 1327 4387 partes
1348 4301 1391 4367 de
1416 4319 1488 4367 una
1511 4300 1612 4386 peoia
1636 4299 1679 4366 de
1702 4307 1813 4384 terra,
1838 4318 1907 4386 que
1942 4302 1996 4367 εει
2031 4317 2094 4385 ρετ
2120 4298 2385 4386 longitudinem

529 4462 629 4550 passi
655 4457 786 4544 viginti
811 4471 923 4522 unum
947 4459 984 4522 ει
1007 4474 1070 4540 ρετ
1094 4453 1321 4522 latitudinem
1345 4452 1510 4521 similiter
1535 4454 1630 4539 passi
1656 4452 1785 4539 viginti
1814 4473 1935 4520 unum.
1968 4454 2013 4520 Et
2049 4453 2144 4520 dixit
2178 4471 2216 4519 se
2254 4453 2389 4522 habere

527 4614 571 4682 de
597 4617 674 4678 octo
700 4611 865 4696 partibus
891 4614 966 4675 tres
990 4615 1113 4694 partes
1138 4607 1181 4674 de
1207 4627 1279 4676 una
1302 4610 1403 4694 pecia
1427 4607 1471 4675 de
1497 4614 1596 4675 terra
1621 4605 1746 4673 ibidem
1770 4607 2020 4693 propinquam,
2038 4627 2106 4692 que
2130 4611 2184 4674 est
2210 4624 2271 4692 per
2296 4607 2388 4675 fines

530 4773 567 4836 ει
592 4783 792 4833 mensuras.
820 4765 850 4830 A
875 4767 976 4850 parte
1001 4761 1149 4830 meridie
1174 4765 1227 4830 est
1249 4761 1320 4828 line
1338 4763 1396 4829 via
1413 4764 1449 4830 ει
1465 4763 1560 4849 ρεεει
1578 4761 1795 4848 quindecim.
1820 4763 1852 4828 A
1875 4765 1977 4847 parte
2001 4759 2268 4846 septemtrionis
2287 4759 2385 4846 passi

527 4927 674 4990 centum
699 4917 827 5007 viginti
853 4923 1037 5004 quattuor,
1061 4919 1097 4982 et
1122 4911 1323 4984 revolvente
1345 4916 1545 5014 ¹mensurati
1572 4914 1621 4981 'in
1657 4919 1795 5002 partem
1825 4915 1981 5016 orientis
2016 4917 2110 5002 passi
2147 4919 2318 5002 quattuor
2346 4918 2388 4981 et

527 5073 743 5159 medius,‘et
767 5072 972 5140 revolvente
997 5073 1035 5139 iu
1061 5076 1201 5158 partem
1226 5068 1489 5156 septemtrionis
1524 5069 1619 5155 passi
1655 5068 1838 5154 sedecim,
1864 5073 1900 5137 et
1935 5069 2135 5136 revolvente
2169 5067 2209 5134 iu
2243 5071 2383 5152 partem

529 5229 683 5297 orientis
707 5229 800 5314 passi
826 5226 1026 5312 duodecim,
1048 5227 1085 5292 et
1111 5222 1315 5292 revolvente
1339 5223 1470 5291 iterum
1495 5221 1532 5288 in
1559 5222 1669 5306 ipsam
1696 5226 1834 5306 partem
1859 5221 2124 5306 septemtrionis
2153 5221 2248 5307 passi
2276 5219 2385 5288 unde·

453 5373 458 5382 ’
532 5381 617 5467 cim,
641 5387 677 5449 et
701 5379 905 5448 revolvente
931 5377 969 5442 in
994 5381 1129 5463 partem
1155 5376 1304 5444 meridie
1328 5379 1422 5464 passi
1447 5381 1591 5444 centum
1616 5375 1747 5462 viginti
1772 5380 1953 5463 quattuor.
1980 5376 2025 5443 Et
2047 5375 2142 5443 dixit
2175 5393 2212 5442 se
2250 5375 2385 5441 habere

528 5535 573 5604 de
596 5534 750 5603 sedecim
775 5533 941 5620 partibus
964 5539 1037 5598 tres
1060 5535 1181 5616 partes
1205 5530 1248 5598 de
1272 5548 1346 5598 una
1371 5531 1470 5618 pecia
1495 5529 1537 5597 de
1562 5533 1674 5616 terra,
1700 5529 1757 5596 ubi
1783 5528 1828 5598 ad
1855 5527 2053 5596 miliarium
2077 5527 2226 5614 dicitur,
2250 5545 2319 5614 que
2335 5526 2383 5596 da

532 5693 636 5777 parte
660 5687 810 5755 orientis
834 5687 879 5753 ad
905 5685 1067 5774 paludem
1093 5684 1285 5753 coniuncta
1308 5689 1374 5752 est.
1400 5685 1446 5752 Et
1470 5685 1563 5754 dixit
1586 5703 1623 5751 se
1647 5685 1780 5752 habere
1797 5683 1839 5751 do
1856 5683 2008 5752 sedecim
2025 5685 2189 5770 partibus
2211 5687 2287 5750 tres
2301 5701 2384 5770 par·

533 5849 589 5911 tes
613 5843 656 5910 de
682 5858 752 5910 oua
775 5840 877 5927 pecia
900 5839 943 5906 do
967 5847 1077 5924 terra,
1103 5838 1162 5907 ubi
1188 5837 1353 5908 similiter
1377 5837 1574 5907 miliarium
1598 5839 1744 5928 dicitur,
1762 5859 1831 5928 que
1854 5847 1909 5910 est
1933 5860 1995 5928 per
2010 5839 2270 5929 longitudinem
2288 5840 2384 5927 passi
