5406 7090
1059 491 1220 567 SAEO.
1261 492 1332 566 Xll.
1428 553 1432 558 .
2054 497 2076 566 5

272 713 338 788 Noi
365 675 532 788 avenuola
558 717 767 792 ledelmonte
794 719 1020 792 collationato
1046 742 1110 791 con
1137 720 1170 791 la
1196 717 1457 816 pubblioazione
1483 721 1613 794 lattane
1640 719 1732 791 nella
1758 716 1846 791 bibl.
1869 717 1935 791 ΡΡ.
1955 714 2121 804 Maxima,

278 876 439 973 Lugduni
470 875 587 964 tort,
616 879 723 951 Turno
752 880 805 964 ll,
834 905 867 976 p.
897 881 954 967 70,
983 877 1116 951 abbiam
1143 879 1284 952 creduto
1312 879 1345 950 di
1373 888 1492 952 notare
1518 878 1636 951 talune
1668 880 1829 968 varianti,
1858 877 1921 950 che
1949 885 2125 949 mostrano

282 1037 315 1110 la
340 1037 487 1110 dicitura
514 1037 569 1110 del
597 1048 714 1112 nostro
741 1040 862 1112 codice
889 1040 947 1135 piri
973 1047 1096 1125 esatta,
1125 1059 1143 1134 e
1171 1035 1232 1108 che
1260 1035 1471 1132 riportiamo.

613 1301 712 1377 COD.
752 1304 849 1376 CAV.
1455 1300 1571 1374 BIBL.
1601 1299 1667 1373 ΡΡ.
1698 1301 1888 1374 ΜΑΧΙΜΑ.

326 1529 414 1603 (lum
429 1536 594 1606 venissent
612 1533 753 1606 Romam
776 1589 782 1604 .
808 1591 813 1602 .
838 1585 847 1605 .
871 1543 930 1606 .et
949 1532 1115 1604 conduxit
1133 1554 1187 1602 eos
1271 1524 1357 1596 Cum
1383 1529 1525 1598 uenisset
1562 1525 1720 1598 Romam.
1744 1581 1750 1594 .
1776 1581 1784 1596 .
1808 1535 1856 1599 ct
1874 1523 2041 1597 conduxit
2067 1523 2130 1595 sibi

279 1694 380 1757 entra
396 1685 512 1756 sertem
529 1686 574 1758 nrt
590 1686 747 1758 bornaim
764 1685 942 1782 publicum
961 1742 1123 1758 ,,,,,,
1152 1695 1187 1756 et
1223 1689 1323 1749 entra
1344 1679 1463 1752 Urbem
1480 1681 1637 1754 borreum
1654 1681 1847 1776 publicum.
1871 1737 1879 1753 .
1903 1739 1910 1754 .
1931 1685 1968 1754 et
1988 1681 2038 1754 sic
2057 1679 2130 1753 eius

278 1832 329 1904 sic
347 1830 422 1904 eius
440 1831 594 1905 doctrina
612 1847 728 1930 epente
742 1833 865 1931 spiritu
883 1844 1002 1908 sancto
1023 1835 1188 1930 multipli-
1224 1831 1383 1906 doctrina
1396 1799 1537 1927 oupente
1554 1831 1679 1928 spiritu
1693 1845 1813 1909 sancto
1833 1832 2131 1928 multiplicabatur

279 1983 421 2057 uebatur
438 2041 558 2062 .....
574 1988 633 2059 sed
653 2011 732 2058 cum
751 1990 871 2083 paulus
890 1988 923 2059 in
944 1990 1086 2085 longum
1108 2013 1189 2084 pro·
1228 2041 1235 2055 .
1257 2041 1264 2057 .
1285 2043 1291 2058 .
1310 1988 1370 2059 sed
1386 2009 1464 2058 cum
1480 1987 1602 2083 paulus
1618 1987 1652 2058 in
1667 1987 1809 2083 longum
1824 1988 2051 2084 protraxisset
2065 2007 2134 2056 ser·

280 2144 442 2216 traxisset
460 2165 667 2229 sermonem,
690 2153 724 2215 et
738 2145 876 2238 juvenis
890 2167 1010 2216 somno
1028 2145 1190 2240 sotipme-
1226 2163 1365 2211 monem
1380 2149 1415 2214 et
1424 2142 1565 2236 juvenis
1580 2164 1701 2214 somno
1712 2151 1931 2236 procuretur,
1947 2143 2072 2216 dioboli
2084 2144 2134 2213 in·

281 2303 353 2383 tur,
380 2291 504 2363 dioboli
527 2293 667 2384 molioni
691 2291 822 2364 inuidia
839 2291 954 2364 dolens
979 2313 1081 2386 super
1106 2290 1189 2364 clite-
1223 2295 1315 2367 cirtio
1332 2295 1474 2366 dolentis
1491 2315 1593 2389 snper
1611 2293 1783 2365 dilectione
1797 2292 1858 2364 Dei
1875 2302 1907 2366 et
1923 2294 2029 2388 ipsius
2048 2314 2131 2386 upo-

282 2443 612 2518 ctioneucrbilleiet
627 2448 733 2539 ipsius
747 2445 901 2538 apostoli.
923 2499 929 2513 .
949 2499 956 2513 .
974 2443 1064 2514 unde
1080 2442 1187 2514 multa
1224 2451 1312 2521 stoli.
1338 2505 1343 2518 .
1370 2504 1376 2518 .
1398 2503 1406 2517 .
1427 2449 1525 2521 Unde
1546 2448 1652 2521 multa
1678 2452 1892 2522 scrutatione
1921 2476 1939 2524 a
1965 2450 2136 2522 ministris

283 2597 495 2668 scrutatione
523 2618 541 2666 a
568 2595 738 2667 ministris
753 2596 800 2666 rei
818 2593 997 2690 pubblicae
1011 2602 1045 2666 et
1059 2606 1191 2689 upostc-
1224 2608 1419 2703 republicae
1445 2616 1479 2679 et
1505 2608 1658 2701 apotheca
1675 2605 1898 2702 malignitatis
1925 2602 2130 2676 fautoribus.

287 2750 371 2819 ticce
390 2746 613 2841 malignitatis
632 2745 835 2819 fautoribus.
859 2803 866 2816 .
890 2802 898 2818 .
923 2801 932 2820 .
953 2745 1000 2818 ait
1020 2747 1061 2818 ad
1081 2769 1187 2820 eum:
1229 2806 1262 2821 ..
1286 2749 1345 2823 ,ait
1370 2751 1412 2823 ad
1438 2774 1517 2823 eum
1537 2775 1555 2823 c
1574 2753 1668 2823 bomo
1693 2756 1802 2824 neseio
1829 2755 1926 2822 cuins
1952 2748 2050 2845 Repis
2068 2772 2137 2822 ser·

286 2919 304 2967 o
329 2895 424 2968 bomo
449 2901 564 2992 mupni
588 2901 676 2992 repis
701 2921 842 2982 seruus,
870 2897 957 2971 mili
978 2909 1097 2970 cutem
1121 2903 1190 2974 rin·
1226 2928 1301 2990 cus,
1328 2903 1416 2976 mibi
1441 2913 1556 2976 cutem
1581 2907 1738 2993 rinctus,
1765 2904 1847 3000 quid
1871 2907 1981 2975 cisum
2012 2914 2061 2976 est
2086 2908 2138 2975 in·

287 3060 372 3137 ctus,
400 3051 480 3148 pulei
518 3053 578 3124 tibi
610 3055 718 3126 uisum
744 3065 793 3125 est
828 3056 967 3125 introire
991 3056 1027 3125 in
1053 3077 1193 3147 repnum
1228 3057 1331 3125 troire
1348 3055 1492 3125 latenter
1509 3076 1650 3148 repnom
1673 3077 1893 3126 romanorum
1919 3067 1950 3127 ct
1967 3056 2048 3126 mibi
2065 3057 2139 3128 sub·

286 3221 516 3290 romanorum,
535 3213 568 3274 et
583 3201 665 3274 mibi
689 3203 900 3292 subtrahere,
920 3203 978 3274 tibi
1001 3212 1114 3272 cutem
1129 3202 1194 3271 ool·
1230 3204 1387 3284 trnbere,
1413 3205 1464 3274 illi
1488 3212 1601 3273 autem
1624 3205 1776 3297 collipere
1802 3202 1842 3275 de
1867 3227 1961 3277 meuc
2001 3208 2141 3277 militine

287 3356 387 3449 lipere
403 3355 523 3426 milites
548 3357 590 3428 dc
606 3378 698 3429 meuc
716 3357 855 3428 militine
875 3359 1126 3450 principatui..
1152 3411 1159 3423 .
1184 3410 1191 3422 .
1227 3356 1483 3450 principatui.
1507 3408 1515 3424 .
1541 3405 1551 3424 .
1575 3363 1623 3424 ,ει
1649 3376 1728 3425 eum
1756 3355 1814 3447 qui
1841 3354 1995 3427 illumin
2016 3355 2140 3450 spiritu

288 3507 417 3572 etcum
436 3501 495 3595 qui
516 3499 669 3574 illumin
688 3501 812 3600 spiritu
832 3512 867 3575 et
886 3501 1032 3574 veritate
1052 3501 1135 3574 colii
1161 3509 1195 3572 el
1231 3521 1266 3586 et
1285 3511 1435 3586 veritate
1455 3481 1539 3584 colit
1557 3513 1595 3582 el
1613 3510 1731 3583 adorat
1748 3513 1860 3585 suncti
1886 3515 2025 3608 spiritns
2052 3511 2142 3583 soci·

233 3731 236 3738 ,
288 3649 407 3723 adorat
423 3655 551 3724 sanctis
568 3650 745 3748 spiritibus
764 3654 900 3726 socium
917 3654 1048 3741 saciet„
1069 3710 1075 3721 .
1101 3711 1107 3725 .
1132 3657 1196 3728 .in
1233 3683 1291 3732 um
1317 3658 1433 3732 faciet.
1456 3715 1464 3728 .
1488 3713 1496 3730 .
1519 3714 1526 3728 .
1546 3663 1584 3731 in
1600 3666 1762 3730 tormento
1780 3663 1889 3732 eterni
1910 3658 2069 3746 incendii,
2097 3659 2143 3730 ed

287 3812 449 3875 tormento
473 3815 506 3876 et
531 3809 638 3877 eterni
665 3803 811 3876 incendii
836 3809 1124 3897 concrematione,
1152 3807 1197 3880 nd
1232 3817 1544 3903 concremationem,
1572 3823 1671 3909 etque
1695 3817 1804 3907 mrtem
1825 3819 2025 3908 perpetuum
2050 3821 2143 3885 tron-

288 3976 383 4048 pnem
406 3957 515 4049 ipncm
535 3964 736 4051 perpetuum
761 3961 946 4030 trasmittot
979 3957 1076 4029 illum
1100 3957 1198 4051 refu·
1234 3963 1357 4032 emittet
1391 3961 1489 4033 illum
1513 3960 1683 4055 refupcm:
1711 3959 1763 4030 bio
1789 3967 1839 4030 est
1867 3962 1954 4054 ipnis
1978 3967 2142 4031 uenturus

292 4281 716 4293 ..η-ψ

290 4501 339 4561 ris
360 4499 482 4560 illustr.
506 4517 578 4578 cap.
603 4499 648 4570 n,
674 4500 696 4560 il
722 4499 819 4580 quale
842 4499 928 4562 dice:
954 4499 1060 4562 Linus
1081 4501 1213 4578 scripsit
1238 4519 1355 4580 praeco
1389 4517 1538 4562 sermone
1569 4502 1765 4579 martyrium
1788 4498 1881 4564 Petri
1903 4505 1934 4561 et
1955 4499 2055 4566 Pacu
2078 4521 2143 4564 uno
2188 4541 2189 4544 =

292 4643 543 4724 dispersorum
564 4651 595 4706 et
618 4644 830 4708 orientalibus
851 4645 1006 4708 Ecclesiis
1027 4646 1219 4708 destinarit.
1248 4648 1297 4707 Ne
1327 4647 1434 4725 questi
1459 4647 1524 4708 due
1556 4647 1708 4718 soltanto,
1743 4666 1817 4719 ma,
1849 4647 1992 4708 siccome
2017 4647 2142 4726 leggesi

291 4793 379 4854 nella
401 4793 498 4854 citata
520 4791 690 4861 Erlizione,
714 4807 846 4864 ancora,
869 4789 1015 4855 Jounnes
1036 4789 1175 4856 Jueobus
1200 4791 1396 4873 chiffletius,
1421 4795 1457 4855 in
1472 4811 1534 4856 suu
1562 4793 1753 4856 Vesuntione
1774 4793 1948 4871 Impericli
1963 4795 2023 4854 bos
2039 4794 2139 4857 libros

292 4945 406 5006 usserit
428 4943 568 5022 reperiri
590 4942 735 5002 sinceros
756 4949 786 5000 ct
808 4940 902 5002 nullo
923 4940 1191 5004 Manichaeorum
1210 4941 1345 5020 [nlipine
1367 4941 1566 5020 deformatos
1592 4941 1630 4999 in
1652 4941 1890 5017 antiquissimis
1913 4938 2059 5018 ejusdem
2082 4961 2139 5003 nr·

294 5088 340 5152 bis
361 5088 538 5152 codicibus.
554 5085 635 5146 —Il
659 5083 860 5146 Bellarmino
882 5088 962 5164 perb
986 5084 1040 5145 nel
1062 5083 1146 5145 libro
1177 5084 1460 5164 descriptoribus
1483 5085 1740 5156 Ecclesiasticis,
1770 5085 1892 5163 rigetis
1915 5104 2008 5147 come
2031 5086 2141 5149 inion-

293 5237 368 5298 data
389 5240 506 5313 questa
528 5231 769 5313 snpposizione,
794 5231 933 5291 dicendo
956 5229 1018 5291 che
1041 5231 1333 5310 quest‘Opuscolo:
1357 5237 1477 5296 narret
1498 5233 1602 5293 multo
1625 5232 1665 5292 dc
1686 5233 1768 5296 acris
1790 5233 1898 5293 sancti
1921 5231 2030 5309 Petri,
2054 5253 2140 5313 quac

292 5385 343 5446 oet
361 5384 457 5456 iolsc,
482 5381 532 5443 oet
553 5379 655 5441 dnbio
676 5385 765 5448 sunt·
786 5381 890 5456 ueqrec
912 5377 1136 5439 testimonium
1157 5377 1253 5440 babet
1275 5381 1333 5439 troc
1355 5380 1545 5457 opuseulum
1566 5379 1673 5440 sancti
1695 5377 1774 5438 Lini
1797 5397 1818 5439 a
1831 5379 2006 5444 ueteribus.
2019 5413 2061 5423 -
2076 5379 2142 5442 Fu·

292 5537 363 5590 ieor
384 5527 513 5608 quidem
537 5545 558 5588 o
578 5530 692 5587 sancto
714 5523 796 5586 Lino
819 5525 1003 5602 conscripto
1022 5523 1120 5601 fuisse
1142 5525 1221 5584 Actu
1243 5522 1265 5584 S
1301 5522 1405 5600 Petri,
1429 5523 1480 5584 cel
1496 5525 1610 5602 potius
1632 5523 1714 5584 Actu
1740 5521 1804 5584 SS.
1828 5524 2059 5602 Apostolorum
2081 5525 2143 5586 Pe-

295 5677 342 5736 tri
364 5683 395 5737 et
417 5674 530 5748 Pauli,
555 5671 640 5750 qrrod
664 5671 767 5751 aliqui
788 5671 925 5743 dicunt,
949 5675 980 5730 et
1002 5668 1042 5730 cie
1064 5670 1151 5730 Actis
1173 5668 1208 5730 S.
1232 5669 1325 5732 Petri
1346 5670 1382 5729 in
1412 5667 1558 5732 Romano
1579 5669 1753 5732 Breviorio
1776 5669 1916 5748 lepitur,
1940 5671 1998 5732 sed
2018 5689 2059 5736 eo
2079 5689 2147 5737 nou
2223 5647 2227 5655 ⁵

297 5829 422 5898 emtore,
445 5832 475 5884 et
497 5823 564 5884 loco
587 5835 698 5884 eorum
723 5819 896 5898 supposito
916 5818 1026 5897 tremos,
1050 5835 1133 5896 quoe
1155 5833 1245 5902 nuuc
1269 5822 1394 5888 entant,
1419 5815 1634 5879 arbitremur.
