5456 7096
624 484 692 558 126
1252 487 1430 564 cobbx
1463 493 1731 572 GAVENSIS

573 707 836 800 adimpleverit,
859 714 896 782 et
918 714 1099 784 remobere
1121 711 1257 801 aliquid
1281 717 1337 786 vel
1353 724 1521 791 contrane
1535 723 1702 813 boluerit,
1719 741 1782 812 per
1797 726 2070 818 qualiscumque
2085 731 2274 820 ingenium
2290 732 2346 802 vel
2362 753 2430 804 ra··

573 861 698 941 tione,
721 865 809 931 tunc
832 881 896 950 per
919 865 998 952 ipsa
1019 867 1280 938 combenientia
1302 868 1470 956 obligavit
1491 891 1528 943 se
1551 874 1668 962 ipsum
1693 877 1746 946 leo
1771 884 1807 950 et
1830 883 1972 968 suisque
1996 882 2188 952 heredibus
2211 883 2257 954 ad
2283 903 2423 974 compo·

575 1017 731 1087 nendum
755 1015 865 1086 michi
888 1022 924 1086 et
946 1017 991 1086 ad
1016 1019 1104 1088 meis
1128 1023 1391 1109 posterioribus,
1415 1031 1451 1093 et
1467 1025 1512 1094 sd
1526 1046 1609 1114 pers
1626 1028 1782 1115 predicto
1798 1033 2016 1101 monasterio
2031 1031 2164 1119 viginti
2189 1033 2291 1100 solidi
2317 1033 2420 1104 aurei

575 1168 808 1240 constantini.
832 1171 932 1242 Unde
947 1189 1011 1257 pro
1027 1177 1169 1260 cuncte,
1185 1190 1254 1258 que
1270 1190 1379 1260 supra
1395 1174 1542 1266 legitur,
1558 1148 1834 1270 adimplendum,
1851 1183 1964 1270 ipsius
1981 1185 2188 1255 nominatus
2204 1183 2260 1253 leo
2282 1183 2418 1273 guadia

572 1319 679 1393 michi
703 1323 893 1393 iamdictus
917 1323 1090 1394 iohannes
1112 1326 1222 1395 abbas
1243 1325 1352 1404 dedit,
1378 1331 1414 1396 et
1437 1329 1664 1400 mediatorem
1688 1334 1797 1402 michi
1819 1333 1935 1420 posuit
1951 1333 2082 1405 comita
2096 1335 2211 1404 illium
2234 1335 2413 1424 quoddam

571 1474 712 1563 callini,
737 1481 773 1546 et
795 1478 893 1545 buno
914 1468 1059 1545 brebem
1083 1477 1226 1564 scripsit
1248 1495 1314 1566 ego
1337 1478 1488 1548 talarico
1510 1481 1684 1566 presbiter
1706 1487 1743 1551 et
1770 1483 1937 1552 notarius
1971 1483 2032 1570 qui
2067 1485 2238 1575 interibi,
2272 1488 2418 1558 hactum

568 1631 711 1702 cilento.

611 1757 642 1873 †
666 1803 731 1872 ego
755 1783 946 1853 bernaldus
968 1783 1150 1869 presbiter

612 1910 642 2028 †
666 1939 837 2026 singnum
860 1919 973 2011 manu
994 1938 1122 2007 dissiiu
1145 1940 1332 2024 presbiter.

1312 2190 1696 2205 -m

1360 2485 1631 2570 CMLVII.

1336 2784 1394 2860 A.
1423 2783 1477 2859 D·
1507 2779 1635 2857 1040.

602 3017 638 3156 †
662 3071 701 3136 ln
725 3069 867 3165 nomine
892 3070 1026 3138 domini
1051 3071 1217 3139 vicesimo
1240 3068 1392 3140 secundo
1415 3088 1511 3139 enno
1526 3067 1749 3157 principatus
1764 3068 1906 3139 salerno
1922 3070 2040 3138 domni
2059 3071 2173 3140 nostri
2189 3073 2404 3161 Gueimarii,

557 3223 772 3292 obsecundo
795 3240 889 3291 anno
912 3223 1133 3310 principatus
1156 3221 1308 3309 Capuae,
1332 3224 1368 3290 et
1390 3221 1543 3290 seeundo
1568 3223 1593 3304 ¹)
1616 3238 1712 3289 anno
1734 3222 1884 3290 ducatus
1908 3223 1986 3290 eius
2009 3221 2130 3291 amalfi
2144 3242 2206 3292 seu
2224 3227 2401 3312 surrenti,

553 3397 675 3449 mense
712 3378 927 3463 Ianuarius,
961 3380 1112 3446 hootaba
1135 3375 1342 3446 indictione.
1366 3376 1512 3446 Declaro
1535 3395 1601 3466 ego
1623 3379 1798 3446 Iohannes
1821 3379 1930 3447 abbas
1956 3379 2173 3448 monasterio
2196 3381 2310 3448 sancti
2337 3379 2408 3447 mi·

553 3531 693 3602 ohaheli
718 3533 944 3620 archangeli,
968 3535 1029 3619 qui
1052 3530 1161 3601 situm
1185 3535 1239 3600 est
1262 3531 1300 3598 in
1323 3547 1424 3598 mons
1445 3529 1559 3598 coraci
1584 3529 1628 3598 de
1650 3528 1793 3614 cilento,
1817 3531 1883 3596 heo
1907 3530 1999 3616 quod
2022 3533 2107 3600 aute
2132 3531 2281 3616 ydoneis
2318 3535 2402 3602 sub·

552 3684 680 3770 scripti
705 3683 908 3752 hominibus
932 3703 994 3771 per
1020 3683 1280 3752 combenientia
1304 3699 1481 3749 unacum
1505 3681 1661 3749 alefanto
1683 3645 1894 3750 abbooatore
1912 3683 2070 3768 predicto
2086 3685 2304 3754 monasterio
2326 3691 2403 3756 tra-

551 3834 643 3904 didit
668 3854 742 3904 una
765 3841 866 3922 pecta
890 3839 932 3904 de
954 3842 1052 3904 terra
1068 3836 1171 3902 rebus
1187 3835 1345 3920 predicto
1361 3833 1576 3902 monasterio
1591 3834 1636 3902 ad
1652 3833 1799 3922 comita,
1824 3837 1861 3902 et
1879 3851 1962 3901 urso
1976 3837 2140 3922 germani
2159 3843 2195 3904 et
2208 3835 2272 3904 filii
2289 3839 2398 3924 quod-

552 3989 633 4057 dam
657 3984 795 4072 cattini,
820 3989 856 4055 et
881 3988 1051 4054 iohannes
1066 3986 1162 4053 illius
1178 3984 1353 4071 quoddam
1369 3985 1512 4072 andree,
1529 3984 1591 4073 qui
1606 3988 1692 4053 sunt
1706 3987 1823 4054 thiam
1841 3990 1878 4055 et
1893 3990 2032 4076 nepote,
2057 3991 2117 4056 ubi
2135 3990 2202 4078 ipsi
2221 3991 2397 4060 residente

551 4143 638 4208 sunt
659 4141 785 4207 subtus
809 4141 887 4226 ipsa
908 4144 943 4209 et
966 4156 1072 4226 super
1096 4140 1173 4224 ipse
1196 4139 1255 4205 via
1279 4137 1382 4204 iuxta
1409 4154 1517 4223 aqua,
1541 4154 1610 4222 que
1641 4135 1770 4203 dieitur
1797 4135 1993 4226 sisinbrio,
2030 4140 2286 4226 pastinationis
2320 4143 2401 4210 hor·

549 4293 647 4378 dine,
672 4297 712 4360 ut
734 4290 857 4359 liceret
880 4291 926 4358 ad
950 4291 1018 4378 ipsi
1041 4291 1185 4376 suisque
1208 4287 1411 4374 heredibus,
1435 4292 1519 4356 nato
1541 4279 1734 4376 nesciente,
1758 4287 1788 4354 si
1812 4287 1993 4356 boluerint
2015 4307 2121 4388 super
2145 4292 2259 4377 ipsam
2288 4292 2397 4359 rebus

548 4445 720 4532 residere,
745 4446 876 4530 lovere,
895 4445 1069 4532 lavorare,
1086 4445 1203 4520 vinea,
1220 4459 1338 4530 poma,
1356 4440 1483 4510 salices
1498 4441 1663 4528 plantare
1678 4446 1713 4511 et
1728 4443 1842 4510 omnis
1858 4459 1922 4510 sue
1940 4442 2107 4511 utilitatis
2124 4444 2283 4512 hibidem
2305 4443 2399 4516 iace·

547 4621 601 4690 re,
627 4605 664 4669 et
687 4600 811 4670 amodo
836 4615 947 4686 usque
971 4599 1008 4665 in
1032 4601 1163 4684 septem
1187 4595 1276 4664 anni
1299 4594 1468 4681 quicquid
1492 4593 1613 4662 vinum
1631 4592 1682 4661 vel
1700 4593 1803 4682 fruge
1819 4593 1902 4662 inde
1917 4593 2058 4680 exierit,
2075 4597 2188 4662 totum
2208 4591 2300 4663 illud
2323 4596 2394 4684 ipsi

546 4755 690 4842 suisque
712 4754 902 4822 heredibus
924 4753 1095 4820 habeant.
1120 4753 1197 4836 post
1219 4745 1383 4834 completi
1408 4745 1473 4832 ipsi
1497 4751 1630 4833 septem
1652 4749 1765 4834 anni,
1801 4753 1885 4816 tunc
1910 4749 1981 4835 ipsi
2004 4748 2182 4816 nominati
2209 4747 2325 4818 thiam
2345 4755 2388 4819 'et

545 4925 670 4994 nepus,
694 4911 730 4975 et
746 4925 868 4975 eorum
884 4905 1072 4974 heredibus
1088 4903 1223 4972 iaciant
1245 4901 1337 4968 scire
1360 4917 1443 4985 pars
1466 4898 1625 4983 predicto
1648 4901 1866 4968 monasterio
1888 4903 1925 4968 et
1947 4898 2094 4986 eiusque
2119 4899 2331 4988 rectoribus,
2356 4905 2392 4972 et

451 5018 453 5022 ⁵
544 5061 714 5150 quicquid
737 5061 874 5146 vinum,
898 5075 960 5126 seu
983 5057 1086 5144 fruge
1109 5055 1190 5123 inde
1213 5052 1343 5123 exierit
1366 5052 1498 5120 factum
1524 5055 1687 5137 paratum
1717 5050 1763 5120 ad
1781 5049 2018 5140 palmentum,
2033 5050 2245 5122 dividantur
2264 5055 2303 5121 in
2319 5057 2393 5123 tres

544 5217 682 5282 sortes:
707 5230 790 5300 pars
813 5211 972 5298 predicto
994 5208 1208 5276 monasterio
1231 5203 1368 5272 habead
1392 5203 1475 5271 inde
1498 5203 1576 5288 ipsa
1600 5219 1673 5269 una
1695 5206 1828 5288 sortes3
1858 5201 1927 5290 ipsi
1963 5202 2139 5273 nominati
2166 5205 2333 5292 germani
2357 5208 2395 5273 et

542 5385 653 5454 nepus
677 5385 799 5434 eorum
822 5367 858 5432 et
880 5379 1026 5428 suorum
1048 5357 1237 5428 heredibus
1259 5355 1366 5424 tollad
1390 5360 1426 5424 et
1447 5357 1586 5424 havead
1613 5356 1685 5443 ipse
1708 5357 1777 5425 due
1800 5361 1928 5443 sortes,
1961 5359 1998 5426 et
2025 5355 2208 5427 licentiam
2235 5358 2396 5434 habeant

556 5650 1029 5672 Μ

581 5776 602 5859 ⁴]
624 5775 726 5854 Lege:
745 5774 868 5853 priene.
