5402 7088
616 522 663 595 58
939 533 943 541 '
1266 514 1443 588 CODEX
1476 513 1745 588 CAVENSIS

577 745 657 834 ipsa
680 747 800 836 rebus,
817 763 881 834 per
905 749 1062 834 tempore
1078 742 1266 814 medietate
1288 743 1366 830 ipsa
1381 760 1499 832 poma,
1514 742 1589 812 sive
1604 739 1738 828 clandi,
1754 739 1846 826 quod
1861 736 1994 808 ibidem
2010 735 2272 816 collexerimus,
2296 733 2420 804 demus

566 899 613 970 ad
638 901 757 987 ipsum
783 899 837 970 leo
860 898 1039 987 diaconus,
1057 897 1112 967 vel
1135 897 1180 968 ad
1203 915 1288 985 pars
1312 895 1423 985 ipsius
1444 893 1605 982 ecclesie,
1628 891 1835 964 annualiter
1861 887 2102 975 medietatem,
2126 886 2229 955 nobis
2251 887 2422 956 abeamus

571 1052 814 1123 medietatem.
841 1071 912 1139 qua
946 1056 983 1120 et
1007 1049 1156 1120 tradidit
1178 1050 1282 1118 nobis
1316 1066 1389 1118 una
1411 1048 1512 1138 pecie
1535 1047 1578 1116 de
1601 1009 1701 1116 terra
1723 1062 1805 1111 cum
1837 1041 2051 1130 quertietum
2074 1037 2274 1128 pertinente
2309 1038 2422 1125 ipsius

571 1206 721 1276 ecclesie
746 1207 785 1274 in
808 1205 929 1274 eodem
954 1204 1030 1272 loco
1055 1207 1133 1272 rota
1156 1203 1233 1290 ipse
1256 1201 1310 1271 leo
1332 1202 1503 1272 diaeonus
1525 1200 1804 1290 periussionem
1840 1195 1952 1284 ipsius
1975 1193 2109 1270 abbati,
2134 1193 2227 1280 quod
2258 1192 2298 1258 in
2320 1209 2422 1260 vene·

571 1355 695 1424 licium
720 1356 866 1442 retinet,
884 1357 945 1442 qui
969 1359 1023 1424 est
1046 1373 1110 1442 per
1134 1373 1175 1424 as
1198 1353 1282 1422 finis
1305 1355 1342 1422 et
1363 1369 1569 1422 mensuras:
1587 1371 1611 1420 a
1625 1369 1709 1437 pars
1732 1349 1880 1417 orientis
1904 1347 1975 1416 dno
1998 1345 2109 1433 ipsius
2131 1341 2277 1414 ecclesie
2299 1349 2422 1415 sancte

565 1507 681 1577 marie
703 1507 816 1595 plevis
841 1508 926 1576 uius
949 1513 1042 1598 rota,
1067 1508 1150 1578 inde
1172 1509 1266 1596 passi
1291 1507 1564 1594 quinquaginta,
1587 1511 1623 1573 et
1646 1523 1669 1572 a
1692 1522 1776 1591 pars
1799 1500 1994 1570 occidentis
2025 1501 2096 1568 dne
2119 1499 2234 1585 ipsius
2270 1498 2419 1568 ecclesie

569 1659 655 1730 inde
679 1662 775 1750 passi
802 1711 811 1729 .
838 1706 848 1729 .
876 1667 941 1731 ‚et
963 1661 1006 1730 de
1030 1662 1101 1732 alie
1124 1663 1193 1732 due
1216 1663 1329 1750 partis
1351 1663 1423 1730 fine
1448 1663 1558 1748 ipsius
1579 1658 1739 1745 ecclesie,
1756 1659 1803 1728 ab
1818 1659 1896 1744 ipsa
1911 1673 1995 1744 pars
2010 1653 2203 1723 occidentis
2226 1643 2309 1723 ab'et
2323 1654 2419 1738 passi

566 1813 811 1901 quadraginta
834 1813 880 1884 ad
908 1816 998 1883 iusto
1020 1833 1164 1902 passum
1188 1815 1300 1883 omini
1324 1819 1585 1888 mensuratum
1605 1811 1675 1881 ista
1697 1815 1900 1882 lernaeum
1923 1809 2138 1898 quertietum
2162 1807 2275 1878 licead
2297 1824 2362 1874 nos
2383 1811 2420 1876 et

562 1969 696 2068 nostris
721 1970 902 2058 eredibus,
926 1975 1029 2040 natos
1050 1975 1231 2060 nascente,
1255 1970 1336 2039 illut
1360 1975 1482 2039 tenere
1497 1975 1534 2038 et
1558 1941 1733 2053 laveram,
1758 1970 1795 2033 et
1816 1969 1953 2052 quante
1975 1965 2049 2033 sint
2072 1963 2149 2051 ipse
2179 1962 2331 2049 quertie,
2357 1961 2419 2031 ille

561 2120 750 2208 cultemus,
767 2123 860 2190 sicut
885 2124 1071 2211 meruerit,
1087 2127 1128 2192 et
1153 2127 1287 2210 quante
1310 2121 1431 2192 clandi
1454 2120 1512 2190 vel
1537 2122 1609 2191 alio
1632 2120 1790 2188 srudium
1814 2119 1944 2188 ibidem
1969 2119 2169 2203 fecerimus,
2193 2115 2416 2187 medietatem

560 2272 686 2342 demus
702 2273 747 2342 ad
771 2293 857 2360 pars
885 2273 1007 2372 ipsius
1024 2273 1187 2350 ecclesie,
1208 2253 1246 2342 'et
1261 2273 1400 2361 reliqua
1422 2273 1612 2346 medietate
1637 2273 1742 2342 nobis
1763 2275 1945 2361 abeamus,
1961 2278 1997 2342 et
2013 2273 2056 2342 de
2071 2272 2197 2342 subtus
2218 2275 2297 2360 ipsa
2320 2276 2418 2342 terra

567 2426 661 2513 quod
687 2426 736 2495 ibi
762 2425 1074 2511 seminaberimus‚
1091 2426 1214 2494 demus
1239 2425 1322 2494 inde
1345 2429 1550 2497 annualiter
1572 2428 1617 2496 ad
1645 2427 1758 2514 ipsum
1783 2428 1836 2496 leo
1860 2427 2029 2496 diaconus
2050 2425 2108 2494 vel
2131 2425 2175 2495 ad
2198 2442 2283 2512 pars
2306 2421 2417 2512 ipsius

566 2581 719 2648 ecclesie
743 2579 957 2648 terraticum
982 2579 1177 2646 secundum
1202 2579 1493 2648 consuetudinem
1518 2580 1561 2648 de
1584 2583 1659 2668 ipso
1682 2581 1812 2667 locum;
1828 2585 1864 2648 et
1886 2578 1992 2666 quale
2013 2585 2170 2665 tempore
2192 2595 2257 2645 nos
2279 2575 2337 2650 vel,
2357 2593 2419 2644 no·

570 2731 658 2801 stris
681 2732 848 2801 eredibus
873 2729 956 2801 illut
977 2737 1099 2801 tenere
1134 2736 1170 2801 et
1193 2731 1358 2802 laborare
1381 2750 1452 2800 non
1476 2733 1703 2815 boluerimus‚
1729 2739 1793 2804 aut
1831 2750 1904 2802 non
1928 2733 2157 2821 potuerimus,
2183 2731 2310 2802 inclita
2339 2732 2416 2820 ipsa

564 2882 735 2952 tradictio
760 2883 922 2952 lavorata
956 2888 993 2952 et
1028 2881 1165 2952 cultata
1189 2885 1416 2952 remittamus
1452 2884 1497 2954 ad
1521 2887 1695 2972 potestate
1720 2884 1831 2972 ipsius
1852 2883 2000 2954 ecclesie
2013 2933 2024 2972 ‚
2047 2889 2084 2954 et
2106 2882 2220 2952 licead
2242 2900 2307 2951 nos
2334 2880 2416 2950 inde

562 3037 731 3103 excutere
756 3052 867 3104 causa
889 3038 1014 3103 nostra
1037 3033 1195 3121 movilia,
1212 3037 1248 3102 et
1265 3035 1320 3102 ire
1342 3053 1424 3102 cum
1448 3033 1528 3118 illut
1552 3034 1611 3103 ubi
1636 3034 1864 3105 voluerimus.
1884 3035 1978 3104 unde
2001 3053 2064 3122 pro
2087 3033 2210 3104 taliter
2237 3052 2300 3122 per
2322 3051 2417 3106 vona

571 3185 871 3254 comvenientiam
895 3203 959 3273 per
983 3187 1174 3254 iussionem
1197 3185 1311 3273 ipsius
1336 3186 1459 3256 abbati
1482 3191 1518 3255 et
1540 3204 1604 3274 pro
1626 3206 1709 3274 pars
1732 3188 1845 3276 ipsius
1867 3188 2013 3258 ecclesie
2045 3187 2180 3276 guadia
2210 3188 2314 3256 nobis
2337 3187 2414 3274 ipse

574 3335 629 3404 leo
652 3337 824 3405 diaconus
848 3336 958 3424 dedit,
983 3342 1018 3404 ot
1042 3336 1272 3406 mediatorem
1308 3340 1409 3405 nobis
1444 3341 1564 3425 posuit
1592 3341 1829 3411 ermaforatus
1861 3342 2037 3428 presbiter
2064 3338 2220 3410 eiusdem
2255 3339 2414 3425 ecclesie,

565 3495 602 3558 et
627 3508 690 3576 per
715 3491 793 3576 ipsa
816 3489 952 3576 guadia
976 3508 1040 3576 per
1064 3507 1156 3558 vona
1179 3489 1439 3558 comvenientia
1462 3491 1635 3578 obligavit
1658 3509 1695 3560 se
1718 3493 1793 3579 ipse
1816 3493 1927 3562 abbas
1957 3495 1995 3560 et
2024 3509 2240 3562 successores
2271 3509 2354 3560 suos
2377 3499 2413 3562 et

563 3660 651 3730 pars
674 3642 789 3729 ipsius
813 3641 961 3709 ecclesie
985 3642 1123 3728 amod0‚
1147 3647 1182 3710 et
1204 3641 1286 3710 dum
1324 3643 1403 3728 ipsa
1437 3644 1543 3711 rebus
1566 3647 1688 3712 tenere
1711 3651 1748 3714 et
1771 3644 1934 3714 laborare
1959 3644 2199 3732 voluerimus,
2223 3645 2411 3713 defensare

560 3795 664 3862 nobis
689 3796 895 3882 nostrisque
931 3797 1097 3865 eredibus
1132 3795 1261 3865 inclita
1284 3797 1362 3883 ipsa
1387 3796 1556 3866 tradictio
1592 3817 1671 3865 cum
1696 3797 1772 3866 rice
1794 3797 1837 3866 de
1860 3799 1920 3868 via
1952 3817 2018 3868 sua
2053 3797 2099 3867 da
2128 3800 2242 3864 omnis
2274 3798 2411 3866 omines

560 3951 729 4034 omnique
745 3949 925 4036 partibus;
943 3949 1034 4036 quod
1058 3950 1088 4016 si
1114 3947 1237 4018 taliter
1261 3951 1382 4018 omnia
1405 3952 1651 4038 suprascripta
1666 3952 1769 4020 nobis
1792 3953 1993 4039 nostrisque
2015 3950 2178 4020 eredibus
2202 3968 2271 4018 non
2301 3951 2414 4020 adim-

559 4099 737 4186 pleverint
759 4103 795 4169 et
818 4099 948 4186 aliquit
972 4100 1055 4170 inde
1078 4100 1350 4188 contradixerit,
1369 4120 1432 4188 per
1457 4119 1548 4170 vona
1571 4105 1832 4174 cumvenientia
1854 4124 1917 4191 per
1940 4104 2018 4192 ipsa
2040 4103 2175 4192 guadia
2199 4109 2411 4191 componere

560 4254 736 4343 obligarit
754 4258 884 4343 seipse
907 4257 1018 4325 abbas
1041 4261 1076 4324 et
1102 4273 1321 4323 successores
1345 4273 1438 4342 suos,
1463 4261 1500 4324 et
1524 4275 1608 4344 pars
1635 4257 1744 4343 ipsius
1767 4256 1928 4344 ecclesie,
1952 4256 2054 4324 nobis
2077 4259 2277 4343 nostrisque
2299 4257 2413 4327 eredi-

565 4410 632 4478 bus
655 4410 785 4498 biginti
812 4409 892 4479 auri
917 4408 1018 4477 solidi
1044 4409 1280 4498 constantini,
1304 4407 1397 4496 quod
1420 4408 1549 4497 scripsi
1575 4426 1641 4495 ego
1664 4407 1865 4478 romoaldus
1886 4409 2060 4480 notarius.

617 4533 649 4650 †
674 4564 749 4650 Ego
772 4563 904 4632 alferus
927 4566 1089 4650 superins
1110 4565 1313 4636 nominatus
1335 4566 1444 4633 abbas

610 4688 642 4804 †
666 4717 741 4804 ligo
765 4715 819 4786 leo
840 4715 1023 4788 diaconus.

1360 5141 1606 5226 GMVIII.

1334 5407 1393 5482 A.
1421 5408 1476 5483 D.
1506 5405 1635 5484 1036.

614 5665 726 5740 Quota
761 5667 892 5736 clorio
928 5667 1032 5736 butus
1055 5647 1150 5735 occi
1170 5667 1288 5736 ocutis
1309 5665 1350 5734 to
1371 5667 1456 5736 locis
1477 5667 1670 5737 interemto
1702 5666 1736 5734 ct
1772 5666 1907 5736 abraso
1929 5669 2075 5737 minime
2097 5668 2248 5753 tatelb'pt
2277 5667 2408 5752 possit,

558 5821 771 5906 praebemus
797 5823 1070 5892 Samniticum:
