5456 7096
604 515 676 590 itt
1254 514 1436 590 CODEX
1468 512 1731 587 CAVENSIS

557 745 682 811 bemus
705 744 745 812 in
771 745 886 831 ipsum
909 744 1092 832 pastinum
1117 745 1153 809 in
1177 743 1292 812 citara
1315 742 1481 829 positum.
1507 743 1596 811 Nam
1610 737 1706 809 ¹vero
1730 738 1951 810 reclaramns
1973 738 2016 810 de
2033 742 2144 809 totum
2162 739 2278 826 ipsum
2296 738 2416 826 predi-

557 901 654 966 ctum
679 901 863 986 pastinum
889 899 985 986 ipsas
1007 899 1095 967 fines
1117 917 1140 967 a
1163 915 1272 984 supra
1296 915 1450 984 namque
1473 897 1630 983 ponitur,
1654 895 1894 982 inquantum
1928 895 2090 962 continet
2124 892 2200 980 ipse
2234 892 2416 980 predictus

557 1051 723 1136 pastinus
745 1051 871 1138 deptus
894 1049 958 1118 fini
982 1049 1090 1119 linem
1113 1048 1156 1116 de
1178 1067 1287 1117 causa
1311 1048 1479 1117 heredum
1502 1047 1624 1116 domni
1648 1047 1743 1136 gotti
1768 1046 1833 1114 lilii
1860 1045 1972 1116 lconis
1996 1046 2039 1114 de
2051 1048 2168 1133 gutt03
2187 1045 2230 1113 de
2247 1063 2317 1113 uno
2334 1063 2420 1114 vero

559 1200 673 1272 latere
697 1202 761 1269 lini
786 1203 892 1270 tinem
916 1202 960 1269 de
983 1219 1087 1270 causa
1109 1199 1234 1268 domne
1259 1200 1377 1268 boccie
1400 1198 1473 1266 filie
1496 1201 1730 1287 suprascripti
1753 1200 1873 1268 domni
1898 1201 2010 1268 leonis
2032 1198 2077 1266 de
2099 1201 2215 1286 gatto,
2234 1198 2328 1267 etde
2345 1198 2419 1268 alio

559 1360 684 1423 autem
710 1352 822 1423 latere
844 1355 990 1440 ponitur
1012 1353 1078 1422 fini
1103 1353 1209 1421 linem
1234 1353 1277 1421 de
1301 1352 1390 1440 ipsis
1411 1349 1602 1420 heredibus
1624 1352 1856 1440 suprascripti
1880 1351 1998 1420 domni
2023 1353 2117 1438 gutli
2143 1355 2179 1418 et
2207 1349 2270 1418 tlni
2307 1350 2417 1439 finem

556 1509 600 1578 de
626 1506 959 1606 heredibusdomni
985 1508 1095 1594 sergii
1120 1505 1262 1576 cullona
1286 1523 1371 1576 una.
1397 1507 1494 1575 inira
1517 1508 1580 1574 hos
1604 1507 1711 1574 linem
1734 1505 2029 1575 venundedimus
2053 1505 2151 1572 vobis
2175 1503 2307 1573 exinde
2341 1504 2419 1588 ipsa

564 1663 756 1736 medietate
781 1670 905 1732 nostra
929 1681 1009 1732 cum
1026 1663 1085 1732 via
1101 1682 1167 1732 sua
1190 1667 1226 1730 et
1241 1665 1363 1732 omnia
1379 1681 1445 1731 sua
1461 1663 1693 1749 pertinentia.
1707 1663 1804 1732 Unde
1820 1663 1932 1731 nichil
1948 1661 2053 1730 nobis
2062 1662 2246 1747 remansit,
2264 1665 2329 1729 aut
2346 1659 2413 1728 ali·

562 1815 650 1903 quid
674 1818 774 1883 uobis
797 1815 929 1883 exinde
951 1817 1246 1902 exceptuavimus
1271 1787 1329 1902 qui
1355 1814 1457 1882 nobis
1478 1815 1623 1884 obbenit
1647 1836 1669 1884 a
1691 1817 1934 1903 suprascripto
1959 1816 2034 1882 viro
2057 1820 2093 1883 et
2114 1813 2277 1902 genitore
2294 1815 2416 1880 nostro

560 1970 596 2034 et
624 1972 663 2036 at
688 1965 791 2034 illurn
815 1968 960 2036 obbenit
983 1987 1029 2035 ex
1053 1967 1297 2053 pastinatione
1320 1987 1343 2036 a
1364 1972 1609 2058 suprascripto
1631 1970 1760 2039 domno
1783 1974 1887 2057 gutto
1903 1976 1939 2039 et
1957 1973 2071 2058 ipsam
2086 1971 2288 2041 chartulam
2308 1969 2418 2057 pasti·

561 2119 736 2207 nationis,
761 2139 852 2206 quas
876 2119 1005 2188 exinde
1030 2119 1233 2206 habuimus,
1258 2123 1356 2188 vobis
1382 2121 1479 2190 illam
1505 2123 1678 2208 dedimus3
1696 2129 1731 2192 et
1746 2127 1776 2192 si
1793 2123 1923 2192 exinde
1936 2121 2010 2193 alia
2023 2123 2295 2210 qualiscumque
2311 2126 2417 2194 char·

560 2273 641 2347 tula
666 2275 814 2344 inbenta
837 2274 986 2352 dederit.
1012 2275 1105 2362 apud
1129 2293 1190 2343 vos
1213 2280 1250 2343 et
1274 2277 1566 2346 vestrosheredes
1581 2296 1642 2346 eas
1658 2279 1799 2346 mittere
1813 2277 2005 2346 debeamus
2021 2279 2102 2346 sine
2119 2277 2415 2347 vestradamnie·

560 2432 635 2496 tate
662 2427 715 2497 vel
740 2428 1010 2497 amaricatione.
1035 2429 1133 2496 Unde
1157 2429 1360 2515 accepimus
1384 2431 1519 2498 avonis
1535 2431 1665 2499 exinde
1681 2430 1880 2518 plenariam
1898 2435 2051 2500 vestram
2064 2433 2302 2518 sanationem,
2322 2431 2412 2501 idest

559 2583 642 2651 auri
671 2584 740 2651 tari
766 2583 900 2668 decem,
925 2584 1019 2652 sicut
1043 2585 1138 2652 inter
1160 2602 1224 2651 nos
1246 2583 1416 2650 conbenit
1439 2584 1476 2650 in
1501 2601 1639 2650 omnem
1663 2582 1956 2653 deliberationem
1979 2590 2015 2652 et
2039 2585 2078 2652 in
2102 2602 2240 2653 omnem
2264 2585 2413 2653 decisio-

557 2754 652 2822 nem,
677 2738 721 2804 Ut
744 2755 766 2804 a
792 2755 887 2804 nunc
911 2736 969 2805 die
994 2737 1150 2824 presenti
1173 2740 1209 2807 et
1230 2737 1276 2804 im
1304 2736 1483 2824 perpetuis
1507 2738 1725 2823 temporibus
1748 2737 1786 2804 in
1812 2741 1930 2806 vestra
1954 2737 1990 2804 et
2012 2735 2055 2805 de
2072 2738 2199 2806 vestris
2223 2739 2415 2808 heredibus

558 2887 608 2957 sit
636 2894 845 2976 potestatem
870 2891 1037 2977 habendi,
1063 2892 1218 2977 fruendi,
1243 2890 1453 2980 possidendi,
1472 2889 1652 2978 vindendi,
1668 2890 1838 2976 donandi,
1856 2908 1918 2958 scu
1934 2892 2188 2979 commutandi,
2210 2895 2410 2982 vestrisque

560 3043 754 3112 heredibus
777 3043 980 3112 dimittendi
1005 3063 1144 3131 semper
1169 3045 1315 3114 liberam
1340 3044 1505 3114 habeatis
1529 3049 1750 3133 potestatem,
1781 3044 1859 3112 sine
1884 3043 1978 3112 omni
2005 3050 2132 3115 nostra
2154 3049 2192 3114 et
2215 3046 2258 3113 de
2281 3049 2415 3116 nostris

564 3195 735 3264 eredibus
755 3197 1047 3265 contrarietatem
1074 3197 1127 3264 vel
1152 3198 1424 3284 requesitionem
1448 3199 1497 3263 im
1523 3201 1753 3283 perpetuum:
1792 3197 1939 3282 insuper
1971 3214 2033 3264 nos
2068 3201 2104 3266 et
2129 3197 2241 3265 nostri
2266 3195 2416 3266 heredes

564 3350 671 3418 vohis
695 3353 894 3436 vestrisque
918 3348 1109 3418 heredibus
1132 3367 1190 3418 eos
1213 3355 1395 3420 antestare
1418 3356 1453 3418 et
1475 3349 1659 3420 defensare
1682 3351 1940 3438 promittimus3
1969 3349 2061 3438 quod
2085 3351 2115 3419 si
2140 3351 2289 3418 minime
2312 3351 2413 3418 vobis

564 3504 698 3604 exinde
723 3505 924 3590 fecerimus
950 3509 1035 3573 tuno
1058 3521 1268 3592 componere
1292 3505 1535 3592 promittimus
1558 3523 1621 3572 nos
1645 3511 1681 3574 et
1703 3508 1816 3574 nostri
1840 3469 1988 3574 heredes
2011 3505 2110 3572 vobis
2134 3503 2338 3592 vestrisque
2355 3507 2415 3573 he·
2443 3459 2446 3468 .

561 3659 707 3731 nedibus
731 3659 813 3732 anri
838 3661 966 3731 solidos
988 3662 1107 3730 decem
1133 3662 1348 3749 byzianteos,
1372 3666 1408 3730 ct
1430 3664 1495 3730 hec
1518 3663 1683 3734 chartula
1706 3664 1754 3732 sit
1777 3665 1880 3735 firma
1904 3665 1953 3732 irn
1977 3665 2202 3750 perpetuum.

606 3788 636 3904 †
663 3816 716 3885 leo
739 3816 839 3886 illius
862 3820 956 3904 gotti
983 3819 1084 3886 testis
1111 3823 1165 3886 est

604 3944 635 4060 †
663 3973 837 4041 iohannes
860 3973 976 4060 gizzus
1000 3973 1095 4040 tilius
1120 3971 1235 4042 mauri
1262 3971 1362 4040 testis
1393 3979 1447 4039 est

608 4097 639 4214 †
664 4129 788 4213 petrus
810 4124 905 4192 tilius
928 4074 1160 4212 stephanide
1184 4127 1325 4194 marino
1348 4125 1448 4193 testis
1478 4141 1556 4192 sum

608 4249 638 4364 †
665 4282 740 4367 Ego
764 4282 937 4350 iohannes
959 4280 1077 4350 scriba
1102 4281 1197 4348 tilius
1221 4279 1332 4367 sergii
1356 4279 1495 4364 scripsi.

1243 4503 1718 4522 -ι-ι--Ι-Π

1314 4774 1665 4858 CMLXVIII·

1341 5041 1397 5116 ΑΙ
1427 5042 1480 5117 D.
1510 5039 1637 5116 1041.

608 5245 644 5385 †
669 5297 707 5364 ln
732 5299 874 5367 nomine
897 5297 1031 5367 domini
1057 5303 1238 5371 vicesimo
1261 5303 1367 5372 tertio
1391 5307 1495 5371 Anno
1519 5304 1742 5391 principatus
1765 5299 1898 5372 salerni
1923 5297 2043 5367 domni
2066 5297 2179 5366 nostri
2194 5297 2408 5386 guaimarii,

562 5450 607 5518 Et
631 5449 741 5519 tertio
764 5470 860 5520 anno
883 5451 1104 5541 principatus
1127 5454 1206 5523 eius
1229 5475 1341 5542 capue
1365 5461 1400 5526 et
1423 5457 1574 5527 ducatus
1597 5458 1673 5527 eius
1696 5455 1817 5528 amalfi
1840 5463 1877 5525 et
1899 5455 2056 5524 surrenti
2082 5459 2110 5542 *p
2132 5453 2287 5541 glorioso
2311 5452 2412 5539 prin·

565 5669 990 5688 Μ

603 5818 626 5896 Ι)
648 5819 772 5882 Potius:
797 5825 939 5885 secundo
961 5843 1050 5887 uano
1071 5827 1270 5906 Arrrulpltioe
1293 5833 1323 5889 et
1341 5827 1496 5890 Sirrcnti.
