5456 7096
598 519 668 594 roc
732 600 737 612 ,
1233 457 1411 586 conns
1444 508 1710 586 aurursus

554 743 686 814 derunt
708 743 822 832 ipsius
844 741 994 813 iohanni
1020 738 1150 809 clerico
1171 755 1236 824 pro
1258 741 1419 826 partibus
1441 739 1600 810 eiusdem
1622 738 1768 808 ecclesie
1791 741 1828 807 et
1848 755 1886 806 se
1906 733 1993 824 ipsis
2013 732 2207 804 mediatore
2223 729 2258 801 ei
2272 746 2397 819 posue·

554 899 656 984 runt3
689 898 728 965 et
760 912 824 984 per
860 893 938 982 ipsa
968 891 1102 982 guadia
1126 892 1376 979 obligaberunt
1389 909 1427 960 se
1450 893 1486 961 et
1507 893 1581 959 suis
1603 889 1778 976 eredibus,
1803 891 1844 958 ut
1865 888 1897 957 si
1921 885 2117 975 aliquando
2140 888 2298 972 tempore
2322 880 2395 950 illis

549 1049 607 1122 vel
631 1052 707 1120 suis
729 1049 895 1120 eredibus
917 1067 997 1118 curn
1020 1065 1104 1135 pars
1127 1047 1240 1134 ipsius
1261 1044 1409 1114 ecclesie
1424 1063 1572 1114 causare
1594 1043 1825 1132 presumserit
1846 1058 1911 1129 pro
1933 1041 2011 1128 ipsa
2033 1038 2267 1126 laboratione,
2304 1057 2393 1127 qna·

552 1201 638 1272 litor
661 1200 908 1288 supradictum
933 1202 1078 1270 brebem
1101 1199 1273 1286 continet,
1296 1204 1333 1267 et
1355 1198 1486 1287 aliquit
1513 1198 1557 1268 de
1573 1197 1694 1267 omnia
1710 1197 1953 1284 suprascripta
1970 1192 2238 1278 contradixerit,
2256 1207 2395 1278 compo·

551 1367 638 1422 nere
661 1350 836 1437 obligavit
858 1369 896 1418 se
919 1354 955 1419 et
978 1352 1055 1418 suis
1078 1350 1241 1420 eredibus
1264 1350 1303 1417 in
1326 1352 1488 1438 partibus
1511 1352 1625 1437 ipsius
1648 1350 1795 1419 ecclesie
1817 1348 1933 1416 sancti
1957 1345 2108 1418 maximi
2125 1346 2396 1434 quinquaginta

548 1499 632 1570 auri
656 1497 785 1568 solidos
808 1501 1064 1588 constantinus,
1089 1503 1126 1569 et
1147 1499 1270 1569 taliter
1292 1500 1447 1568 scribere
1470 1500 1615 1570 fecimus
1637 1504 1673 1570 te
1694 1499 1877 1571 dauferius
1899 1500 2073 1568 notarius.

596 1625 627 1744 †
651 1653 726 1742 Ego
749 1655 810 1744 qui
834 1671 944 1741 supra
965 1653 1132 1742 grimoalt
1154 1671 1269 1722 comes
1292 1657 1328 1722 et
1351 1653 1472 1725 iudex.

1258 1935 1683 1952 m

1328 2171 1625 2256 GMXLIV.

1320 2439 1379 2513 A.
1404 2438 1459 2512 D.
1489 2439 1618 2516 1039.

599 2677 635 2818 †
659 2731 700 2795 In
724 2729 866 2796 nomine
889 2726 1024 2795 domini
1048 2726 1213 2794 vicesimo
1236 2727 1349 2812 primo
1371 2743 1467 2794 anno
1498 2725 1720 2813 principatus
1753 2723 1886 2795 salerni
1915 2721 2033 2792 domni
2064 2720 2178 2791 nostri
2212 2719 2396 2809 guaimari

552 2881 707 2970 glorioso
723 2881 898 2969 principe,
913 2885 950 2949 et
963 2881 1078 2968 primo
1093 2897 1188 2948 anno
1204 2881 1427 2966 principatus
1442 2881 1517 2948 eius
1532 2898 1657 2967 capue,
1672 2897 1713 2948 ac
1729 2878 1842 2964 primo
1858 2893 1954 2946 anno
1969 2877 2118 2946 ducatus
2130 2873 2230 2944 illius
2252 2873 2390 2962 amaltl,

554 3053 676 3105 mense
701 3035 826 3124 iulius,
851 3036 1004 3122 septima
1027 3033 1232 3102 indictione.
1263 3033 1412 3120 Ideoque
1434 3049 1500 3120 ego
1523 3037 1645 3120 petrus
1663 3009 1840 3118 ‘presbiter
1856 3029 1899 3098 de
1916 3028 2030 3098 locum
2047 3032 2282 3116 aput-monte,
2300 3027 2398 3096 iilius

553 3187 732 3275 quondam
756 3187 900 3275 falconi,
925 3189 1019 3255 sicut
1045 3187 1154 3254 michi
1180 3203 1379 3273 congruum
1401 3191 1466 3262 est,
1491 3203 1572 3254 mea
1595 3186 1797 3257 volunctate
1819 3205 1882 3274 per
1905 3203 1973 3256 ano
1998 3183 2175 3254 cartulam
2209 3189 2293 3254 ante
2316 3186 2399 3252 sub·

553 3342 680 3430 scripti
709 3347 817 3411 testes
842 3340 956 3410 vendo
978 3341 1093 3429 adque
1116 3341 1162 3411 ad
1189 3357 1328 3428 semper
1352 3339 1530 3409 abendum
1553 3342 1723 3409 confirmo
1746 3341 1814 3409 tibi
1838 3339 1992 3408 teosreda
2014 3339 2090 3409 lilia
2106 3337 2283 3426 quondam
2305 3337 2398 3426 petri

551 3498 629 3564 tota
652 3499 688 3564 et
712 3491 839 3562 inclita
863 3509 937 3562 una
959 3493 1060 3581 pecia
1088 3493 1132 3561 de
1156 3497 1259 3564 terra
1282 3513 1394 3564 vacua
1416 3465 1496 3561 cnm
1521 3492 1619 3562 radis
1642 3493 1830 3580 castaneis,
1855 3491 1946 3579 quod
1969 3493 2055 3561 abeo
2070 3491 2109 3558 in
2125 3489 2335 3560 iamdictum
2351 3491 2399 3558 lo-

477 3727 479 3730 ,
552 3665 633 3716 cum
660 3653 852 3734 paternum
874 3663 1016 3714 sursum
1040 3646 1080 3713 in
1097 3649 1230 3733 monte,
1246 3647 1308 3714 ubi
1326 3647 1475 3716 ecclesia
1489 3649 1603 3716 sancti
1621 3643 1830 3733 apollinaris
1846 3646 1915 3714 sita
1929 3649 1995 3732 est,
2014 3663 2076 3732 per
2093 3663 2133 3712 ec
2149 3644 2233 3712 linis
2249 3650 2284 3713 et
2300 3661 2398 3713 men·

562 3799 675 3869 suria:
700 3818 724 3867 a
746 3805 850 3887 parte
873 3799 1023 3868 orientis
1046 3799 1119 3868 fine
1143 3799 1186 3868 de
1210 3805 1391 3868 consortes
1413 3815 1520 3885 meos,
1545 3798 1627 3865 inde
1649 3799 1746 3884 passi
1768 3797 1908 3884 viginti:
1935 3800 2076 3882 aparte
2101 3796 2250 3866 meridie
2273 3796 2400 3865 simili-

553 3953 609 4020 ter
635 3951 707 4021 fine
732 3952 776 4020 de
800 3958 983 4021 consortes
1005 3970 1114 4040 mooe,
1140 3956 1224 4020 sunt
1247 3951 1329 4020 inde
1352 3953 1444 4039 passi
1469 3951 1627 4020 sidecim:
1652 3970 1675 4020 a
1697 3955 1800 4038 parte
1814 3951 2006 4019 occidentis
2022 3955 2058 4019 ot
2074 3950 2155 4020 inde
2172 3953 2242 4020 fine
2259 3951 2302 4020 de
2317 3969 2402 4020 con-

554 4105 669 4172 sortes
704 4121 801 4171 meos
836 4107 932 4190 passi
970 4103 1102 4192 viginti
1138 4122 1249 4170 unum
1283 4107 1319 4171 et
1354 4104 1474 4173 cubita
1506 4103 1591 4173 dua:
1621 4107 1766 4190 aparte
1789 4105 2050 4192 septemtrionis
2073 4104 2236 4175 similiter
2260 4113 2333 4179 fine
2357 4110 2401 4178 de

552 4261 733 4325 consortes
756 4275 868 4344 meos,
893 4258 977 4328 inde
1000 4263 1085 4328 sunt
1108 4259 1271 4343 sedecim,
1295 4258 1409 4326 totum
1434 4261 1680 4327 mensuratum
1703 4259 1749 4330 ad
1775 4259 1867 4328 iusto
1890 4280 2035 4348 passum
2050 4264 2218 4332 hominis.
2238 4227 2405 4351 predicta

559 4409 661 4496 pecie
684 4410 727 4478 de
754 4414 852 4478 terra
876 4428 959 4478 cum
986 4410 1086 4480 radis
1110 4411 1289 4481 castaneis
1311 4431 1375 4500 per
1398 4412 1565 4482 iamdicto
1589 4415 1671 4481 finis
1694 4417 1730 4483 et
1752 4411 1934 4482 mensoria
1957 4417 2072 4482 totum
2087 4419 2124 4484 et
2138 4414 2305 4484 inclitum
2321 4435 2402 4486 cum

554 4567 681 4636 omnia
718 4565 816 4634 inira
851 4584 889 4634 se
912 4568 1103 4636 abentibus
1126 4571 1162 4635 et
1183 4567 1258 4636 suis
1281 4567 1510 4654 pertinentiis
1533 4571 1672 4636 etcum
1696 4569 1772 4636 vice
1795 4567 1838 4637 de
1862 4569 1921 4638 via
1943 4589 2009 4638 sua
2031 4568 2112 4638 illut
2134 4571 2200 4640 tibi
2225 4572 2402 4641 venunde-

551 4718 606 4787 dit
630 4717 727 4787 iusta
752 4719 971 4786 consuetudo
996 4719 1088 4808 legis
1110 4724 1231 4788 nostre
1264 4737 1506 4808 romanorum,
1530 4721 1703 4789 securiter
1729 4721 1853 4790 amodo
1879 4727 1916 4791 et
1939 4741 2077 4810 semper
2099 4727 2140 4793 tu
2155 4724 2313 4810 predicta
2336 4729 2406 4793 teo·

554 4869 653 4940 freda
676 4875 712 4939 et
738 4875 815 4940 tuos
839 4871 962 4940 eredes
987 4870 1074 4940 illut
1099 4869 1286 4942 abendum
1302 4875 1339 4940 et
1355 4871 1556 4942 faciendum
1571 4871 1663 4962 quod
1679 4873 1867 4963 voluerint,
1885 4877 2019 4962 absque
2034 4877 2131 4944 omni
2148 4879 2404 4948 contrarietate

554 5039 634 5092 mea
657 5027 693 5092 et
716 5022 760 5093 de
784 5026 873 5093 meis
897 5024 1081 5111 eredibus,
1107 5029 1144 5094 et
1174 5026 1326 5112 proinde
1342 5028 1520 5114 subscepit
1534 5043 1599 5112 ego
1615 5045 1637 5094 a
1656 5030 1690 5094 te
1704 5025 1864 5112 predicta
1878 5029 2033 5098 teosreda
2048 5032 2219 5099 statutum
2235 5030 2402 5118 pretium,

556 5178 566 5240 i
590 5181 678 5244 sunt
700 5178 783 5245 auri
808 5178 880 5245 tari
902 5179 985 5246 boni
1014 5177 1084 5246 duo
1108 5179 1146 5245 in
1170 5181 1285 5247 omnis
1314 5180 1583 5268 deliberatione,
1606 5181 1699 5249 sicut
1715 5182 1810 5248 inter
1827 5183 1929 5250 nobis
1944 5185 2133 5253 combenit.
2154 5183 2246 5252 unde
2268 5186 2404 5274 guadio

558 5327 625 5396 tibi
650 5328 811 5416 predicta
834 5329 993 5400 teoireda
1027 5330 1125 5401 dedit
1147 5337 1183 5401 et
1205 5333 1436 5402 mediatorem
1461 5335 1526 5404 tibi
1550 5336 1668 5424 posuit
1692 5336 1864 5404 iohannes
1886 5337 2005 5406 caiota
2028 5338 2124 5408 filius
2139 5340 2317 5426 quondam
2333 5339 2406 5408 ral-

559 5481 597 5568 fl,
621 5482 716 5549 sicut
739 5479 911 5568 diximus,
937 5483 1036 5552 iusta
1058 5484 1272 5553 consuetudo
1295 5484 1384 5574 legis
1406 5490 1525 5556 nostre
1548 5506 1787 5576 romanorum,
1811 5495 1847 5559 et
1870 5510 1933 5578 per
1957 5494 2035 5579 ipsa
2053 5493 2189 5581 guadia
2204 5495 2323 5583 obligo
2342 5511 2404 5563 me

554 5639 591 5704 et
615 5653 712 5704 meos
733 5635 830 5705 filius
853 5641 889 5705 et
911 5636 1064 5706 heredes
1087 5637 1212 5708 amodo
1234 5642 1271 5707 et
1297 5657 1434 5727 semper
1457 5640 1677 5710 defensemus
1693 5643 1760 5712 tibi
1779 5644 1902 5731 tuique
1920 5643 2102 5714 eredibuss
2118 5647 2196 5713 tota
2212 5649 2248 5712 et
2273 5643 2405 5714 inclita

554 5791 798 5877 suprascripta
821 5811 900 5862 mea
923 5791 1153 5880 vindictione,
1180 5795 1220 5861 ut
1244 5795 1408 5880 superius
1432 5793 1576 5882 legitur,
1600 5795 1647 5864 da
1671 5795 1786 5863 omnis
1808 5797 1970 5864 homines
1986 5795 2154 5884 omnique
2171 5795 2346 5883 partibus3
2363 5801 2399 5868 et
